{
    "summary": {
        "stock_name": "強生",
        "stock_id": "4747",
        "category": "生技醫療",
        "main_business": "西藥之製造，加工，買賣，批發零售，進出口。<br>營養保健食品之加工買賣。",
        "website_url": "http://www.jcpjohnson.com.tw",
        "ceo": "黃柏熊",
        "pe_ratio": 23,
        "report_year_from": 2009,
        "report_year_to": 2023,
        "age": 14,
        "eps_negative_percentage": 0,
        "eps_growth_avg": {
            "last_all": -2.91,
            "last_2y": 2.68,
            "last_4y": 3.11,
            "last_8y": -2.91,
            "last_12y": null,
            "last_16y": null,
            "last_20y": null,
            "at_2006_last_3y": null,
            "at_2007_last_3y": null,
            "at_2008_last_3y": null,
            "at_2009_last_3y": null,
            "at_2010_last_3y": null,
            "at_2011_last_3y": null,
            "at_2012_last_3y": null,
            "at_2013_last_3y": null,
            "at_2014_last_3y": null,
            "at_2015_last_3y": null,
            "at_2016_last_3y": null,
            "at_2017_last_3y": -10.45,
            "at_2018_last_3y": -8.92,
            "at_2019_last_3y": 0.82,
            "at_2020_last_3y": 0.23,
            "at_2021_last_3y": -4.03,
            "at_2022_last_3y": 5.02,
            "at_2023_last_3y": 5.02,
            "at_2006_last_all": null,
            "at_2007_last_all": null,
            "at_2008_last_all": null,
            "at_2009_last_all": null,
            "at_2010_last_all": null,
            "at_2011_last_all": null,
            "at_2012_last_all": null,
            "at_2013_last_all": null,
            "at_2014_last_all": null,
            "at_2015_last_all": -18.77,
            "at_2016_last_all": -12.2,
            "at_2017_last_all": -10.45,
            "at_2018_last_all": -9.26,
            "at_2019_last_all": -5.71,
            "at_2020_last_all": -5.09,
            "at_2021_last_all": -7.24,
            "at_2022_last_all": -2.91,
            "at_2023_last_all": -2.91
        },
        "latest_eps": 2.48,
        "latest_price": 57,
        "latest_roe": 8.49,
        "latest_gross_margin": 41.04,
        "latest_equity": 897791,
        "latest_revenue": 148748,
        "latest_gross_profit": 61050,
        "latest_net_income": 22373,
        "latest_debt_ratio": 15.37,
        "latest_current_ratio": 263.5,
        "latest_account_receivable_turnover_ratio": 1.26,
        "latest_inventory_turnover_ratio": 0.73,
        "latest_reinvestment_rate": 89.74,
        "latest_research_to_sale_ratio": 2.2
    },
    "eps_dividends": {
        "2001": {
            "cash": 0,
            "stock": 0,
            "eps": 0
        },
        "2002": {
            "cash": 0,
            "stock": 0,
            "eps": 0
        },
        "2003": {
            "cash": 0,
            "stock": 0,
            "eps": 0
        },
        "2004": {
            "cash": 0,
            "stock": 0,
            "eps": 0
        },
        "2005": {
            "cash": 0,
            "stock": 0,
            "eps": 0
        },
        "2006": {
            "cash": 0,
            "stock": 0,
            "eps": 0
        },
        "2007": {
            "cash": 0,
            "stock": 0,
            "eps": 0
        },
        "2008": {
            "cash": 0,
            "stock": 0,
            "eps": 0
        },
        "2009": {
            "cash": 0,
            "stock": 0,
            "eps": 0
        },
        "2010": {
            "cash": 1,
            "stock": 0,
            "eps": 0
        },
        "2011": {
            "cash": 1,
            "stock": 1,
            "eps": 0
        },
        "2012": {
            "cash": 1,
            "stock": 1,
            "eps": 0
        },
        "2013": {
            "cash": 1,
            "stock": 1,
            "eps": 3.2
        },
        "2014": {
            "cash": 1,
            "stock": 1,
            "eps": 2.86
        },
        "2015": {
            "cash": 2,
            "stock": 0,
            "eps": 2.09
        },
        "2016": {
            "cash": 2,
            "stock": 0,
            "eps": 2.11
        },
        "2017": {
            "cash": 2,
            "stock": 0,
            "eps": 2
        },
        "2018": {
            "cash": 2,
            "stock": 0,
            "eps": 1.91
        },
        "2019": {
            "cash": 2,
            "stock": 0,
            "eps": 2.14
        },
        "2020": {
            "cash": 2,
            "stock": 0,
            "eps": 2.11
        },
        "2021": {
            "cash": 2,
            "stock": 0,
            "eps": 1.64
        },
        "2022": {
            "cash": 1,
            "stock": 0,
            "eps": 2.16
        },
        "2023": {
            "cash": 2,
            "stock": 0,
            "eps": 0.75
        }
    },
    "dividends": {
        "2010-04-27": {
            "cash": 0.67,
            "stock": 0.34
        },
        "2011-04-26": {
            "cash": 0.69,
            "stock": 0.67
        },
        "2012-06-15": {
            "cash": 0.95,
            "stock": 1.25
        },
        "2013-05-24": {
            "cash": 1.15,
            "stock": 1.25
        },
        "2014-08-22": {
            "cash": 1,
            "stock": 1.25
        },
        "2015-07-10": {
            "cash": 2.15,
            "stock": 0
        },
        "2016-07-19": {
            "cash": 1.75,
            "stock": 0
        },
        "2017-07-07": {
            "cash": 1.9,
            "stock": 0
        },
        "2018-07-06": {
            "cash": 1.8,
            "stock": 0
        },
        "2019-07-09": {
            "cash": 1.65,
            "stock": 0
        },
        "2020-07-08": {
            "cash": 1.8,
            "stock": 0
        },
        "2021-06-24": {
            "cash": 1.92,
            "stock": 0
        },
        "2022-07-13": {
            "cash": 1.45,
            "stock": 0
        },
        "2023-03-01": {
            "cash": 2,
            "stock": 0
        }
    },
    "prices": {
        "200101": "無",
        "200102": "無",
        "200103": "無",
        "200104": "無",
        "200105": "無",
        "200106": "無",
        "200107": "無",
        "200108": "無",
        "200109": "無",
        "200110": "無",
        "200111": "無",
        "200112": "無",
        "200201": "無",
        "200202": "無",
        "200203": "無",
        "200204": "無",
        "200205": "無",
        "200206": "無",
        "200207": "無",
        "200208": "無",
        "200209": "無",
        "200210": "無",
        "200211": "無",
        "200212": "無",
        "200301": "無",
        "200302": "無",
        "200303": "無",
        "200304": "無",
        "200305": "無",
        "200306": "無",
        "200307": "無",
        "200308": "無",
        "200309": "無",
        "200310": "無",
        "200311": "無",
        "200312": "無",
        "200401": "無",
        "200402": "無",
        "200403": "無",
        "200404": "無",
        "200405": "無",
        "200406": "無",
        "200407": "無",
        "200408": "無",
        "200409": "無",
        "200410": "無",
        "200411": "無",
        "200412": "無",
        "200501": "無",
        "200502": "無",
        "200503": "無",
        "200504": "無",
        "200505": "無",
        "200506": "無",
        "200507": "無",
        "200508": "無",
        "200509": "無",
        "200510": "無",
        "200511": "無",
        "200512": "無",
        "200601": "無",
        "200602": "無",
        "200603": "無",
        "200604": "無",
        "200605": "無",
        "200606": "無",
        "200607": "無",
        "200608": "無",
        "200609": "無",
        "200610": "無",
        "200611": "無",
        "200612": "無",
        "200701": "無",
        "200702": "無",
        "200703": "無",
        "200704": "無",
        "200705": "無",
        "200706": "無",
        "200707": "無",
        "200708": "無",
        "200709": "無",
        "200710": "無",
        "200711": "無",
        "200712": "無",
        "200801": "無",
        "200802": "無",
        "200803": "無",
        "200804": "無",
        "200805": "無",
        "200806": "無",
        "200807": "無",
        "200808": "無",
        "200809": "無",
        "200810": "無",
        "200811": "無",
        "200812": "無",
        "200901": "無",
        "200902": "無",
        "200903": "無",
        "200904": "無",
        "200905": "無",
        "200906": "無",
        "200907": "無",
        "200908": "無",
        "200909": "無",
        "200910": "無",
        "200911": "無",
        "200912": "無",
        "201001": "29.62",
        "201002": "27.41",
        "201003": "29.02",
        "201004": "28.70",
        "201005": "26.88",
        "201006": "26.91",
        "201007": "27.94",
        "201008": "28.57",
        "201009": "28.32",
        "201010": "30.48",
        "201011": "29.59",
        "201012": "30.60",
        "201101": "30.50",
        "201102": "31.00",
        "201103": "31.19",
        "201104": "31.00",
        "201105": "29.93",
        "201106": "28.68",
        "201107": "29.39",
        "201108": "27.62",
        "201109": "27.32",
        "201110": "27.52",
        "201111": "26.31",
        "201112": "25.44",
        "201201": "25.16",
        "201202": "29.75",
        "201203": "33.22",
        "201204": "31.98",
        "201205": "33.10",
        "201206": "33.64",
        "201207": "31.40",
        "201208": "31.53",
        "201209": "39.71",
        "201210": "51.27",
        "201211": "49.28",
        "201212": "48.07",
        "201301": "49.45",
        "201302": "54.79",
        "201303": "54.93",
        "201304": "52.90",
        "201305": "52.02",
        "201306": "53.88",
        "201307": "70.95",
        "201308": "79.10",
        "201309": "84.59",
        "201310": "95.06",
        "201311": "87.47",
        "201312": "101.06",
        "201401": "85.75",
        "201402": "82.70",
        "201403": "82.80",
        "201404": "81.48",
        "201405": "79.59",
        "201406": "83.68",
        "201407": "85.08",
        "201408": "71.15",
        "201409": "68.36",
        "201410": "65.70",
        "201411": "63.09",
        "201412": "64.87",
        "201501": "59.42",
        "201502": "56.50",
        "201503": "54.00",
        "201504": "49.73",
        "201505": "46.69",
        "201506": "42.37",
        "201507": "39.36",
        "201508": "35.63",
        "201509": "37.56",
        "201510": "41.37",
        "201511": "44.25",
        "201512": "44.95",
        "201601": "39.40",
        "201602": "42.19",
        "201603": "43.84",
        "201604": "41.55",
        "201605": "38.85",
        "201606": "39.83",
        "201607": "38.95",
        "201608": "38.84",
        "201609": "38.68",
        "201610": "38.38",
        "201611": "36.88",
        "201612": "36.73",
        "201701": "36.72",
        "201702": "37.44",
        "201703": "37.71",
        "201704": "37.08",
        "201705": "36.78",
        "201706": "36.56",
        "201707": "35.41",
        "201708": "36.15",
        "201709": "37.55",
        "201710": "37.56",
        "201711": "37.41",
        "201712": "38.29",
        "201801": "39.77",
        "201802": "38.46",
        "201803": "40.43",
        "201804": "42.44",
        "201805": "41.18",
        "201806": "40.55",
        "201807": "39.65",
        "201808": "39.74",
        "201809": "39.48",
        "201810": "38.21",
        "201811": "37.90",
        "201812": "38.60",
        "201901": "39.56",
        "201902": "41.25",
        "201903": "42.35",
        "201904": "41.99",
        "201905": "41.20",
        "201906": "39.78",
        "201907": "39.07",
        "201908": "39.01",
        "201909": "39.00",
        "201910": "38.79",
        "201911": "38.85",
        "201912": "38.93",
        "202001": "39.07",
        "202002": "39.30",
        "202003": "40.46",
        "202004": "47.08",
        "202005": "43.27",
        "202006": "42.27",
        "202007": "40.22",
        "202008": "38.81",
        "202009": "37.64",
        "202010": "37.21",
        "202011": "37.19",
        "202012": "37.11",
        "202101": "36.71",
        "202102": "36.81",
        "202103": "37.78",
        "202104": "38.04",
        "202105": "37.43",
        "202106": "36.50",
        "202107": "36.15",
        "202108": "36.04",
        "202109": "35.96",
        "202110": "35.86",
        "202111": "35.54",
        "202112": "35.34",
        "202201": "34.91",
        "202202": "34.66",
        "202203": "34.08",
        "202204": "34.19",
        "202205": "33.41",
        "202206": "32.93",
        "202207": "31.37",
        "202208": "32.34",
        "202209": "32.70",
        "202210": "31.06",
        "202211": "31.56",
        "202212": "43.35",
        "202301": "47.20",
        "202302": "54.42",
        "202303": "55.80",
        "202304": "55.92",
        "202305": "59.42"
    },
    "quarters": {
        "20011": {
            "year_quarter": 20011,
            "year": 2001,
            "quarter": 1,
            "eps": null,
            "eps_growth_year": null,
            "eps_4q": null,
            "eps_4q_growth_year": null,
            "roe": null,
            "gross_profit": null,
            "gross_margin": null,
            "net_income": null,
            "revenue": null,
            "common_shares": null,
            "equity": null,
            "current_ratio": null,
            "debt_ratio": null,
            "inventory_turnover_ratio": null,
            "account_receivable_turnover_ratio": null,
            "reinvestment_rate": null,
            "research_to_sale_ratio": null,
            "price_fair": 0,
            "eps_avg_yearly": 0,
            "eps_latest_yearly": 0,
            "eps_growth_yearly": 0
        },
        "20012": {
            "year_quarter": 20012,
            "year": 2001,
            "quarter": 2,
            "eps": null,
            "eps_growth_year": null,
            "eps_4q": null,
            "eps_4q_growth_year": null,
            "roe": null,
            "gross_profit": null,
            "gross_margin": null,
            "net_income": null,
            "revenue": null,
            "common_shares": null,
            "equity": null,
            "current_ratio": null,
            "debt_ratio": null,
            "inventory_turnover_ratio": null,
            "account_receivable_turnover_ratio": null,
            "reinvestment_rate": null,
            "research_to_sale_ratio": null,
            "price_fair": 0,
            "eps_avg_yearly": 0,
            "eps_latest_yearly": 0,
            "eps_growth_yearly": 0
        },
        "20013": {
            "year_quarter": 20013,
            "year": 2001,
            "quarter": 3,
            "eps": null,
            "eps_growth_year": null,
            "eps_4q": null,
            "eps_4q_growth_year": null,
            "roe": null,
            "gross_profit": null,
            "gross_margin": null,
            "net_income": null,
            "revenue": null,
            "common_shares": null,
            "equity": null,
            "current_ratio": null,
            "debt_ratio": null,
            "inventory_turnover_ratio": null,
            "account_receivable_turnover_ratio": null,
            "reinvestment_rate": null,
            "research_to_sale_ratio": null,
            "price_fair": 0,
            "eps_avg_yearly": 0,
            "eps_latest_yearly": 0,
            "eps_growth_yearly": 0
        },
        "20014": {
            "year_quarter": 20014,
            "year": 2001,
            "quarter": 4,
            "eps": null,
            "eps_growth_year": null,
            "eps_4q": null,
            "eps_4q_growth_year": null,
            "roe": null,
            "gross_profit": null,
            "gross_margin": null,
            "net_income": null,
            "revenue": null,
            "common_shares": null,
            "equity": null,
            "current_ratio": null,
            "debt_ratio": null,
            "inventory_turnover_ratio": null,
            "account_receivable_turnover_ratio": null,
            "reinvestment_rate": null,
            "research_to_sale_ratio": null,
            "price_fair": 0,
            "eps_avg_yearly": 0,
            "eps_latest_yearly": 0,
            "eps_growth_yearly": 0
        },
        "20021": {
            "year_quarter": 20021,
            "year": 2002,
            "quarter": 1,
            "eps": null,
            "eps_growth_year": null,
            "eps_4q": null,
            "eps_4q_growth_year": null,
            "roe": null,
            "gross_profit": null,
            "gross_margin": null,
            "net_income": null,
            "revenue": null,
            "common_shares": null,
            "equity": null,
            "current_ratio": null,
            "debt_ratio": null,
            "inventory_turnover_ratio": null,
            "account_receivable_turnover_ratio": null,
            "reinvestment_rate": null,
            "research_to_sale_ratio": null,
            "price_fair": 0,
            "eps_avg_yearly": 0,
            "eps_latest_yearly": 0,
            "eps_growth_yearly": 0
        },
        "20022": {
            "year_quarter": 20022,
            "year": 2002,
            "quarter": 2,
            "eps": null,
            "eps_growth_year": null,
            "eps_4q": null,
            "eps_4q_growth_year": null,
            "roe": null,
            "gross_profit": null,
            "gross_margin": null,
            "net_income": null,
            "revenue": null,
            "common_shares": null,
            "equity": null,
            "current_ratio": null,
            "debt_ratio": null,
            "inventory_turnover_ratio": null,
            "account_receivable_turnover_ratio": null,
            "reinvestment_rate": null,
            "research_to_sale_ratio": null,
            "price_fair": 0,
            "eps_avg_yearly": 0,
            "eps_latest_yearly": 0,
            "eps_growth_yearly": 0
        },
        "20023": {
            "year_quarter": 20023,
            "year": 2002,
            "quarter": 3,
            "eps": null,
            "eps_growth_year": null,
            "eps_4q": null,
            "eps_4q_growth_year": null,
            "roe": null,
            "gross_profit": null,
            "gross_margin": null,
            "net_income": null,
            "revenue": null,
            "common_shares": null,
            "equity": null,
            "current_ratio": null,
            "debt_ratio": null,
            "inventory_turnover_ratio": null,
            "account_receivable_turnover_ratio": null,
            "reinvestment_rate": null,
            "research_to_sale_ratio": null,
            "price_fair": 0,
            "eps_avg_yearly": 0,
            "eps_latest_yearly": 0,
            "eps_growth_yearly": 0
        },
        "20024": {
            "year_quarter": 20024,
            "year": 2002,
            "quarter": 4,
            "eps": null,
            "eps_growth_year": null,
            "eps_4q": null,
            "eps_4q_growth_year": null,
            "roe": null,
            "gross_profit": null,
            "gross_margin": null,
            "net_income": null,
            "revenue": null,
            "common_shares": null,
            "equity": null,
            "current_ratio": null,
            "debt_ratio": null,
            "inventory_turnover_ratio": null,
            "account_receivable_turnover_ratio": null,
            "reinvestment_rate": null,
            "research_to_sale_ratio": null,
            "price_fair": 0,
            "eps_avg_yearly": 0,
            "eps_latest_yearly": 0,
            "eps_growth_yearly": 0
        },
        "20031": {
            "year_quarter": 20031,
            "year": 2003,
            "quarter": 1,
            "eps": null,
            "eps_growth_year": null,
            "eps_4q": null,
            "eps_4q_growth_year": null,
            "roe": null,
            "gross_profit": null,
            "gross_margin": null,
            "net_income": null,
            "revenue": null,
            "common_shares": null,
            "equity": null,
            "current_ratio": null,
            "debt_ratio": null,
            "inventory_turnover_ratio": null,
            "account_receivable_turnover_ratio": null,
            "reinvestment_rate": null,
            "research_to_sale_ratio": null,
            "price_fair": 0,
            "eps_avg_yearly": 0,
            "eps_latest_yearly": 0,
            "eps_growth_yearly": 0
        },
        "20032": {
            "year_quarter": 20032,
            "year": 2003,
            "quarter": 2,
            "eps": null,
            "eps_growth_year": null,
            "eps_4q": null,
            "eps_4q_growth_year": null,
            "roe": null,
            "gross_profit": null,
            "gross_margin": null,
            "net_income": null,
            "revenue": null,
            "common_shares": null,
            "equity": null,
            "current_ratio": null,
            "debt_ratio": null,
            "inventory_turnover_ratio": null,
            "account_receivable_turnover_ratio": null,
            "reinvestment_rate": null,
            "research_to_sale_ratio": null,
            "price_fair": 0,
            "eps_avg_yearly": 0,
            "eps_latest_yearly": 0,
            "eps_growth_yearly": 0
        },
        "20033": {
            "year_quarter": 20033,
            "year": 2003,
            "quarter": 3,
            "eps": null,
            "eps_growth_year": null,
            "eps_4q": null,
            "eps_4q_growth_year": null,
            "roe": null,
            "gross_profit": null,
            "gross_margin": null,
            "net_income": null,
            "revenue": null,
            "common_shares": null,
            "equity": null,
            "current_ratio": null,
            "debt_ratio": null,
            "inventory_turnover_ratio": null,
            "account_receivable_turnover_ratio": null,
            "reinvestment_rate": null,
            "research_to_sale_ratio": null,
            "price_fair": 0,
            "eps_avg_yearly": 0,
            "eps_latest_yearly": 0,
            "eps_growth_yearly": 0
        },
        "20034": {
            "year_quarter": 20034,
            "year": 2003,
            "quarter": 4,
            "eps": null,
            "eps_growth_year": null,
            "eps_4q": null,
            "eps_4q_growth_year": null,
            "roe": null,
            "gross_profit": null,
            "gross_margin": null,
            "net_income": null,
            "revenue": null,
            "common_shares": null,
            "equity": null,
            "current_ratio": null,
            "debt_ratio": null,
            "inventory_turnover_ratio": null,
            "account_receivable_turnover_ratio": null,
            "reinvestment_rate": null,
            "research_to_sale_ratio": null,
            "price_fair": 0,
            "eps_avg_yearly": 0,
            "eps_latest_yearly": 0,
            "eps_growth_yearly": 0
        },
        "20041": {
            "year_quarter": 20041,
            "year": 2004,
            "quarter": 1,
            "eps": null,
            "eps_growth_year": null,
            "eps_4q": null,
            "eps_4q_growth_year": null,
            "roe": null,
            "gross_profit": null,
            "gross_margin": null,
            "net_income": null,
            "revenue": null,
            "common_shares": null,
            "equity": null,
            "current_ratio": null,
            "debt_ratio": null,
            "inventory_turnover_ratio": null,
            "account_receivable_turnover_ratio": null,
            "reinvestment_rate": null,
            "research_to_sale_ratio": null,
            "price_fair": 0,
            "eps_avg_yearly": 0,
            "eps_latest_yearly": 0,
            "eps_growth_yearly": 0
        },
        "20042": {
            "year_quarter": 20042,
            "year": 2004,
            "quarter": 2,
            "eps": null,
            "eps_growth_year": null,
            "eps_4q": null,
            "eps_4q_growth_year": null,
            "roe": null,
            "gross_profit": null,
            "gross_margin": null,
            "net_income": null,
            "revenue": null,
            "common_shares": null,
            "equity": null,
            "current_ratio": null,
            "debt_ratio": null,
            "inventory_turnover_ratio": null,
            "account_receivable_turnover_ratio": null,
            "reinvestment_rate": null,
            "research_to_sale_ratio": null,
            "price_fair": 0,
            "eps_avg_yearly": 0,
            "eps_latest_yearly": 0,
            "eps_growth_yearly": 0
        },
        "20043": {
            "year_quarter": 20043,
            "year": 2004,
            "quarter": 3,
            "eps": null,
            "eps_growth_year": null,
            "eps_4q": null,
            "eps_4q_growth_year": null,
            "roe": null,
            "gross_profit": null,
            "gross_margin": null,
            "net_income": null,
            "revenue": null,
            "common_shares": null,
            "equity": null,
            "current_ratio": null,
            "debt_ratio": null,
            "inventory_turnover_ratio": null,
            "account_receivable_turnover_ratio": null,
            "reinvestment_rate": null,
            "research_to_sale_ratio": null,
            "price_fair": 0,
            "eps_avg_yearly": 0,
            "eps_latest_yearly": 0,
            "eps_growth_yearly": 0
        },
        "20044": {
            "year_quarter": 20044,
            "year": 2004,
            "quarter": 4,
            "eps": null,
            "eps_growth_year": null,
            "eps_4q": null,
            "eps_4q_growth_year": null,
            "roe": null,
            "gross_profit": null,
            "gross_margin": null,
            "net_income": null,
            "revenue": null,
            "common_shares": 119900,
            "equity": 279839,
            "current_ratio": 357.44,
            "debt_ratio": 20.16,
            "inventory_turnover_ratio": null,
            "account_receivable_turnover_ratio": null,
            "reinvestment_rate": null,
            "research_to_sale_ratio": null,
            "price_fair": 0,
            "eps_avg_yearly": 0,
            "eps_latest_yearly": 0,
            "eps_growth_yearly": 0
        },
        "20051": {
            "year_quarter": 20051,
            "year": 2005,
            "quarter": 1,
            "eps": null,
            "eps_growth_year": null,
            "eps_4q": null,
            "eps_4q_growth_year": null,
            "roe": null,
            "gross_profit": null,
            "gross_margin": null,
            "net_income": null,
            "revenue": null,
            "common_shares": null,
            "equity": null,
            "current_ratio": null,
            "debt_ratio": null,
            "inventory_turnover_ratio": null,
            "account_receivable_turnover_ratio": null,
            "reinvestment_rate": null,
            "research_to_sale_ratio": null,
            "price_fair": 0,
            "eps_avg_yearly": 0,
            "eps_latest_yearly": 0,
            "eps_growth_yearly": 0
        },
        "20052": {
            "year_quarter": 20052,
            "year": 2005,
            "quarter": 2,
            "eps": null,
            "eps_growth_year": null,
            "eps_4q": null,
            "eps_4q_growth_year": null,
            "roe": null,
            "gross_profit": null,
            "gross_margin": null,
            "net_income": null,
            "revenue": null,
            "common_shares": null,
            "equity": null,
            "current_ratio": null,
            "debt_ratio": null,
            "inventory_turnover_ratio": null,
            "account_receivable_turnover_ratio": null,
            "reinvestment_rate": null,
            "research_to_sale_ratio": null,
            "price_fair": 0,
            "eps_avg_yearly": 0,
            "eps_latest_yearly": 0,
            "eps_growth_yearly": 0
        },
        "20053": {
            "year_quarter": 20053,
            "year": 2005,
            "quarter": 3,
            "eps": null,
            "eps_growth_year": null,
            "eps_4q": null,
            "eps_4q_growth_year": null,
            "roe": null,
            "gross_profit": null,
            "gross_margin": null,
            "net_income": null,
            "revenue": null,
            "common_shares": null,
            "equity": null,
            "current_ratio": null,
            "debt_ratio": null,
            "inventory_turnover_ratio": null,
            "account_receivable_turnover_ratio": null,
            "reinvestment_rate": null,
            "research_to_sale_ratio": null,
            "price_fair": 0,
            "eps_avg_yearly": 0,
            "eps_latest_yearly": 0,
            "eps_growth_yearly": 0
        },
        "20054": {
            "year_quarter": 20054,
            "year": 2005,
            "quarter": 4,
            "eps": null,
            "eps_growth_year": null,
            "eps_4q": null,
            "eps_4q_growth_year": null,
            "roe": null,
            "gross_profit": null,
            "gross_margin": null,
            "net_income": null,
            "revenue": null,
            "common_shares": 119900,
            "equity": 280587,
            "current_ratio": 341.13,
            "debt_ratio": 20.93,
            "inventory_turnover_ratio": null,
            "account_receivable_turnover_ratio": null,
            "reinvestment_rate": null,
            "research_to_sale_ratio": null,
            "price_fair": 0,
            "eps_avg_yearly": 0,
            "eps_latest_yearly": 0,
            "eps_growth_yearly": 0
        },
        "20061": {
            "year_quarter": 20061,
            "year": 2006,
            "quarter": 1,
            "eps": null,
            "eps_growth_year": null,
            "eps_4q": null,
            "eps_4q_growth_year": null,
            "roe": null,
            "gross_profit": null,
            "gross_margin": null,
            "net_income": null,
            "revenue": null,
            "common_shares": null,
            "equity": null,
            "current_ratio": null,
            "debt_ratio": null,
            "inventory_turnover_ratio": null,
            "account_receivable_turnover_ratio": null,
            "reinvestment_rate": null,
            "research_to_sale_ratio": null,
            "price_fair": 0,
            "eps_avg_yearly": 0,
            "eps_latest_yearly": 0,
            "eps_growth_yearly": 0
        },
        "20062": {
            "year_quarter": 20062,
            "year": 2006,
            "quarter": 2,
            "eps": null,
            "eps_growth_year": null,
            "eps_4q": null,
            "eps_4q_growth_year": null,
            "roe": null,
            "gross_profit": null,
            "gross_margin": null,
            "net_income": null,
            "revenue": null,
            "common_shares": null,
            "equity": null,
            "current_ratio": null,
            "debt_ratio": null,
            "inventory_turnover_ratio": null,
            "account_receivable_turnover_ratio": null,
            "reinvestment_rate": null,
            "research_to_sale_ratio": null,
            "price_fair": 0,
            "eps_avg_yearly": 0,
            "eps_latest_yearly": 0,
            "eps_growth_yearly": 0
        },
        "20063": {
            "year_quarter": 20063,
            "year": 2006,
            "quarter": 3,
            "eps": null,
            "eps_growth_year": null,
            "eps_4q": null,
            "eps_4q_growth_year": null,
            "roe": null,
            "gross_profit": null,
            "gross_margin": null,
            "net_income": null,
            "revenue": null,
            "common_shares": null,
            "equity": null,
            "current_ratio": null,
            "debt_ratio": null,
            "inventory_turnover_ratio": null,
            "account_receivable_turnover_ratio": null,
            "reinvestment_rate": null,
            "research_to_sale_ratio": null,
            "price_fair": 0,
            "eps_avg_yearly": 0,
            "eps_latest_yearly": 0,
            "eps_growth_yearly": 0
        },
        "20064": {
            "year_quarter": 20064,
            "year": 2006,
            "quarter": 4,
            "eps": null,
            "eps_growth_year": null,
            "eps_4q": null,
            "eps_4q_growth_year": null,
            "roe": null,
            "gross_profit": null,
            "gross_margin": null,
            "net_income": null,
            "revenue": null,
            "common_shares": 119900,
            "equity": 281418,
            "current_ratio": 353.7,
            "debt_ratio": 20.98,
            "inventory_turnover_ratio": null,
            "account_receivable_turnover_ratio": null,
            "reinvestment_rate": null,
            "research_to_sale_ratio": null,
            "price_fair": 0,
            "eps_avg_yearly": 0,
            "eps_latest_yearly": 0,
            "eps_growth_yearly": 0
        },
        "20071": {
            "year_quarter": 20071,
            "year": 2007,
            "quarter": 1,
            "eps": null,
            "eps_growth_year": null,
            "eps_4q": null,
            "eps_4q_growth_year": null,
            "roe": null,
            "gross_profit": null,
            "gross_margin": null,
            "net_income": null,
            "revenue": null,
            "common_shares": null,
            "equity": null,
            "current_ratio": null,
            "debt_ratio": null,
            "inventory_turnover_ratio": null,
            "account_receivable_turnover_ratio": null,
            "reinvestment_rate": null,
            "research_to_sale_ratio": null,
            "price_fair": 0,
            "eps_avg_yearly": 0,
            "eps_latest_yearly": 0,
            "eps_growth_yearly": 0
        },
        "20072": {
            "year_quarter": 20072,
            "year": 2007,
            "quarter": 2,
            "eps": null,
            "eps_growth_year": null,
            "eps_4q": null,
            "eps_4q_growth_year": null,
            "roe": null,
            "gross_profit": null,
            "gross_margin": null,
            "net_income": null,
            "revenue": null,
            "common_shares": null,
            "equity": null,
            "current_ratio": null,
            "debt_ratio": null,
            "inventory_turnover_ratio": null,
            "account_receivable_turnover_ratio": null,
            "reinvestment_rate": null,
            "research_to_sale_ratio": null,
            "price_fair": 0,
            "eps_avg_yearly": 0,
            "eps_latest_yearly": 0,
            "eps_growth_yearly": 0
        },
        "20073": {
            "year_quarter": 20073,
            "year": 2007,
            "quarter": 3,
            "eps": null,
            "eps_growth_year": null,
            "eps_4q": null,
            "eps_4q_growth_year": null,
            "roe": null,
            "gross_profit": null,
            "gross_margin": null,
            "net_income": null,
            "revenue": null,
            "common_shares": null,
            "equity": null,
            "current_ratio": null,
            "debt_ratio": null,
            "inventory_turnover_ratio": null,
            "account_receivable_turnover_ratio": null,
            "reinvestment_rate": null,
            "research_to_sale_ratio": null,
            "price_fair": 0,
            "eps_avg_yearly": 0,
            "eps_latest_yearly": 0,
            "eps_growth_yearly": 0
        },
        "20074": {
            "year_quarter": 20074,
            "year": 2007,
            "quarter": 4,
            "eps": null,
            "eps_growth_year": null,
            "eps_4q": null,
            "eps_4q_growth_year": null,
            "roe": null,
            "gross_profit": null,
            "gross_margin": null,
            "net_income": null,
            "revenue": null,
            "common_shares": 119900,
            "equity": 288367,
            "current_ratio": 393.74,
            "debt_ratio": 19.54,
            "inventory_turnover_ratio": null,
            "account_receivable_turnover_ratio": null,
            "reinvestment_rate": null,
            "research_to_sale_ratio": null,
            "price_fair": 0,
            "eps_avg_yearly": 0,
            "eps_latest_yearly": 0,
            "eps_growth_yearly": 0
        },
        "20081": {
            "year_quarter": 20081,
            "year": 2008,
            "quarter": 1,
            "eps": null,
            "eps_growth_year": null,
            "eps_4q": null,
            "eps_4q_growth_year": null,
            "roe": null,
            "gross_profit": null,
            "gross_margin": null,
            "net_income": null,
            "revenue": null,
            "common_shares": null,
            "equity": null,
            "current_ratio": null,
            "debt_ratio": null,
            "inventory_turnover_ratio": null,
            "account_receivable_turnover_ratio": null,
            "reinvestment_rate": null,
            "research_to_sale_ratio": null,
            "price_fair": 0,
            "eps_avg_yearly": 0,
            "eps_latest_yearly": 0,
            "eps_growth_yearly": 0
        },
        "20082": {
            "year_quarter": 20082,
            "year": 2008,
            "quarter": 2,
            "eps": null,
            "eps_growth_year": null,
            "eps_4q": null,
            "eps_4q_growth_year": null,
            "roe": null,
            "gross_profit": null,
            "gross_margin": null,
            "net_income": null,
            "revenue": null,
            "common_shares": null,
            "equity": null,
            "current_ratio": null,
            "debt_ratio": null,
            "inventory_turnover_ratio": null,
            "account_receivable_turnover_ratio": null,
            "reinvestment_rate": null,
            "research_to_sale_ratio": null,
            "price_fair": 0,
            "eps_avg_yearly": 0,
            "eps_latest_yearly": 0,
            "eps_growth_yearly": 0
        },
        "20083": {
            "year_quarter": 20083,
            "year": 2008,
            "quarter": 3,
            "eps": null,
            "eps_growth_year": null,
            "eps_4q": null,
            "eps_4q_growth_year": null,
            "roe": null,
            "gross_profit": null,
            "gross_margin": null,
            "net_income": null,
            "revenue": null,
            "common_shares": null,
            "equity": null,
            "current_ratio": null,
            "debt_ratio": null,
            "inventory_turnover_ratio": null,
            "account_receivable_turnover_ratio": null,
            "reinvestment_rate": null,
            "research_to_sale_ratio": null,
            "price_fair": 0,
            "eps_avg_yearly": 0,
            "eps_latest_yearly": 0,
            "eps_growth_yearly": 0
        },
        "20084": {
            "year_quarter": 20084,
            "year": 2008,
            "quarter": 4,
            "eps": null,
            "eps_growth_year": null,
            "eps_4q": null,
            "eps_4q_growth_year": null,
            "roe": null,
            "gross_profit": null,
            "gross_margin": null,
            "net_income": null,
            "revenue": null,
            "common_shares": 137000,
            "equity": 302945,
            "current_ratio": 406.67,
            "debt_ratio": 18.99,
            "inventory_turnover_ratio": null,
            "account_receivable_turnover_ratio": null,
            "reinvestment_rate": null,
            "research_to_sale_ratio": null,
            "price_fair": 0,
            "eps_avg_yearly": 0,
            "eps_latest_yearly": 0,
            "eps_growth_yearly": 0
        },
        "20091": {
            "year_quarter": 20091,
            "year": 2009,
            "quarter": 1,
            "eps": null,
            "eps_growth_year": null,
            "eps_4q": null,
            "eps_4q_growth_year": null,
            "roe": null,
            "gross_profit": null,
            "gross_margin": null,
            "net_income": null,
            "revenue": null,
            "common_shares": null,
            "equity": null,
            "current_ratio": null,
            "debt_ratio": null,
            "inventory_turnover_ratio": null,
            "account_receivable_turnover_ratio": null,
            "reinvestment_rate": null,
            "research_to_sale_ratio": null,
            "price_fair": 0,
            "eps_avg_yearly": 0,
            "eps_latest_yearly": 0,
            "eps_growth_yearly": 0
        },
        "20092": {
            "year_quarter": 20092,
            "year": 2009,
            "quarter": 2,
            "eps": null,
            "eps_growth_year": null,
            "eps_4q": null,
            "eps_4q_growth_year": null,
            "roe": null,
            "gross_profit": null,
            "gross_margin": null,
            "net_income": null,
            "revenue": null,
            "common_shares": 145000,
            "equity": 301284,
            "current_ratio": null,
            "debt_ratio": null,
            "inventory_turnover_ratio": null,
            "account_receivable_turnover_ratio": null,
            "reinvestment_rate": null,
            "research_to_sale_ratio": null,
            "price_fair": 0,
            "eps_avg_yearly": 0,
            "eps_latest_yearly": 0,
            "eps_growth_yearly": 0
        },
        "20093": {
            "year_quarter": 20093,
            "year": 2009,
            "quarter": 3,
            "eps": null,
            "eps_growth_year": null,
            "eps_4q": null,
            "eps_4q_growth_year": null,
            "roe": null,
            "gross_profit": null,
            "gross_margin": null,
            "net_income": null,
            "revenue": null,
            "common_shares": null,
            "equity": null,
            "current_ratio": null,
            "debt_ratio": null,
            "inventory_turnover_ratio": null,
            "account_receivable_turnover_ratio": null,
            "reinvestment_rate": null,
            "research_to_sale_ratio": null,
            "price_fair": 0,
            "eps_avg_yearly": 0,
            "eps_latest_yearly": 0,
            "eps_growth_yearly": 0
        },
        "20094": {
            "year_quarter": 20094,
            "year": 2009,
            "quarter": 4,
            "eps": null,
            "eps_growth_year": null,
            "eps_4q": null,
            "eps_4q_growth_year": null,
            "roe": null,
            "gross_profit": null,
            "gross_margin": null,
            "net_income": null,
            "revenue": null,
            "common_shares": 145000,
            "equity": 311473,
            "current_ratio": 519.75,
            "debt_ratio": 15.52,
            "inventory_turnover_ratio": null,
            "account_receivable_turnover_ratio": null,
            "reinvestment_rate": null,
            "research_to_sale_ratio": null,
            "price_fair": 0,
            "eps_avg_yearly": 0,
            "eps_latest_yearly": 0,
            "eps_growth_yearly": 0
        },
        "20101": {
            "year_quarter": 20101,
            "year": 2010,
            "quarter": 1,
            "eps": null,
            "eps_growth_year": null,
            "eps_4q": null,
            "eps_4q_growth_year": null,
            "roe": null,
            "gross_profit": null,
            "gross_margin": null,
            "net_income": null,
            "revenue": null,
            "common_shares": null,
            "equity": null,
            "current_ratio": null,
            "debt_ratio": null,
            "inventory_turnover_ratio": null,
            "account_receivable_turnover_ratio": null,
            "reinvestment_rate": null,
            "research_to_sale_ratio": null,
            "price_fair": 0,
            "eps_avg_yearly": 0,
            "eps_latest_yearly": 0,
            "eps_growth_yearly": 0
        },
        "20102": {
            "year_quarter": 20102,
            "year": 2010,
            "quarter": 2,
            "eps": null,
            "eps_growth_year": null,
            "eps_4q": null,
            "eps_4q_growth_year": null,
            "roe": null,
            "gross_profit": null,
            "gross_margin": null,
            "net_income": null,
            "revenue": null,
            "common_shares": 145000,
            "equity": 312599,
            "current_ratio": 350.56,
            "debt_ratio": 20.83,
            "inventory_turnover_ratio": null,
            "account_receivable_turnover_ratio": null,
            "reinvestment_rate": null,
            "research_to_sale_ratio": null,
            "price_fair": 0,
            "eps_avg_yearly": 0,
            "eps_latest_yearly": 0,
            "eps_growth_yearly": 0
        },
        "20103": {
            "year_quarter": 20103,
            "year": 2010,
            "quarter": 3,
            "eps": null,
            "eps_growth_year": null,
            "eps_4q": null,
            "eps_4q_growth_year": null,
            "roe": null,
            "gross_profit": null,
            "gross_margin": null,
            "net_income": null,
            "revenue": null,
            "common_shares": null,
            "equity": null,
            "current_ratio": null,
            "debt_ratio": null,
            "inventory_turnover_ratio": null,
            "account_receivable_turnover_ratio": null,
            "reinvestment_rate": null,
            "research_to_sale_ratio": null,
            "price_fair": 0,
            "eps_avg_yearly": 0,
            "eps_latest_yearly": 0,
            "eps_growth_yearly": 0
        },
        "20104": {
            "year_quarter": 20104,
            "year": 2010,
            "quarter": 4,
            "eps": null,
            "eps_growth_year": null,
            "eps_4q": null,
            "eps_4q_growth_year": null,
            "roe": null,
            "gross_profit": null,
            "gross_margin": null,
            "net_income": null,
            "revenue": null,
            "common_shares": 150000,
            "equity": 324446,
            "current_ratio": 437.25,
            "debt_ratio": 18.17,
            "inventory_turnover_ratio": null,
            "account_receivable_turnover_ratio": null,
            "reinvestment_rate": null,
            "research_to_sale_ratio": null,
            "price_fair": 0,
            "eps_avg_yearly": 0,
            "eps_latest_yearly": 0,
            "eps_growth_yearly": 0
        },
        "20111": {
            "year_quarter": 20111,
            "year": 2011,
            "quarter": 1,
            "eps": null,
            "eps_growth_year": null,
            "eps_4q": null,
            "eps_4q_growth_year": null,
            "roe": null,
            "gross_profit": null,
            "gross_margin": null,
            "net_income": null,
            "revenue": null,
            "common_shares": null,
            "equity": null,
            "current_ratio": null,
            "debt_ratio": null,
            "inventory_turnover_ratio": null,
            "account_receivable_turnover_ratio": null,
            "reinvestment_rate": null,
            "research_to_sale_ratio": null,
            "price_fair": 0,
            "eps_avg_yearly": 0,
            "eps_latest_yearly": 0,
            "eps_growth_yearly": 0
        },
        "20112": {
            "year_quarter": 20112,
            "year": 2011,
            "quarter": 2,
            "eps": null,
            "eps_growth_year": null,
            "eps_4q": null,
            "eps_4q_growth_year": null,
            "roe": null,
            "gross_profit": null,
            "gross_margin": null,
            "net_income": null,
            "revenue": null,
            "common_shares": 150000,
            "equity": 329015,
            "current_ratio": 329.65,
            "debt_ratio": 22.33,
            "inventory_turnover_ratio": null,
            "account_receivable_turnover_ratio": null,
            "reinvestment_rate": null,
            "research_to_sale_ratio": null,
            "price_fair": 0,
            "eps_avg_yearly": 0,
            "eps_latest_yearly": 0,
            "eps_growth_yearly": 0
        },
        "20113": {
            "year_quarter": 20113,
            "year": 2011,
            "quarter": 3,
            "eps": null,
            "eps_growth_year": null,
            "eps_4q": null,
            "eps_4q_growth_year": null,
            "roe": null,
            "gross_profit": null,
            "gross_margin": null,
            "net_income": null,
            "revenue": null,
            "common_shares": null,
            "equity": null,
            "current_ratio": null,
            "debt_ratio": null,
            "inventory_turnover_ratio": null,
            "account_receivable_turnover_ratio": null,
            "reinvestment_rate": null,
            "research_to_sale_ratio": null,
            "price_fair": 0,
            "eps_avg_yearly": 0,
            "eps_latest_yearly": 0,
            "eps_growth_yearly": 0
        },
        "20114": {
            "year_quarter": 20114,
            "year": 2011,
            "quarter": 4,
            "eps": null,
            "eps_growth_year": null,
            "eps_4q": null,
            "eps_4q_growth_year": null,
            "roe": null,
            "gross_profit": null,
            "gross_margin": null,
            "net_income": null,
            "revenue": null,
            "common_shares": 160000,
            "equity": 353395,
            "current_ratio": 373.74,
            "debt_ratio": 19.99,
            "inventory_turnover_ratio": null,
            "account_receivable_turnover_ratio": null,
            "reinvestment_rate": null,
            "research_to_sale_ratio": null,
            "price_fair": 0,
            "eps_avg_yearly": 0,
            "eps_latest_yearly": 0,
            "eps_growth_yearly": 0
        },
        "20121": {
            "year_quarter": 20121,
            "year": 2012,
            "quarter": 1,
            "eps": null,
            "eps_growth_year": null,
            "eps_4q": null,
            "eps_4q_growth_year": null,
            "roe": null,
            "gross_profit": 36566,
            "gross_margin": null,
            "net_income": 9534,
            "revenue": 70709,
            "common_shares": 160000,
            "equity": 358503,
            "current_ratio": null,
            "debt_ratio": null,
            "inventory_turnover_ratio": null,
            "account_receivable_turnover_ratio": null,
            "reinvestment_rate": null,
            "research_to_sale_ratio": null,
            "price_fair": 0,
            "eps_avg_yearly": 0,
            "eps_latest_yearly": 0,
            "eps_growth_yearly": 0
        },
        "20122": {
            "year_quarter": 20122,
            "year": 2012,
            "quarter": 2,
            "eps": null,
            "eps_growth_year": null,
            "eps_4q": null,
            "eps_4q_growth_year": null,
            "roe": null,
            "gross_profit": 34739,
            "gross_margin": null,
            "net_income": 10677,
            "revenue": 63179,
            "common_shares": 160000,
            "equity": 358406,
            "current_ratio": 285.4,
            "debt_ratio": 24.31,
            "inventory_turnover_ratio": null,
            "account_receivable_turnover_ratio": null,
            "reinvestment_rate": null,
            "research_to_sale_ratio": null,
            "price_fair": 0,
            "eps_avg_yearly": 0,
            "eps_latest_yearly": 0,
            "eps_growth_yearly": 0
        },
        "20123": {
            "year_quarter": 20123,
            "year": 2012,
            "quarter": 3,
            "eps": null,
            "eps_growth_year": null,
            "eps_4q": null,
            "eps_4q_growth_year": null,
            "roe": null,
            "gross_profit": 32968,
            "gross_margin": null,
            "net_income": 16383,
            "revenue": 63511,
            "common_shares": 180000,
            "equity": 372346,
            "current_ratio": null,
            "debt_ratio": null,
            "inventory_turnover_ratio": null,
            "account_receivable_turnover_ratio": null,
            "reinvestment_rate": null,
            "research_to_sale_ratio": null,
            "price_fair": 0,
            "eps_avg_yearly": 0,
            "eps_latest_yearly": 0,
            "eps_growth_yearly": 0
        },
        "20124": {
            "year_quarter": 20124,
            "year": 2012,
            "quarter": 4,
            "eps": null,
            "eps_growth_year": null,
            "eps_4q": null,
            "eps_4q_growth_year": null,
            "roe": null,
            "gross_profit": 34383,
            "gross_margin": null,
            "net_income": 10169,
            "revenue": 68910,
            "common_shares": 180000,
            "equity": 386304,
            "current_ratio": 583.23,
            "debt_ratio": 14.96,
            "inventory_turnover_ratio": null,
            "account_receivable_turnover_ratio": null,
            "reinvestment_rate": null,
            "research_to_sale_ratio": null,
            "price_fair": 0,
            "eps_avg_yearly": 0,
            "eps_latest_yearly": 0,
            "eps_growth_yearly": 0
        },
        "20131": {
            "year_quarter": 20131,
            "year": 2013,
            "quarter": 1,
            "eps": 0.8,
            "eps_growth_year": null,
            "eps_4q": 0.8,
            "eps_4q_growth_year": null,
            "roe": 3.69,
            "gross_profit": 39708,
            "gross_margin": 51.38,
            "net_income": 14366,
            "revenue": 77282,
            "common_shares": 180000,
            "equity": 391448,
            "current_ratio": 376.74,
            "debt_ratio": 20.74,
            "inventory_turnover_ratio": 0.56,
            "account_receivable_turnover_ratio": 1.08,
            "reinvestment_rate": null,
            "research_to_sale_ratio": null,
            "price_fair": 0,
            "eps_avg_yearly": 0,
            "eps_latest_yearly": 0,
            "eps_growth_yearly": 0
        },
        "20132": {
            "year_quarter": 20132,
            "year": 2013,
            "quarter": 2,
            "eps": 0.74,
            "eps_growth_year": null,
            "eps_4q": 1.44,
            "eps_4q_growth_year": null,
            "roe": 3.83,
            "gross_profit": 39495,
            "gross_margin": 53.53,
            "net_income": 14895,
            "revenue": 73782,
            "common_shares": 180000,
            "equity": 385643,
            "current_ratio": 294.05,
            "debt_ratio": 25.31,
            "inventory_turnover_ratio": 0.49,
            "account_receivable_turnover_ratio": 0.97,
            "reinvestment_rate": null,
            "research_to_sale_ratio": null,
            "price_fair": 8.88,
            "eps_avg_yearly": 2.96,
            "eps_latest_yearly": 2.96,
            "eps_growth_yearly": -30
        },
        "20133": {
            "year_quarter": 20133,
            "year": 2013,
            "quarter": 3,
            "eps": 0.6,
            "eps_growth_year": null,
            "eps_4q": 2.04,
            "eps_4q_growth_year": null,
            "roe": 3.1,
            "gross_profit": 39751,
            "gross_margin": 54.4,
            "net_income": 12127,
            "revenue": 73075,
            "common_shares": 202500,
            "equity": 397770,
            "current_ratio": 332.28,
            "debt_ratio": 22.5,
            "inventory_turnover_ratio": 0.4,
            "account_receivable_turnover_ratio": 1.02,
            "reinvestment_rate": null,
            "research_to_sale_ratio": 1.42,
            "price_fair": 8.04,
            "eps_avg_yearly": 2.68,
            "eps_latest_yearly": 2.4,
            "eps_growth_yearly": -52.84
        },
        "20134": {
            "year_quarter": 20134,
            "year": 2013,
            "quarter": 4,
            "eps": 1.06,
            "eps_growth_year": null,
            "eps_4q": 2.87,
            "eps_4q_growth_year": null,
            "roe": 4.97,
            "gross_profit": 49301,
            "gross_margin": 55.16,
            "net_income": 24399,
            "revenue": 89382,
            "common_shares": 229500,
            "equity": 583535,
            "current_ratio": 625.19,
            "debt_ratio": 14.64,
            "inventory_turnover_ratio": 0.45,
            "account_receivable_turnover_ratio": 1.25,
            "reinvestment_rate": null,
            "research_to_sale_ratio": 2.26,
            "price_fair": 112,
            "eps_avg_yearly": 3.2,
            "eps_latest_yearly": 4.24,
            "eps_growth_yearly": 67
        },
        "20141": {
            "year_quarter": 20141,
            "year": 2014,
            "quarter": 1,
            "eps": 0.78,
            "eps_growth_year": -2.5,
            "eps_4q": 3.02,
            "eps_4q_growth_year": 278.46,
            "roe": 3.02,
            "gross_profit": 50257,
            "gross_margin": 54.88,
            "net_income": 17900,
            "revenue": 91583,
            "common_shares": 229500,
            "equity": 601435,
            "current_ratio": 638.33,
            "debt_ratio": 14.35,
            "inventory_turnover_ratio": 0.49,
            "account_receivable_turnover_ratio": 1.22,
            "reinvestment_rate": null,
            "research_to_sale_ratio": 1.62,
            "price_fair": 107.59,
            "eps_avg_yearly": 3.18,
            "eps_latest_yearly": 3.12,
            "eps_growth_yearly": 23.83
        },
        "20142": {
            "year_quarter": 20142,
            "year": 2014,
            "quarter": 2,
            "eps": 0.74,
            "eps_growth_year": 0,
            "eps_4q": 2.85,
            "eps_4q_growth_year": 97.51,
            "roe": 3.21,
            "gross_profit": 50353,
            "gross_margin": 56.64,
            "net_income": 19259,
            "revenue": 88894,
            "common_shares": 229500,
            "equity": 597744,
            "current_ratio": 439.81,
            "debt_ratio": 19.29,
            "inventory_turnover_ratio": 0.44,
            "account_receivable_turnover_ratio": 1.17,
            "reinvestment_rate": null,
            "research_to_sale_ratio": 9.62,
            "price_fair": 78.29,
            "eps_avg_yearly": 3.14,
            "eps_latest_yearly": 2.96,
            "eps_growth_yearly": 14.96
        },
        "20143": {
            "year_quarter": 20143,
            "year": 2014,
            "quarter": 3,
            "eps": 0.85,
            "eps_growth_year": 41.67,
            "eps_4q": 3.23,
            "eps_4q_growth_year": 58.04,
            "roe": 3.59,
            "gross_profit": 51432,
            "gross_margin": 55.25,
            "net_income": 21838,
            "revenue": 93092,
            "common_shares": 258188,
            "equity": 619582,
            "current_ratio": 508.37,
            "debt_ratio": 17.05,
            "inventory_turnover_ratio": 0.41,
            "account_receivable_turnover_ratio": 1.18,
            "reinvestment_rate": null,
            "research_to_sale_ratio": 2.78,
            "price_fair": 102.97,
            "eps_avg_yearly": 3.18,
            "eps_latest_yearly": 3.4,
            "eps_growth_yearly": 22.38
        },
        "20144": {
            "year_quarter": 20144,
            "year": 2014,
            "quarter": 4,
            "eps": 0.49,
            "eps_growth_year": -54.25,
            "eps_4q": 2.77,
            "eps_4q_growth_year": -3.32,
            "roe": 2,
            "gross_profit": 40277,
            "gross_margin": 45.52,
            "net_income": 12559,
            "revenue": 88480,
            "common_shares": 258188,
            "equity": 635007,
            "current_ratio": 544.28,
            "debt_ratio": 15.56,
            "inventory_turnover_ratio": 0.45,
            "account_receivable_turnover_ratio": 1.16,
            "reinvestment_rate": null,
            "research_to_sale_ratio": 2.61,
            "price_fair": 9.02,
            "eps_avg_yearly": 3.01,
            "eps_latest_yearly": 1.96,
            "eps_growth_yearly": -5.02
        },
        "20151": {
            "year_quarter": 20151,
            "year": 2015,
            "quarter": 1,
            "eps": 0.49,
            "eps_growth_year": -37.18,
            "eps_4q": 2.25,
            "eps_4q_growth_year": -25.54,
            "roe": 1.88,
            "gross_profit": 44969,
            "gross_margin": 47.74,
            "net_income": 13859,
            "revenue": 94194,
            "common_shares": 300188,
            "equity": 842066,
            "current_ratio": 720.08,
            "debt_ratio": 12.74,
            "inventory_turnover_ratio": 0.45,
            "account_receivable_turnover_ratio": 1.24,
            "reinvestment_rate": null,
            "research_to_sale_ratio": 2.41,
            "price_fair": 8.63,
            "eps_avg_yearly": 2.88,
            "eps_latest_yearly": 1.96,
            "eps_growth_yearly": -4.39
        },
        "20152": {
            "year_quarter": 20152,
            "year": 2015,
            "quarter": 2,
            "eps": 0.46,
            "eps_growth_year": -37.84,
            "eps_4q": 2.07,
            "eps_4q_growth_year": -27.44,
            "roe": 1.7,
            "gross_profit": 44082,
            "gross_margin": 46.71,
            "net_income": 13903,
            "revenue": 94368,
            "common_shares": 300188,
            "equity": 791429,
            "current_ratio": 494.9,
            "debt_ratio": 17.44,
            "inventory_turnover_ratio": 0.47,
            "account_receivable_turnover_ratio": 1.2,
            "reinvestment_rate": null,
            "research_to_sale_ratio": 6.61,
            "price_fair": 8.28,
            "eps_avg_yearly": 2.76,
            "eps_latest_yearly": 1.84,
            "eps_growth_yearly": -6.62
        },
        "20153": {
            "year_quarter": 20153,
            "year": 2015,
            "quarter": 3,
            "eps": 0.48,
            "eps_growth_year": -43.53,
            "eps_4q": 1.82,
            "eps_4q_growth_year": -43.52,
            "roe": 1.81,
            "gross_profit": 44200,
            "gross_margin": 49.86,
            "net_income": 14443,
            "revenue": 88643,
            "common_shares": 300188,
            "equity": 805872,
            "current_ratio": 790.57,
            "debt_ratio": 11.66,
            "inventory_turnover_ratio": 0.42,
            "account_receivable_turnover_ratio": 1.13,
            "reinvestment_rate": null,
            "research_to_sale_ratio": 3.9,
            "price_fair": 8.03,
            "eps_avg_yearly": 2.68,
            "eps_latest_yearly": 1.92,
            "eps_growth_yearly": -4.22
        },
        "20154": {
            "year_quarter": 20154,
            "year": 2015,
            "quarter": 4,
            "eps": 0.66,
            "eps_growth_year": 36.47,
            "eps_4q": 2.07,
            "eps_4q_growth_year": -25.32,
            "roe": 2.45,
            "gross_profit": 50933,
            "gross_margin": 49.46,
            "net_income": 19928,
            "revenue": 102971,
            "common_shares": 300188,
            "equity": 821599,
            "current_ratio": 829.08,
            "debt_ratio": 10.46,
            "inventory_turnover_ratio": 0.49,
            "account_receivable_turnover_ratio": 1.3,
            "reinvestment_rate": 16.01,
            "research_to_sale_ratio": 3.64,
            "price_fair": 52.91,
            "eps_avg_yearly": 2.67,
            "eps_latest_yearly": 2.64,
            "eps_growth_yearly": 9.8
        },
        "20161": {
            "year_quarter": 20161,
            "year": 2016,
            "quarter": 1,
            "eps": 0.64,
            "eps_growth_year": 30.61,
            "eps_4q": 2.25,
            "eps_4q_growth_year": -0.07,
            "roe": 2.31,
            "gross_profit": 49335,
            "gross_margin": 47.46,
            "net_income": 19192,
            "revenue": 103944,
            "common_shares": 300188,
            "equity": 840791,
            "current_ratio": 670.2,
            "debt_ratio": 10.25,
            "inventory_turnover_ratio": 0.55,
            "account_receivable_turnover_ratio": 1.24,
            "reinvestment_rate": 80.33,
            "research_to_sale_ratio": 3.15,
            "price_fair": 47.86,
            "eps_avg_yearly": 2.66,
            "eps_latest_yearly": 2.56,
            "eps_growth_yearly": 7.97
        },
        "20162": {
            "year_quarter": 20162,
            "year": 2016,
            "quarter": 2,
            "eps": 0.54,
            "eps_growth_year": 17.39,
            "eps_4q": 2.32,
            "eps_4q_growth_year": 12.17,
            "roe": 1.96,
            "gross_profit": 45015,
            "gross_margin": 45.08,
            "net_income": 16161,
            "revenue": 99864,
            "common_shares": 300188,
            "equity": 804419,
            "current_ratio": 372.98,
            "debt_ratio": 17.18,
            "inventory_turnover_ratio": 0.55,
            "account_receivable_turnover_ratio": 1.17,
            "reinvestment_rate": 79.61,
            "research_to_sale_ratio": 2.35,
            "price_fair": 32.94,
            "eps_avg_yearly": 2.62,
            "eps_latest_yearly": 2.16,
            "eps_growth_yearly": 2.55
        },
        "20163": {
            "year_quarter": 20163,
            "year": 2016,
            "quarter": 3,
            "eps": 0.39,
            "eps_growth_year": -18.75,
            "eps_4q": 2.23,
            "eps_4q_growth_year": 22.39,
            "roe": 1.45,
            "gross_profit": 39261,
            "gross_margin": 46.1,
            "net_income": 11744,
            "revenue": 85165,
            "common_shares": 300188,
            "equity": 816163,
            "current_ratio": 577.58,
            "debt_ratio": 11.28,
            "inventory_turnover_ratio": 0.42,
            "account_receivable_turnover_ratio": 1.07,
            "reinvestment_rate": 79.83,
            "research_to_sale_ratio": 2.37,
            "price_fair": 7.65,
            "eps_avg_yearly": 2.55,
            "eps_latest_yearly": 1.56,
            "eps_growth_yearly": -5.57
        },
        "20164": {
            "year_quarter": 20164,
            "year": 2016,
            "quarter": 4,
            "eps": 0.54,
            "eps_growth_year": -17.96,
            "eps_4q": 2.11,
            "eps_4q_growth_year": 2.11,
            "roe": 1.98,
            "gross_profit": 45815,
            "gross_margin": 44.29,
            "net_income": 16349,
            "revenue": 103443,
            "common_shares": 300188,
            "equity": 832415,
            "current_ratio": 504.45,
            "debt_ratio": 12.88,
            "inventory_turnover_ratio": 0.48,
            "account_receivable_turnover_ratio": 1.22,
            "reinvestment_rate": 77.37,
            "research_to_sale_ratio": 2.02,
            "price_fair": 37.99,
            "eps_avg_yearly": 2.52,
            "eps_latest_yearly": 2.16,
            "eps_growth_yearly": 5.06
        },
        "20171": {
            "year_quarter": 20171,
            "year": 2017,
            "quarter": 1,
            "eps": 0.52,
            "eps_growth_year": -18.75,
            "eps_4q": 2,
            "eps_4q_growth_year": -11.21,
            "roe": 1.86,
            "gross_profit": 41303,
            "gross_margin": 43.94,
            "net_income": 15649,
            "revenue": 93990,
            "common_shares": 300188,
            "equity": 848064,
            "current_ratio": 662.29,
            "debt_ratio": 10.03,
            "inventory_turnover_ratio": 0.42,
            "account_receivable_turnover_ratio": 1.12,
            "reinvestment_rate": 70.84,
            "research_to_sale_ratio": 2.07,
            "price_fair": 34.47,
            "eps_avg_yearly": 2.5,
            "eps_latest_yearly": 2.08,
            "eps_growth_yearly": 3.82
        },
        "20172": {
            "year_quarter": 20172,
            "year": 2017,
            "quarter": 2,
            "eps": 0.48,
            "eps_growth_year": -11.11,
            "eps_4q": 1.94,
            "eps_4q_growth_year": -16.57,
            "roe": 1.74,
            "gross_profit": 42520,
            "gross_margin": 43.15,
            "net_income": 14427,
            "revenue": 98531,
            "common_shares": 300188,
            "equity": 805456,
            "current_ratio": 346.23,
            "debt_ratio": 18.39,
            "inventory_turnover_ratio": 0.42,
            "account_receivable_turnover_ratio": 1.27,
            "reinvestment_rate": 70.03,
            "research_to_sale_ratio": 2.16,
            "price_fair": 33.46,
            "eps_avg_yearly": 2.43,
            "eps_latest_yearly": 1.92,
            "eps_growth_yearly": 3.77
        },
        "20173": {
            "year_quarter": 20173,
            "year": 2017,
            "quarter": 3,
            "eps": 0.51,
            "eps_growth_year": 30.77,
            "eps_4q": 2.05,
            "eps_4q_growth_year": -8.1,
            "roe": 1.87,
            "gross_profit": 41899,
            "gross_margin": 42.03,
            "net_income": 15174,
            "revenue": 99696,
            "common_shares": 300188,
            "equity": 820630,
            "current_ratio": 567.41,
            "debt_ratio": 11.21,
            "inventory_turnover_ratio": 0.41,
            "account_receivable_turnover_ratio": 1.23,
            "reinvestment_rate": 66.62,
            "research_to_sale_ratio": 1.12,
            "price_fair": 48.3,
            "eps_avg_yearly": 2.41,
            "eps_latest_yearly": 2.04,
            "eps_growth_yearly": 10.06
        },
        "20174": {
            "year_quarter": 20174,
            "year": 2017,
            "quarter": 4,
            "eps": 0.49,
            "eps_growth_year": -9.69,
            "eps_4q": 2,
            "eps_4q_growth_year": -5.41,
            "roe": 1.78,
            "gross_profit": 43452,
            "gross_margin": 42.44,
            "net_income": 14764,
            "revenue": 102389,
            "common_shares": 300188,
            "equity": 835434,
            "current_ratio": 617.51,
            "debt_ratio": 10.27,
            "inventory_turnover_ratio": 0.43,
            "account_receivable_turnover_ratio": 1.19,
            "reinvestment_rate": 70.4,
            "research_to_sale_ratio": 1.72,
            "price_fair": 6.8,
            "eps_avg_yearly": 2.27,
            "eps_latest_yearly": 1.96,
            "eps_growth_yearly": -10.09
        },
        "20181": {
            "year_quarter": 20181,
            "year": 2018,
            "quarter": 1,
            "eps": 0.44,
            "eps_growth_year": -15.38,
            "eps_4q": 1.92,
            "eps_4q_growth_year": -3.73,
            "roe": 1.57,
            "gross_profit": 40918,
            "gross_margin": 40.26,
            "net_income": 13302,
            "revenue": 101627,
            "common_shares": 300188,
            "equity": 863982,
            "current_ratio": 844.44,
            "debt_ratio": 7.54,
            "inventory_turnover_ratio": 0.51,
            "account_receivable_turnover_ratio": 1.19,
            "reinvestment_rate": 61.79,
            "research_to_sale_ratio": 2.04,
            "price_fair": 6.54,
            "eps_avg_yearly": 2.18,
            "eps_latest_yearly": 1.76,
            "eps_growth_yearly": -6.03
        },
        "20182": {
            "year_quarter": 20182,
            "year": 2018,
            "quarter": 2,
            "eps": 0.48,
            "eps_growth_year": 0,
            "eps_4q": 1.92,
            "eps_4q_growth_year": -1.14,
            "roe": 1.7,
            "gross_profit": 42986,
            "gross_margin": 41.59,
            "net_income": 14267,
            "revenue": 103356,
            "common_shares": 300188,
            "equity": 819298,
            "current_ratio": 367.94,
            "debt_ratio": 16.56,
            "inventory_turnover_ratio": 0.54,
            "account_receivable_turnover_ratio": 1.17,
            "reinvestment_rate": 62.06,
            "research_to_sale_ratio": 2.27,
            "price_fair": 6.35,
            "eps_avg_yearly": 2.12,
            "eps_latest_yearly": 1.92,
            "eps_growth_yearly": -2.48
        },
        "20183": {
            "year_quarter": 20183,
            "year": 2018,
            "quarter": 3,
            "eps": 0.39,
            "eps_growth_year": -23.53,
            "eps_4q": 1.8,
            "eps_4q_growth_year": -12.23,
            "roe": 1.43,
            "gross_profit": 40963,
            "gross_margin": 42.09,
            "net_income": 11731,
            "revenue": 97328,
            "common_shares": 300188,
            "equity": 822247,
            "current_ratio": 486.72,
            "debt_ratio": 12.51,
            "inventory_turnover_ratio": 0.46,
            "account_receivable_turnover_ratio": 1.05,
            "reinvestment_rate": 63.41,
            "research_to_sale_ratio": 2.16,
            "price_fair": 6,
            "eps_avg_yearly": 2,
            "eps_latest_yearly": 1.56,
            "eps_growth_yearly": -10.88
        },
        "20184": {
            "year_quarter": 20184,
            "year": 2018,
            "quarter": 4,
            "eps": 0.6,
            "eps_growth_year": 21.82,
            "eps_4q": 1.91,
            "eps_4q_growth_year": -4.55,
            "roe": 2.17,
            "gross_profit": 51977,
            "gross_margin": 47.42,
            "net_income": 17985,
            "revenue": 109602,
            "common_shares": 300188,
            "equity": 836526,
            "current_ratio": 566.18,
            "debt_ratio": 10.71,
            "inventory_turnover_ratio": 0.43,
            "account_receivable_turnover_ratio": 1.22,
            "reinvestment_rate": 62.17,
            "research_to_sale_ratio": 2.55,
            "price_fair": 46.97,
            "eps_avg_yearly": 2.03,
            "eps_latest_yearly": 2.4,
            "eps_growth_yearly": 13.17
        },
        "20191": {
            "year_quarter": 20191,
            "year": 2019,
            "quarter": 1,
            "eps": 0.49,
            "eps_growth_year": 11.36,
            "eps_4q": 1.96,
            "eps_4q_growth_year": 1.92,
            "roe": 1.75,
            "gross_profit": 45572,
            "gross_margin": 44.9,
            "net_income": 14794,
            "revenue": 101494,
            "common_shares": 300188,
            "equity": 853258,
            "current_ratio": 537.37,
            "debt_ratio": 11.18,
            "inventory_turnover_ratio": 0.41,
            "account_receivable_turnover_ratio": 1.15,
            "reinvestment_rate": 56.12,
            "research_to_sale_ratio": 2.22,
            "price_fair": 37.68,
            "eps_avg_yearly": 2.03,
            "eps_latest_yearly": 1.96,
            "eps_growth_yearly": 8.58
        },
        "20192": {
            "year_quarter": 20192,
            "year": 2019,
            "quarter": 2,
            "eps": 0.48,
            "eps_growth_year": 0,
            "eps_4q": 1.97,
            "eps_4q_growth_year": 2.63,
            "roe": 1.74,
            "gross_profit": 45770,
            "gross_margin": 45.21,
            "net_income": 14509,
            "revenue": 101245,
            "common_shares": 300188,
            "equity": 816604,
            "current_ratio": 381.87,
            "debt_ratio": 15.32,
            "inventory_turnover_ratio": 0.42,
            "account_receivable_turnover_ratio": 1.14,
            "reinvestment_rate": 59.68,
            "research_to_sale_ratio": 2.73,
            "price_fair": 39.85,
            "eps_avg_yearly": 2.03,
            "eps_latest_yearly": 1.92,
            "eps_growth_yearly": 9.6
        },
        "20193": {
            "year_quarter": 20193,
            "year": 2019,
            "quarter": 3,
            "eps": 0.45,
            "eps_growth_year": 15.38,
            "eps_4q": 2.03,
            "eps_4q_growth_year": 12.67,
            "roe": 1.66,
            "gross_profit": 43390,
            "gross_margin": 44.09,
            "net_income": 13626,
            "revenue": 98403,
            "common_shares": 300188,
            "equity": 828999,
            "current_ratio": 556.61,
            "debt_ratio": 10.23,
            "inventory_turnover_ratio": 0.42,
            "account_receivable_turnover_ratio": 1.07,
            "reinvestment_rate": 59.61,
            "research_to_sale_ratio": 2.37,
            "price_fair": 34.33,
            "eps_avg_yearly": 2.03,
            "eps_latest_yearly": 1.8,
            "eps_growth_yearly": 6.95
        },
        "20194": {
            "year_quarter": 20194,
            "year": 2019,
            "quarter": 4,
            "eps": 0.72,
            "eps_growth_year": 19.78,
            "eps_4q": 2.15,
            "eps_4q_growth_year": 12.54,
            "roe": 2.57,
            "gross_profit": 56715,
            "gross_margin": 45.67,
            "net_income": 21542,
            "revenue": 124197,
            "common_shares": 300188,
            "equity": 847966,
            "current_ratio": 534.66,
            "debt_ratio": 10.91,
            "inventory_turnover_ratio": 0.5,
            "account_receivable_turnover_ratio": 1.3,
            "reinvestment_rate": 59.47,
            "research_to_sale_ratio": 2.01,
            "price_fair": 46.06,
            "eps_avg_yearly": 2.04,
            "eps_latest_yearly": 2.88,
            "eps_growth_yearly": 12.58
        },
        "20201": {
            "year_quarter": 20201,
            "year": 2020,
            "quarter": 1,
            "eps": 0.61,
            "eps_growth_year": 24.49,
            "eps_4q": 2.27,
            "eps_4q_growth_year": 15.72,
            "roe": 2.14,
            "gross_profit": 51035,
            "gross_margin": 43.33,
            "net_income": 18339,
            "revenue": 117786,
            "common_shares": 300188,
            "equity": 865333,
            "current_ratio": 538.87,
            "debt_ratio": 10.73,
            "inventory_turnover_ratio": 0.54,
            "account_receivable_turnover_ratio": 1.15,
            "reinvestment_rate": -9.2,
            "research_to_sale_ratio": 2.49,
            "price_fair": 39.67,
            "eps_avg_yearly": 2.03,
            "eps_latest_yearly": 2.44,
            "eps_growth_yearly": 9.52
        },
        "20202": {
            "year_quarter": 20202,
            "year": 2020,
            "quarter": 2,
            "eps": 0.59,
            "eps_growth_year": 22.92,
            "eps_4q": 2.37,
            "eps_4q_growth_year": 20.7,
            "roe": 2.08,
            "gross_profit": 46089,
            "gross_margin": 47.29,
            "net_income": 17728,
            "revenue": 97459,
            "common_shares": 300188,
            "equity": 836869,
            "current_ratio": 317.49,
            "debt_ratio": 18.33,
            "inventory_turnover_ratio": 0.4,
            "account_receivable_turnover_ratio": 1.02,
            "reinvestment_rate": -7.93,
            "research_to_sale_ratio": 3.45,
            "price_fair": 46.23,
            "eps_avg_yearly": 2.05,
            "eps_latest_yearly": 2.36,
            "eps_growth_yearly": 12.6
        },
        "20203": {
            "year_quarter": 20203,
            "year": 2020,
            "quarter": 3,
            "eps": 0.47,
            "eps_growth_year": 4.44,
            "eps_4q": 2.39,
            "eps_4q_growth_year": 17.9,
            "roe": 1.69,
            "gross_profit": 47901,
            "gross_margin": 45.47,
            "net_income": 14206,
            "revenue": 105342,
            "common_shares": 300188,
            "equity": 842700,
            "current_ratio": 218.83,
            "debt_ratio": 22.61,
            "inventory_turnover_ratio": 0.41,
            "account_receivable_turnover_ratio": 1.26,
            "reinvestment_rate": 50.63,
            "research_to_sale_ratio": 4,
            "price_fair": 50.52,
            "eps_avg_yearly": 2.07,
            "eps_latest_yearly": 1.88,
            "eps_growth_yearly": 14.46
        },
        "20204": {
            "year_quarter": 20204,
            "year": 2020,
            "quarter": 4,
            "eps": 0.44,
            "eps_growth_year": -38.32,
            "eps_4q": 2.12,
            "eps_4q_growth_year": -1.41,
            "roe": 1.56,
            "gross_profit": 47159,
            "gross_margin": 45.6,
            "net_income": 13288,
            "revenue": 103428,
            "common_shares": 300188,
            "equity": 858199,
            "current_ratio": 226.78,
            "debt_ratio": 21.88,
            "inventory_turnover_ratio": 0.38,
            "account_receivable_turnover_ratio": 1.23,
            "reinvestment_rate": -16.3,
            "research_to_sale_ratio": 2.49,
            "price_fair": 27.04,
            "eps_avg_yearly": 2.04,
            "eps_latest_yearly": 1.76,
            "eps_growth_yearly": 3.25
        },
        "20211": {
            "year_quarter": 20211,
            "year": 2021,
            "quarter": 1,
            "eps": 0.35,
            "eps_growth_year": -42.62,
            "eps_4q": 1.85,
            "eps_4q_growth_year": -18.15,
            "roe": 1.21,
            "gross_profit": 42541,
            "gross_margin": 40.21,
            "net_income": 10449,
            "revenue": 105785,
            "common_shares": 300188,
            "equity": 872082,
            "current_ratio": 261.58,
            "debt_ratio": 17.55,
            "inventory_turnover_ratio": 0.41,
            "account_receivable_turnover_ratio": 1.19,
            "reinvestment_rate": -9.37,
            "research_to_sale_ratio": 2.33,
            "price_fair": 5.99,
            "eps_avg_yearly": 2,
            "eps_latest_yearly": 1.4,
            "eps_growth_yearly": -0.93
        },
        "20212": {
            "year_quarter": 20212,
            "year": 2021,
            "quarter": 2,
            "eps": 0.43,
            "eps_growth_year": -27.12,
            "eps_4q": 1.69,
            "eps_4q_growth_year": -28.67,
            "roe": 1.51,
            "gross_profit": 42712,
            "gross_margin": 43.21,
            "net_income": 12867,
            "revenue": 98855,
            "common_shares": 300188,
            "equity": 829180,
            "current_ratio": 246.47,
            "debt_ratio": 16.78,
            "inventory_turnover_ratio": 0.38,
            "account_receivable_turnover_ratio": 1.1,
            "reinvestment_rate": -5.96,
            "research_to_sale_ratio": 2.68,
            "price_fair": 33.16,
            "eps_avg_yearly": 1.99,
            "eps_latest_yearly": 1.72,
            "eps_growth_yearly": 6.7
        },
        "20213": {
            "year_quarter": 20213,
            "year": 2021,
            "quarter": 3,
            "eps": 0.44,
            "eps_growth_year": -6.38,
            "eps_4q": 1.66,
            "eps_4q_growth_year": -30.54,
            "roe": 1.59,
            "gross_profit": 43228,
            "gross_margin": 43.08,
            "net_income": 13277,
            "revenue": 100351,
            "common_shares": 300188,
            "equity": 843102,
            "current_ratio": 239.9,
            "debt_ratio": 17.59,
            "inventory_turnover_ratio": 0.38,
            "account_receivable_turnover_ratio": 1.16,
            "reinvestment_rate": -2.99,
            "research_to_sale_ratio": 2.54,
            "price_fair": 30.93,
            "eps_avg_yearly": 1.97,
            "eps_latest_yearly": 1.76,
            "eps_growth_yearly": 5.72
        },
        "20214": {
            "year_quarter": 20214,
            "year": 2021,
            "quarter": 4,
            "eps": 0.42,
            "eps_growth_year": -5.88,
            "eps_4q": 1.64,
            "eps_4q_growth_year": -22.75,
            "roe": 1.48,
            "gross_profit": 43443,
            "gross_margin": 40.79,
            "net_income": 12506,
            "revenue": 106500,
            "common_shares": 300188,
            "equity": 848235,
            "current_ratio": 249.56,
            "debt_ratio": 17.42,
            "inventory_turnover_ratio": 0.42,
            "account_receivable_turnover_ratio": 1.22,
            "reinvestment_rate": -6.58,
            "research_to_sale_ratio": 1.18,
            "price_fair": 30.35,
            "eps_avg_yearly": 1.95,
            "eps_latest_yearly": 1.68,
            "eps_growth_yearly": 5.57
        },
        "20221": {
            "year_quarter": 20221,
            "year": 2022,
            "quarter": 1,
            "eps": 0.42,
            "eps_growth_year": 20,
            "eps_4q": 1.71,
            "eps_4q_growth_year": -7.74,
            "roe": 1.49,
            "gross_profit": 44582,
            "gross_margin": 40.38,
            "net_income": 12710,
            "revenue": 110402,
            "common_shares": 300188,
            "equity": 857164,
            "current_ratio": 293.35,
            "debt_ratio": 14.32,
            "inventory_turnover_ratio": 0.47,
            "account_receivable_turnover_ratio": 1.21,
            "reinvestment_rate": 5.92,
            "research_to_sale_ratio": 2.74,
            "price_fair": 35.24,
            "eps_avg_yearly": 1.95,
            "eps_latest_yearly": 1.68,
            "eps_growth_yearly": 8.12
        },
        "20222": {
            "year_quarter": 20222,
            "year": 2022,
            "quarter": 2,
            "eps": 0.48,
            "eps_growth_year": 11.63,
            "eps_4q": 1.76,
            "eps_4q_growth_year": 4.01,
            "roe": 1.7,
            "gross_profit": 45021,
            "gross_margin": 38.63,
            "net_income": 14352,
            "revenue": 116557,
            "common_shares": 300188,
            "equity": 832464,
            "current_ratio": 211.77,
            "debt_ratio": 19.63,
            "inventory_turnover_ratio": 0.53,
            "account_receivable_turnover_ratio": 1.22,
            "reinvestment_rate": 14.94,
            "research_to_sale_ratio": 1.81,
            "price_fair": 37.76,
            "eps_avg_yearly": 1.95,
            "eps_latest_yearly": 1.92,
            "eps_growth_yearly": 9.42
        },
        "20223": {
            "year_quarter": 20223,
            "year": 2022,
            "quarter": 3,
            "eps": 0.64,
            "eps_growth_year": 45.45,
            "eps_4q": 1.96,
            "eps_4q_growth_year": 17.89,
            "roe": 2.29,
            "gross_profit": 55502,
            "gross_margin": 43.85,
            "net_income": 19238,
            "revenue": 126576,
            "common_shares": 300188,
            "equity": 851211,
            "current_ratio": 240.58,
            "debt_ratio": 15.95,
            "inventory_turnover_ratio": 0.52,
            "account_receivable_turnover_ratio": 1.28,
            "reinvestment_rate": 92.53,
            "research_to_sale_ratio": 3.3,
            "price_fair": 65.12,
            "eps_avg_yearly": 2.01,
            "eps_latest_yearly": 2.56,
            "eps_growth_yearly": 22.44
        },
        "20224": {
            "year_quarter": 20224,
            "year": 2022,
            "quarter": 4,
            "eps": 0.62,
            "eps_growth_year": 48.34,
            "eps_4q": 2.16,
            "eps_4q_growth_year": 32.08,
            "roe": 2.15,
            "gross_profit": 59272,
            "gross_margin": 42,
            "net_income": 18551,
            "revenue": 141136,
            "common_shares": 300188,
            "equity": 871656,
            "current_ratio": 247.38,
            "debt_ratio": 16.12,
            "inventory_turnover_ratio": 0.62,
            "account_receivable_turnover_ratio": 1.32,
            "reinvestment_rate": 91.07,
            "research_to_sale_ratio": 2.8,
            "price_fair": 36.61,
            "eps_avg_yearly": 2.01,
            "eps_latest_yearly": 2.48,
            "eps_growth_yearly": 8.19
        },
        "20231": {
            "year_quarter": 20231,
            "year": 2023,
            "quarter": 1,
            "eps": 0.75,
            "eps_growth_year": 78.57,
            "eps_4q": 2.48,
            "eps_4q_growth_year": 45.08,
            "roe": 2.53,
            "gross_profit": 61050,
            "gross_margin": 41.04,
            "net_income": 22373,
            "revenue": 148748,
            "common_shares": 300188,
            "equity": 897791,
            "current_ratio": 263.5,
            "debt_ratio": 15.37,
            "inventory_turnover_ratio": 0.73,
            "account_receivable_turnover_ratio": 1.26,
            "reinvestment_rate": 89.74,
            "research_to_sale_ratio": 2.2,
            "price_fair": 58.21,
            "eps_avg_yearly": 2.08,
            "eps_latest_yearly": 3,
            "eps_growth_yearly": 18.02
        }
    },
    "months": {
        "2010-01": {
            "month": "2010-01",
            "price": "29.62",
            "revenue": 16067
        },
        "2010-02": {
            "month": "2010-02",
            "price": "27.41",
            "revenue": 13763
        },
        "2010-03": {
            "month": "2010-03",
            "price": "29.02",
            "revenue": 17775
        },
        "2010-04": {
            "month": "2010-04",
            "price": "28.70",
            "revenue": 18211
        },
        "2010-05": {
            "month": "2010-05",
            "price": "26.88",
            "revenue": 15566
        },
        "2010-06": {
            "month": "2010-06",
            "price": "26.91",
            "revenue": 16156
        },
        "2010-07": {
            "month": "2010-07",
            "price": "27.94",
            "revenue": 15417
        },
        "2010-08": {
            "month": "2010-08",
            "price": "28.57",
            "revenue": 16465
        },
        "2010-09": {
            "month": "2010-09",
            "price": "28.32",
            "revenue": 15847
        },
        "2010-10": {
            "month": "2010-10",
            "price": "30.48",
            "revenue": 16696
        },
        "2010-11": {
            "month": "2010-11",
            "price": "29.59",
            "revenue": 17739
        },
        "2010-12": {
            "month": "2010-12",
            "price": "30.60",
            "revenue": 19213
        },
        "2011-01": {
            "month": "2011-01",
            "price": "30.50",
            "revenue": 26330
        },
        "2011-02": {
            "month": "2011-02",
            "price": "31.00",
            "revenue": 16441
        },
        "2011-03": {
            "month": "2011-03",
            "price": "31.19",
            "revenue": 21484
        },
        "2011-04": {
            "month": "2011-04",
            "price": "31.00",
            "revenue": 21365
        },
        "2011-05": {
            "month": "2011-05",
            "price": "29.93",
            "revenue": 19092
        },
        "2011-06": {
            "month": "2011-06",
            "price": "28.68",
            "revenue": 19788
        },
        "2011-07": {
            "month": "2011-07",
            "price": "29.39",
            "revenue": 18661
        },
        "2011-08": {
            "month": "2011-08",
            "price": "27.62",
            "revenue": 17795
        },
        "2011-09": {
            "month": "2011-09",
            "price": "27.32",
            "revenue": 21758
        },
        "2011-10": {
            "month": "2011-10",
            "price": "27.52",
            "revenue": 26408
        },
        "2011-11": {
            "month": "2011-11",
            "price": "26.31",
            "revenue": 17755
        },
        "2011-12": {
            "month": "2011-12",
            "price": "25.44",
            "revenue": 18424
        },
        "2012-01": {
            "month": "2012-01",
            "price": "25.16",
            "revenue": 24018
        },
        "2012-02": {
            "month": "2012-02",
            "price": "29.75",
            "revenue": 21767
        },
        "2012-03": {
            "month": "2012-03",
            "price": "33.22",
            "revenue": 25623
        },
        "2012-04": {
            "month": "2012-04",
            "price": "31.98",
            "revenue": 21359
        },
        "2012-05": {
            "month": "2012-05",
            "price": "33.10",
            "revenue": 22056
        },
        "2012-06": {
            "month": "2012-06",
            "price": "33.64",
            "revenue": 19764
        },
        "2012-07": {
            "month": "2012-07",
            "price": "31.40",
            "revenue": 20545
        },
        "2012-08": {
            "month": "2012-08",
            "price": "31.53",
            "revenue": 22017
        },
        "2012-09": {
            "month": "2012-09",
            "price": "39.71",
            "revenue": 20948
        },
        "2012-10": {
            "month": "2012-10",
            "price": "51.27",
            "revenue": 22399
        },
        "2012-11": {
            "month": "2012-11",
            "price": "49.28",
            "revenue": 22624
        },
        "2012-12": {
            "month": "2012-12",
            "price": "48.07",
            "revenue": 23888
        },
        "2013-01": {
            "month": "2013-01",
            "price": "49.45",
            "revenue": 34160
        },
        "2013-02": {
            "month": "2013-02",
            "price": "54.79",
            "revenue": 20032
        },
        "2013-03": {
            "month": "2013-03",
            "price": "54.93",
            "revenue": 24389
        },
        "2013-04": {
            "month": "2013-04",
            "price": "52.90",
            "revenue": 23584
        },
        "2013-05": {
            "month": "2013-05",
            "price": "52.02",
            "revenue": 26198
        },
        "2013-06": {
            "month": "2013-06",
            "price": "53.88",
            "revenue": 22699
        },
        "2013-07": {
            "month": "2013-07",
            "price": "70.95",
            "revenue": 24167
        },
        "2013-08": {
            "month": "2013-08",
            "price": "79.10",
            "revenue": 24546
        },
        "2013-09": {
            "month": "2013-09",
            "price": "84.59",
            "revenue": 24362
        },
        "2013-10": {
            "month": "2013-10",
            "price": "95.06",
            "revenue": 26694
        },
        "2013-11": {
            "month": "2013-11",
            "price": "87.47",
            "revenue": 30252
        },
        "2013-12": {
            "month": "2013-12",
            "price": "101.06",
            "revenue": 32435
        },
        "2014-01": {
            "month": "2014-01",
            "price": "85.75",
            "revenue": 37795
        },
        "2014-02": {
            "month": "2014-02",
            "price": "82.70",
            "revenue": 25269
        },
        "2014-03": {
            "month": "2014-03",
            "price": "82.80",
            "revenue": 28519
        },
        "2014-04": {
            "month": "2014-04",
            "price": "81.48",
            "revenue": 30802
        },
        "2014-05": {
            "month": "2014-05",
            "price": "79.59",
            "revenue": 30088
        },
        "2014-06": {
            "month": "2014-06",
            "price": "83.68",
            "revenue": 28004
        },
        "2014-07": {
            "month": "2014-07",
            "price": "85.08",
            "revenue": 31165
        },
        "2014-08": {
            "month": "2014-08",
            "price": "71.15",
            "revenue": 29404
        },
        "2014-09": {
            "month": "2014-09",
            "price": "68.36",
            "revenue": 32523
        },
        "2014-10": {
            "month": "2014-10",
            "price": "65.70",
            "revenue": 30725
        },
        "2014-11": {
            "month": "2014-11",
            "price": "63.09",
            "revenue": 27359
        },
        "2014-12": {
            "month": "2014-12",
            "price": "64.87",
            "revenue": 30396
        },
        "2015-01": {
            "month": "2015-01",
            "price": "59.42",
            "revenue": 33089
        },
        "2015-02": {
            "month": "2015-02",
            "price": "56.50",
            "revenue": 31775
        },
        "2015-03": {
            "month": "2015-03",
            "price": "54.00",
            "revenue": 29330
        },
        "2015-04": {
            "month": "2015-04",
            "price": "49.73",
            "revenue": 35585
        },
        "2015-05": {
            "month": "2015-05",
            "price": "46.69",
            "revenue": 29017
        },
        "2015-06": {
            "month": "2015-06",
            "price": "42.37",
            "revenue": 29766
        },
        "2015-07": {
            "month": "2015-07",
            "price": "39.36",
            "revenue": 35407
        },
        "2015-08": {
            "month": "2015-08",
            "price": "35.63",
            "revenue": 24826
        },
        "2015-09": {
            "month": "2015-09",
            "price": "37.56",
            "revenue": 28410
        },
        "2015-10": {
            "month": "2015-10",
            "price": "41.37",
            "revenue": 31224
        },
        "2015-11": {
            "month": "2015-11",
            "price": "44.25",
            "revenue": 35537
        },
        "2015-12": {
            "month": "2015-12",
            "price": "44.95",
            "revenue": 36210
        },
        "2016-01": {
            "month": "2016-01",
            "price": "39.40",
            "revenue": 45084
        },
        "2016-02": {
            "month": "2016-02",
            "price": "42.19",
            "revenue": 21866
        },
        "2016-03": {
            "month": "2016-03",
            "price": "43.84",
            "revenue": 36994
        },
        "2016-04": {
            "month": "2016-04",
            "price": "41.55",
            "revenue": 32551
        },
        "2016-05": {
            "month": "2016-05",
            "price": "38.85",
            "revenue": 35427
        },
        "2016-06": {
            "month": "2016-06",
            "price": "39.83",
            "revenue": 31886
        },
        "2016-07": {
            "month": "2016-07",
            "price": "38.95",
            "revenue": 28196
        },
        "2016-08": {
            "month": "2016-08",
            "price": "38.84",
            "revenue": 30336
        },
        "2016-09": {
            "month": "2016-09",
            "price": "38.68",
            "revenue": 26633
        },
        "2016-10": {
            "month": "2016-10",
            "price": "38.38",
            "revenue": 31770
        },
        "2016-11": {
            "month": "2016-11",
            "price": "36.88",
            "revenue": 36146
        },
        "2016-12": {
            "month": "2016-12",
            "price": "36.73",
            "revenue": 35527
        },
        "2017-01": {
            "month": "2017-01",
            "price": "36.72",
            "revenue": 36719
        },
        "2017-02": {
            "month": "2017-02",
            "price": "37.44",
            "revenue": 24528
        },
        "2017-03": {
            "month": "2017-03",
            "price": "37.71",
            "revenue": 32743
        },
        "2017-04": {
            "month": "2017-04",
            "price": "37.08",
            "revenue": 32047
        },
        "2017-05": {
            "month": "2017-05",
            "price": "36.78",
            "revenue": 32799
        },
        "2017-06": {
            "month": "2017-06",
            "price": "36.56",
            "revenue": 33685
        },
        "2017-07": {
            "month": "2017-07",
            "price": "35.41",
            "revenue": 33775
        },
        "2017-08": {
            "month": "2017-08",
            "price": "36.15",
            "revenue": 33662
        },
        "2017-09": {
            "month": "2017-09",
            "price": "37.55",
            "revenue": 32259
        },
        "2017-10": {
            "month": "2017-10",
            "price": "37.56",
            "revenue": 32455
        },
        "2017-11": {
            "month": "2017-11",
            "price": "37.41",
            "revenue": 35250
        },
        "2017-12": {
            "month": "2017-12",
            "price": "38.29",
            "revenue": 34684
        },
        "2018-01": {
            "month": "2018-01",
            "price": "39.77",
            "revenue": 39599
        },
        "2018-02": {
            "month": "2018-02",
            "price": "38.46",
            "revenue": 27399
        },
        "2018-03": {
            "month": "2018-03",
            "price": "40.43",
            "revenue": 34629
        },
        "2018-04": {
            "month": "2018-04",
            "price": "42.44",
            "revenue": 31415
        },
        "2018-05": {
            "month": "2018-05",
            "price": "41.18",
            "revenue": 34059
        },
        "2018-06": {
            "month": "2018-06",
            "price": "40.55",
            "revenue": 37882
        },
        "2018-07": {
            "month": "2018-07",
            "price": "39.65",
            "revenue": 32267
        },
        "2018-08": {
            "month": "2018-08",
            "price": "39.74",
            "revenue": 34325
        },
        "2018-09": {
            "month": "2018-09",
            "price": "39.48",
            "revenue": 30736
        },
        "2018-10": {
            "month": "2018-10",
            "price": "38.21",
            "revenue": 44227
        },
        "2018-11": {
            "month": "2018-11",
            "price": "37.90",
            "revenue": 33354
        },
        "2018-12": {
            "month": "2018-12",
            "price": "38.60",
            "revenue": 32021
        },
        "2019-01": {
            "month": "2019-01",
            "price": "39.56",
            "revenue": 46106
        },
        "2019-02": {
            "month": "2019-02",
            "price": "41.25",
            "revenue": 22064
        },
        "2019-03": {
            "month": "2019-03",
            "price": "42.35",
            "revenue": 33324
        },
        "2019-04": {
            "month": "2019-04",
            "price": "41.99",
            "revenue": 34613
        },
        "2019-05": {
            "month": "2019-05",
            "price": "41.20",
            "revenue": 34822
        },
        "2019-06": {
            "month": "2019-06",
            "price": "39.78",
            "revenue": 31810
        },
        "2019-07": {
            "month": "2019-07",
            "price": "39.07",
            "revenue": 33781
        },
        "2019-08": {
            "month": "2019-08",
            "price": "39.01",
            "revenue": 34135
        },
        "2019-09": {
            "month": "2019-09",
            "price": "39.00",
            "revenue": 30487
        },
        "2019-10": {
            "month": "2019-10",
            "price": "38.79",
            "revenue": 40548
        },
        "2019-11": {
            "month": "2019-11",
            "price": "38.85",
            "revenue": 35996
        },
        "2019-12": {
            "month": "2019-12",
            "price": "38.93",
            "revenue": 47653
        },
        "2020-01": {
            "month": "2020-01",
            "price": "39.07",
            "revenue": 35169
        },
        "2020-02": {
            "month": "2020-02",
            "price": "39.30",
            "revenue": 39050
        },
        "2020-03": {
            "month": "2020-03",
            "price": "40.46",
            "revenue": 43567
        },
        "2020-04": {
            "month": "2020-04",
            "price": "47.08",
            "revenue": 37632
        },
        "2020-05": {
            "month": "2020-05",
            "price": "43.27",
            "revenue": 28434
        },
        "2020-06": {
            "month": "2020-06",
            "price": "42.27",
            "revenue": 31393
        },
        "2020-07": {
            "month": "2020-07",
            "price": "40.22",
            "revenue": 40890
        },
        "2020-08": {
            "month": "2020-08",
            "price": "38.81",
            "revenue": 32726
        },
        "2020-09": {
            "month": "2020-09",
            "price": "37.64",
            "revenue": 31726
        },
        "2020-10": {
            "month": "2020-10",
            "price": "37.21",
            "revenue": 33420
        },
        "2020-11": {
            "month": "2020-11",
            "price": "37.19",
            "revenue": 31162
        },
        "2020-12": {
            "month": "2020-12",
            "price": "37.11",
            "revenue": 38846
        },
        "2021-01": {
            "month": "2021-01",
            "price": "36.71",
            "revenue": 40002
        },
        "2021-02": {
            "month": "2021-02",
            "price": "36.81",
            "revenue": 31978
        },
        "2021-03": {
            "month": "2021-03",
            "price": "37.78",
            "revenue": 33805
        },
        "2021-04": {
            "month": "2021-04",
            "price": "38.04",
            "revenue": 32295
        },
        "2021-05": {
            "month": "2021-05",
            "price": "37.43",
            "revenue": 34620
        },
        "2021-06": {
            "month": "2021-06",
            "price": "36.50",
            "revenue": 31940
        },
        "2021-07": {
            "month": "2021-07",
            "price": "36.15",
            "revenue": 32158
        },
        "2021-08": {
            "month": "2021-08",
            "price": "36.04",
            "revenue": 33016
        },
        "2021-09": {
            "month": "2021-09",
            "price": "35.96",
            "revenue": 35177
        },
        "2021-10": {
            "month": "2021-10",
            "price": "35.86",
            "revenue": 34485
        },
        "2021-11": {
            "month": "2021-11",
            "price": "35.54",
            "revenue": 34902
        },
        "2021-12": {
            "month": "2021-12",
            "price": "35.34",
            "revenue": 37113
        },
        "2022-01": {
            "month": "2022-01",
            "price": "34.91",
            "revenue": 39706
        },
        "2022-02": {
            "month": "2022-02",
            "price": "34.66",
            "revenue": 34567
        },
        "2022-03": {
            "month": "2022-03",
            "price": "34.08",
            "revenue": 36129
        },
        "2022-04": {
            "month": "2022-04",
            "price": "34.19",
            "revenue": 36819
        },
        "2022-05": {
            "month": "2022-05",
            "price": "33.41",
            "revenue": 37791
        },
        "2022-06": {
            "month": "2022-06",
            "price": "32.93",
            "revenue": 41947
        },
        "2022-07": {
            "month": "2022-07",
            "price": "31.37",
            "revenue": 43840
        },
        "2022-08": {
            "month": "2022-08",
            "price": "32.34",
            "revenue": 39666
        },
        "2022-09": {
            "month": "2022-09",
            "price": "32.70",
            "revenue": 43070
        },
        "2022-10": {
            "month": "2022-10",
            "price": "31.06",
            "revenue": 44463
        },
        "2022-11": {
            "month": "2022-11",
            "price": "31.56",
            "revenue": 44150
        },
        "2022-12": {
            "month": "2022-12",
            "price": "43.35",
            "revenue": 52523
        },
        "2023-01": {
            "month": "2023-01",
            "price": "47.20",
            "revenue": 49350
        },
        "2023-02": {
            "month": "2023-02",
            "price": "54.42",
            "revenue": 38014
        },
        "2023-03": {
            "month": "2023-03",
            "price": "55.80",
            "revenue": 61384
        },
        "2023-04": {
            "month": "2023-04",
            "price": "55.92",
            "revenue": 41567
        }
    }
}
