{
    "summary": {
        "stock_name": "國碳科",
        "stock_id": "4754",
        "category": "化工",
        "main_business": "其他化學材料製造業,工業助劑製造業,<br>其他化學製品製造業,耐火材料製造業<br>消防安全設備安裝工程業,塗料,油漆,染料及顏料製造業,",
        "website_url": "http://www.incatech.com.tw/",
        "ceo": "黃俊傑",
        "pe_ratio": 22,
        "report_year_from": 2011,
        "report_year_to": 2023,
        "age": 12,
        "eps_negative_percentage": 0,
        "eps_growth_avg": {
            "last_all": 10.28,
            "last_2y": -13.86,
            "last_4y": -3.28,
            "last_8y": null,
            "last_12y": null,
            "last_16y": null,
            "last_20y": null,
            "at_2006_last_3y": null,
            "at_2007_last_3y": null,
            "at_2008_last_3y": null,
            "at_2009_last_3y": null,
            "at_2010_last_3y": null,
            "at_2011_last_3y": null,
            "at_2012_last_3y": null,
            "at_2013_last_3y": null,
            "at_2014_last_3y": null,
            "at_2015_last_3y": null,
            "at_2016_last_3y": null,
            "at_2017_last_3y": null,
            "at_2018_last_3y": null,
            "at_2019_last_3y": 28.38,
            "at_2020_last_3y": -3.07,
            "at_2021_last_3y": -0.83,
            "at_2022_last_3y": -14.52,
            "at_2023_last_3y": -14.52,
            "at_2006_last_all": null,
            "at_2007_last_all": null,
            "at_2008_last_all": null,
            "at_2009_last_all": null,
            "at_2010_last_all": null,
            "at_2011_last_all": null,
            "at_2012_last_all": null,
            "at_2013_last_all": null,
            "at_2014_last_all": null,
            "at_2015_last_all": null,
            "at_2016_last_all": null,
            "at_2017_last_all": 44.16,
            "at_2018_last_all": 43.34,
            "at_2019_last_all": 28.38,
            "at_2020_last_all": 17.54,
            "at_2021_last_all": 14.17,
            "at_2022_last_all": 10.28,
            "at_2023_last_all": 10.28
        },
        "latest_eps": 2.1,
        "latest_price": 45.5,
        "latest_roe": 13.3,
        "latest_gross_margin": 35.29,
        "latest_equity": 452351,
        "latest_revenue": 150053,
        "latest_gross_profit": 52950,
        "latest_net_income": 16196,
        "latest_debt_ratio": 38.77,
        "latest_current_ratio": 327.55,
        "latest_account_receivable_turnover_ratio": 1.93,
        "latest_inventory_turnover_ratio": 1.24,
        "latest_reinvestment_rate": -0.17,
        "latest_research_to_sale_ratio": 5.31
    },
    "eps_dividends": {
        "2001": {
            "cash": 0,
            "stock": 0,
            "eps": 0
        },
        "2002": {
            "cash": 0,
            "stock": 0,
            "eps": 0
        },
        "2003": {
            "cash": 0,
            "stock": 0,
            "eps": 0
        },
        "2004": {
            "cash": 0,
            "stock": 0,
            "eps": 0
        },
        "2005": {
            "cash": 0,
            "stock": 0,
            "eps": 0
        },
        "2006": {
            "cash": 0,
            "stock": 0,
            "eps": 0
        },
        "2007": {
            "cash": 0,
            "stock": 0,
            "eps": 0
        },
        "2008": {
            "cash": 0,
            "stock": 0,
            "eps": 0
        },
        "2009": {
            "cash": 0,
            "stock": 0,
            "eps": 0
        },
        "2010": {
            "cash": 0,
            "stock": 0,
            "eps": 0
        },
        "2011": {
            "cash": 0,
            "stock": 0,
            "eps": 0
        },
        "2012": {
            "cash": 0,
            "stock": 0,
            "eps": 0
        },
        "2013": {
            "cash": 0.49,
            "stock": 0,
            "eps": 0
        },
        "2014": {
            "cash": 0.04,
            "stock": 0.36,
            "eps": 0
        },
        "2015": {
            "cash": 1.3,
            "stock": 0,
            "eps": 0.27
        },
        "2016": {
            "cash": 2,
            "stock": 0,
            "eps": 3.34
        },
        "2017": {
            "cash": 2.6,
            "stock": 0,
            "eps": 2.95
        },
        "2018": {
            "cash": 2.6,
            "stock": 0,
            "eps": 4.18
        },
        "2019": {
            "cash": 1.5,
            "stock": 2,
            "eps": 3.49
        },
        "2020": {
            "cash": 1.5,
            "stock": 1.5,
            "eps": 2.59
        },
        "2021": {
            "cash": 0.5,
            "stock": 1.6,
            "eps": 2.52
        },
        "2022": {
            "cash": 1,
            "stock": 1,
            "eps": 2.19
        },
        "2023": {
            "cash": 0.8,
            "stock": 1,
            "eps": 0.59
        }
    },
    "dividends": {
        "2013-05-30": {
            "cash": 0.49,
            "stock": 0
        },
        "2014-09-30": {
            "cash": 0.04,
            "stock": 0.36
        },
        "2015-08-18": {
            "cash": 1.3,
            "stock": 0
        },
        "2016-08-17": {
            "cash": 2,
            "stock": 0
        },
        "2017-08-10": {
            "cash": 2.6,
            "stock": 0
        },
        "2018-08-10": {
            "cash": 2.6,
            "stock": 0
        },
        "2019-09-05": {
            "cash": 1.5,
            "stock": 2
        },
        "2020-09-02": {
            "cash": 1.5,
            "stock": 1.5
        },
        "2021-09-07": {
            "cash": 0.5,
            "stock": 1.6
        },
        "2022-09-23": {
            "cash": 1,
            "stock": 1
        },
        "2023-03-07": {
            "cash": 0.8,
            "stock": 1
        }
    },
    "prices": {
        "200101": "無",
        "200102": "無",
        "200103": "無",
        "200104": "無",
        "200105": "無",
        "200106": "無",
        "200107": "無",
        "200108": "無",
        "200109": "無",
        "200110": "無",
        "200111": "無",
        "200112": "無",
        "200201": "無",
        "200202": "無",
        "200203": "無",
        "200204": "無",
        "200205": "無",
        "200206": "無",
        "200207": "無",
        "200208": "無",
        "200209": "無",
        "200210": "無",
        "200211": "無",
        "200212": "無",
        "200301": "無",
        "200302": "無",
        "200303": "無",
        "200304": "無",
        "200305": "無",
        "200306": "無",
        "200307": "無",
        "200308": "無",
        "200309": "無",
        "200310": "無",
        "200311": "無",
        "200312": "無",
        "200401": "無",
        "200402": "無",
        "200403": "無",
        "200404": "無",
        "200405": "無",
        "200406": "無",
        "200407": "無",
        "200408": "無",
        "200409": "無",
        "200410": "無",
        "200411": "無",
        "200412": "無",
        "200501": "無",
        "200502": "無",
        "200503": "無",
        "200504": "無",
        "200505": "無",
        "200506": "無",
        "200507": "無",
        "200508": "無",
        "200509": "無",
        "200510": "無",
        "200511": "無",
        "200512": "無",
        "200601": "無",
        "200602": "無",
        "200603": "無",
        "200604": "無",
        "200605": "無",
        "200606": "無",
        "200607": "無",
        "200608": "無",
        "200609": "無",
        "200610": "無",
        "200611": "無",
        "200612": "無",
        "200701": "無",
        "200702": "無",
        "200703": "無",
        "200704": "無",
        "200705": "無",
        "200706": "無",
        "200707": "無",
        "200708": "無",
        "200709": "無",
        "200710": "無",
        "200711": "無",
        "200712": "無",
        "200801": "無",
        "200802": "無",
        "200803": "無",
        "200804": "無",
        "200805": "無",
        "200806": "無",
        "200807": "無",
        "200808": "無",
        "200809": "無",
        "200810": "無",
        "200811": "無",
        "200812": "無",
        "200901": "無",
        "200902": "無",
        "200903": "無",
        "200904": "無",
        "200905": "無",
        "200906": "無",
        "200907": "無",
        "200908": "無",
        "200909": "無",
        "200910": "無",
        "200911": "無",
        "200912": "無",
        "201001": "無",
        "201002": "無",
        "201003": "無",
        "201004": "無",
        "201005": "無",
        "201006": "無",
        "201007": "無",
        "201008": "無",
        "201009": "無",
        "201010": "無",
        "201011": "無",
        "201012": "無",
        "201101": "無",
        "201102": "無",
        "201103": "無",
        "201104": "無",
        "201105": "無",
        "201106": "無",
        "201107": "無",
        "201108": "無",
        "201109": "無",
        "201110": "無",
        "201111": "無",
        "201112": "無",
        "201201": "無",
        "201202": "無",
        "201203": "無",
        "201204": "無",
        "201205": "無",
        "201206": "無",
        "201207": "無",
        "201208": "無",
        "201209": "無",
        "201210": "無",
        "201211": "15.25",
        "201212": "17.55",
        "201301": "18.06",
        "201302": "18.20",
        "201303": "20.84",
        "201304": "21.22",
        "201305": "20.52",
        "201306": "20.49",
        "201307": "20.82",
        "201308": "23.75",
        "201309": "27.05",
        "201310": "29.11",
        "201311": "27.14",
        "201312": "26.31",
        "201401": "25.47",
        "201402": "25.16",
        "201403": "26.39",
        "201404": "31.90",
        "201405": "31.34",
        "201406": "31.90",
        "201407": "32.77",
        "201408": "28.22",
        "201409": "26.67",
        "201410": "24.75",
        "201411": "24.44",
        "201412": "28.07",
        "201501": "28.18",
        "201502": "27.48",
        "201503": "26.92",
        "201504": "27.99",
        "201505": "29.32",
        "201506": "28.64",
        "201507": "27.43",
        "201508": "24.28",
        "201509": "22.69",
        "201510": "23.77",
        "201511": "23.53",
        "201512": "24.14",
        "201601": "26.59",
        "201602": "29.33",
        "201603": "30.08",
        "201604": "33.41",
        "201605": "34.02",
        "201606": "35.90",
        "201607": "37.61",
        "201608": "39.66",
        "201609": "54.99",
        "201610": "60.24",
        "201611": "53.58",
        "201612": "54.09",
        "201701": "50.96",
        "201702": "51.27",
        "201703": "51.26",
        "201704": "50.26",
        "201705": "48.78",
        "201706": "46.15",
        "201707": "43.54",
        "201708": "41.06",
        "201709": "43.35",
        "201710": "41.75",
        "201711": "41.02",
        "201712": "39.91",
        "201801": "40.41",
        "201802": "39.97",
        "201803": "40.44",
        "201804": "42.20",
        "201805": "42.59",
        "201806": "43.12",
        "201807": "42.72",
        "201808": "46.10",
        "201809": "47.96",
        "201810": "47.87",
        "201811": "48.66",
        "201812": "49.15",
        "201901": "49.47",
        "201902": "52.12",
        "201903": "53.90",
        "201904": "55.89",
        "201905": "55.67",
        "201906": "60.31",
        "201907": "61.97",
        "201908": "56.31",
        "201909": "55.59",
        "201910": "54.82",
        "201911": "54.85",
        "201912": "53.42",
        "202001": "53.94",
        "202002": "54.19",
        "202003": "49.57",
        "202004": "51.04",
        "202005": "55.37",
        "202006": "55.56",
        "202007": "51.83",
        "202008": "42.59",
        "202009": "41.00",
        "202010": "40.60",
        "202011": "41.77",
        "202012": "42.86",
        "202101": "41.46",
        "202102": "40.98",
        "202103": "42.43",
        "202104": "42.72",
        "202105": "39.16",
        "202106": "38.83",
        "202107": "39.82",
        "202108": "37.47",
        "202109": "35.96",
        "202110": "35.76",
        "202111": "37.51",
        "202112": "37.68",
        "202201": "38.26",
        "202202": "38.55",
        "202203": "39.99",
        "202204": "39.64",
        "202205": "38.76",
        "202206": "38.89",
        "202207": "37.93",
        "202208": "37.69",
        "202209": "35.78",
        "202210": "34.22",
        "202211": "34.06",
        "202212": "34.90",
        "202301": "34.88",
        "202302": "35.46",
        "202303": "38.12",
        "202304": "40.32",
        "202305": "40.82",
        "202306": "44.71"
    },
    "quarters": {
        "20011": {
            "year_quarter": 20011,
            "year": 2001,
            "quarter": 1,
            "eps": null,
            "eps_growth_year": null,
            "eps_4q": null,
            "eps_4q_growth_year": null,
            "roe": null,
            "roe_4q": 0,
            "gross_profit": null,
            "gross_margin": null,
            "gross_margin_4q_avg": 0,
            "net_income": null,
            "revenue": null,
            "common_shares": null,
            "book_valuer_per_share": null,
            "book_valuer_per_share_4q_avg": 0,
            "equity": null,
            "current_ratio": null,
            "debt_ratio": null,
            "inventory_turnover_ratio": null,
            "account_receivable_turnover_ratio": null,
            "reinvestment_rate": null,
            "research_to_sale_ratio": null,
            "price_fair": 0,
            "eps_avg_yearly": 0,
            "eps_latest_yearly": 0,
            "eps_growth_yearly": 0
        },
        "20012": {
            "year_quarter": 20012,
            "year": 2001,
            "quarter": 2,
            "eps": null,
            "eps_growth_year": null,
            "eps_4q": null,
            "eps_4q_growth_year": null,
            "roe": null,
            "roe_4q": 0,
            "gross_profit": null,
            "gross_margin": null,
            "gross_margin_4q_avg": 0,
            "net_income": null,
            "revenue": null,
            "common_shares": null,
            "book_valuer_per_share": null,
            "book_valuer_per_share_4q_avg": 0,
            "equity": null,
            "current_ratio": null,
            "debt_ratio": null,
            "inventory_turnover_ratio": null,
            "account_receivable_turnover_ratio": null,
            "reinvestment_rate": null,
            "research_to_sale_ratio": null,
            "price_fair": 0,
            "eps_avg_yearly": 0,
            "eps_latest_yearly": 0,
            "eps_growth_yearly": 0
        },
        "20013": {
            "year_quarter": 20013,
            "year": 2001,
            "quarter": 3,
            "eps": null,
            "eps_growth_year": null,
            "eps_4q": null,
            "eps_4q_growth_year": null,
            "roe": null,
            "roe_4q": 0,
            "gross_profit": null,
            "gross_margin": null,
            "gross_margin_4q_avg": 0,
            "net_income": null,
            "revenue": null,
            "common_shares": null,
            "book_valuer_per_share": null,
            "book_valuer_per_share_4q_avg": 0,
            "equity": null,
            "current_ratio": null,
            "debt_ratio": null,
            "inventory_turnover_ratio": null,
            "account_receivable_turnover_ratio": null,
            "reinvestment_rate": null,
            "research_to_sale_ratio": null,
            "price_fair": 0,
            "eps_avg_yearly": 0,
            "eps_latest_yearly": 0,
            "eps_growth_yearly": 0
        },
        "20014": {
            "year_quarter": 20014,
            "year": 2001,
            "quarter": 4,
            "eps": null,
            "eps_growth_year": null,
            "eps_4q": null,
            "eps_4q_growth_year": null,
            "roe": null,
            "roe_4q": 0,
            "gross_profit": null,
            "gross_margin": null,
            "gross_margin_4q_avg": 0,
            "net_income": null,
            "revenue": null,
            "common_shares": null,
            "book_valuer_per_share": null,
            "book_valuer_per_share_4q_avg": 0,
            "equity": null,
            "current_ratio": null,
            "debt_ratio": null,
            "inventory_turnover_ratio": null,
            "account_receivable_turnover_ratio": null,
            "reinvestment_rate": null,
            "research_to_sale_ratio": null,
            "price_fair": 0,
            "eps_avg_yearly": 0,
            "eps_latest_yearly": 0,
            "eps_growth_yearly": 0
        },
        "20021": {
            "year_quarter": 20021,
            "year": 2002,
            "quarter": 1,
            "eps": null,
            "eps_growth_year": null,
            "eps_4q": null,
            "eps_4q_growth_year": null,
            "roe": null,
            "roe_4q": 0,
            "gross_profit": null,
            "gross_margin": null,
            "gross_margin_4q_avg": 0,
            "net_income": null,
            "revenue": null,
            "common_shares": null,
            "book_valuer_per_share": null,
            "book_valuer_per_share_4q_avg": 0,
            "equity": null,
            "current_ratio": null,
            "debt_ratio": null,
            "inventory_turnover_ratio": null,
            "account_receivable_turnover_ratio": null,
            "reinvestment_rate": null,
            "research_to_sale_ratio": null,
            "price_fair": 0,
            "eps_avg_yearly": 0,
            "eps_latest_yearly": 0,
            "eps_growth_yearly": 0
        },
        "20022": {
            "year_quarter": 20022,
            "year": 2002,
            "quarter": 2,
            "eps": null,
            "eps_growth_year": null,
            "eps_4q": null,
            "eps_4q_growth_year": null,
            "roe": null,
            "roe_4q": 0,
            "gross_profit": null,
            "gross_margin": null,
            "gross_margin_4q_avg": 0,
            "net_income": null,
            "revenue": null,
            "common_shares": null,
            "book_valuer_per_share": null,
            "book_valuer_per_share_4q_avg": 0,
            "equity": null,
            "current_ratio": null,
            "debt_ratio": null,
            "inventory_turnover_ratio": null,
            "account_receivable_turnover_ratio": null,
            "reinvestment_rate": null,
            "research_to_sale_ratio": null,
            "price_fair": 0,
            "eps_avg_yearly": 0,
            "eps_latest_yearly": 0,
            "eps_growth_yearly": 0
        },
        "20023": {
            "year_quarter": 20023,
            "year": 2002,
            "quarter": 3,
            "eps": null,
            "eps_growth_year": null,
            "eps_4q": null,
            "eps_4q_growth_year": null,
            "roe": null,
            "roe_4q": 0,
            "gross_profit": null,
            "gross_margin": null,
            "gross_margin_4q_avg": 0,
            "net_income": null,
            "revenue": null,
            "common_shares": null,
            "book_valuer_per_share": null,
            "book_valuer_per_share_4q_avg": 0,
            "equity": null,
            "current_ratio": null,
            "debt_ratio": null,
            "inventory_turnover_ratio": null,
            "account_receivable_turnover_ratio": null,
            "reinvestment_rate": null,
            "research_to_sale_ratio": null,
            "price_fair": 0,
            "eps_avg_yearly": 0,
            "eps_latest_yearly": 0,
            "eps_growth_yearly": 0
        },
        "20024": {
            "year_quarter": 20024,
            "year": 2002,
            "quarter": 4,
            "eps": null,
            "eps_growth_year": null,
            "eps_4q": null,
            "eps_4q_growth_year": null,
            "roe": null,
            "roe_4q": 0,
            "gross_profit": null,
            "gross_margin": null,
            "gross_margin_4q_avg": 0,
            "net_income": null,
            "revenue": null,
            "common_shares": null,
            "book_valuer_per_share": null,
            "book_valuer_per_share_4q_avg": 0,
            "equity": null,
            "current_ratio": null,
            "debt_ratio": null,
            "inventory_turnover_ratio": null,
            "account_receivable_turnover_ratio": null,
            "reinvestment_rate": null,
            "research_to_sale_ratio": null,
            "price_fair": 0,
            "eps_avg_yearly": 0,
            "eps_latest_yearly": 0,
            "eps_growth_yearly": 0
        },
        "20031": {
            "year_quarter": 20031,
            "year": 2003,
            "quarter": 1,
            "eps": null,
            "eps_growth_year": null,
            "eps_4q": null,
            "eps_4q_growth_year": null,
            "roe": null,
            "roe_4q": 0,
            "gross_profit": null,
            "gross_margin": null,
            "gross_margin_4q_avg": 0,
            "net_income": null,
            "revenue": null,
            "common_shares": null,
            "book_valuer_per_share": null,
            "book_valuer_per_share_4q_avg": 0,
            "equity": null,
            "current_ratio": null,
            "debt_ratio": null,
            "inventory_turnover_ratio": null,
            "account_receivable_turnover_ratio": null,
            "reinvestment_rate": null,
            "research_to_sale_ratio": null,
            "price_fair": 0,
            "eps_avg_yearly": 0,
            "eps_latest_yearly": 0,
            "eps_growth_yearly": 0
        },
        "20032": {
            "year_quarter": 20032,
            "year": 2003,
            "quarter": 2,
            "eps": null,
            "eps_growth_year": null,
            "eps_4q": null,
            "eps_4q_growth_year": null,
            "roe": null,
            "roe_4q": 0,
            "gross_profit": null,
            "gross_margin": null,
            "gross_margin_4q_avg": 0,
            "net_income": null,
            "revenue": null,
            "common_shares": null,
            "book_valuer_per_share": null,
            "book_valuer_per_share_4q_avg": 0,
            "equity": null,
            "current_ratio": null,
            "debt_ratio": null,
            "inventory_turnover_ratio": null,
            "account_receivable_turnover_ratio": null,
            "reinvestment_rate": null,
            "research_to_sale_ratio": null,
            "price_fair": 0,
            "eps_avg_yearly": 0,
            "eps_latest_yearly": 0,
            "eps_growth_yearly": 0
        },
        "20033": {
            "year_quarter": 20033,
            "year": 2003,
            "quarter": 3,
            "eps": null,
            "eps_growth_year": null,
            "eps_4q": null,
            "eps_4q_growth_year": null,
            "roe": null,
            "roe_4q": 0,
            "gross_profit": null,
            "gross_margin": null,
            "gross_margin_4q_avg": 0,
            "net_income": null,
            "revenue": null,
            "common_shares": null,
            "book_valuer_per_share": null,
            "book_valuer_per_share_4q_avg": 0,
            "equity": null,
            "current_ratio": null,
            "debt_ratio": null,
            "inventory_turnover_ratio": null,
            "account_receivable_turnover_ratio": null,
            "reinvestment_rate": null,
            "research_to_sale_ratio": null,
            "price_fair": 0,
            "eps_avg_yearly": 0,
            "eps_latest_yearly": 0,
            "eps_growth_yearly": 0
        },
        "20034": {
            "year_quarter": 20034,
            "year": 2003,
            "quarter": 4,
            "eps": null,
            "eps_growth_year": null,
            "eps_4q": null,
            "eps_4q_growth_year": null,
            "roe": null,
            "roe_4q": 0,
            "gross_profit": null,
            "gross_margin": null,
            "gross_margin_4q_avg": 0,
            "net_income": null,
            "revenue": null,
            "common_shares": null,
            "book_valuer_per_share": null,
            "book_valuer_per_share_4q_avg": 0,
            "equity": null,
            "current_ratio": null,
            "debt_ratio": null,
            "inventory_turnover_ratio": null,
            "account_receivable_turnover_ratio": null,
            "reinvestment_rate": null,
            "research_to_sale_ratio": null,
            "price_fair": 0,
            "eps_avg_yearly": 0,
            "eps_latest_yearly": 0,
            "eps_growth_yearly": 0
        },
        "20041": {
            "year_quarter": 20041,
            "year": 2004,
            "quarter": 1,
            "eps": null,
            "eps_growth_year": null,
            "eps_4q": null,
            "eps_4q_growth_year": null,
            "roe": null,
            "roe_4q": 0,
            "gross_profit": null,
            "gross_margin": null,
            "gross_margin_4q_avg": 0,
            "net_income": null,
            "revenue": null,
            "common_shares": null,
            "book_valuer_per_share": null,
            "book_valuer_per_share_4q_avg": 0,
            "equity": null,
            "current_ratio": null,
            "debt_ratio": null,
            "inventory_turnover_ratio": null,
            "account_receivable_turnover_ratio": null,
            "reinvestment_rate": null,
            "research_to_sale_ratio": null,
            "price_fair": 0,
            "eps_avg_yearly": 0,
            "eps_latest_yearly": 0,
            "eps_growth_yearly": 0
        },
        "20042": {
            "year_quarter": 20042,
            "year": 2004,
            "quarter": 2,
            "eps": null,
            "eps_growth_year": null,
            "eps_4q": null,
            "eps_4q_growth_year": null,
            "roe": null,
            "roe_4q": 0,
            "gross_profit": null,
            "gross_margin": null,
            "gross_margin_4q_avg": 0,
            "net_income": null,
            "revenue": null,
            "common_shares": null,
            "book_valuer_per_share": null,
            "book_valuer_per_share_4q_avg": 0,
            "equity": null,
            "current_ratio": null,
            "debt_ratio": null,
            "inventory_turnover_ratio": null,
            "account_receivable_turnover_ratio": null,
            "reinvestment_rate": null,
            "research_to_sale_ratio": null,
            "price_fair": 0,
            "eps_avg_yearly": 0,
            "eps_latest_yearly": 0,
            "eps_growth_yearly": 0
        },
        "20043": {
            "year_quarter": 20043,
            "year": 2004,
            "quarter": 3,
            "eps": null,
            "eps_growth_year": null,
            "eps_4q": null,
            "eps_4q_growth_year": null,
            "roe": null,
            "roe_4q": 0,
            "gross_profit": null,
            "gross_margin": null,
            "gross_margin_4q_avg": 0,
            "net_income": null,
            "revenue": null,
            "common_shares": null,
            "book_valuer_per_share": null,
            "book_valuer_per_share_4q_avg": 0,
            "equity": null,
            "current_ratio": null,
            "debt_ratio": null,
            "inventory_turnover_ratio": null,
            "account_receivable_turnover_ratio": null,
            "reinvestment_rate": null,
            "research_to_sale_ratio": null,
            "price_fair": 0,
            "eps_avg_yearly": 0,
            "eps_latest_yearly": 0,
            "eps_growth_yearly": 0
        },
        "20044": {
            "year_quarter": 20044,
            "year": 2004,
            "quarter": 4,
            "eps": null,
            "eps_growth_year": null,
            "eps_4q": null,
            "eps_4q_growth_year": null,
            "roe": null,
            "roe_4q": 0,
            "gross_profit": null,
            "gross_margin": null,
            "gross_margin_4q_avg": 0,
            "net_income": null,
            "revenue": null,
            "common_shares": null,
            "book_valuer_per_share": null,
            "book_valuer_per_share_4q_avg": 0,
            "equity": null,
            "current_ratio": null,
            "debt_ratio": null,
            "inventory_turnover_ratio": null,
            "account_receivable_turnover_ratio": null,
            "reinvestment_rate": null,
            "research_to_sale_ratio": null,
            "price_fair": 0,
            "eps_avg_yearly": 0,
            "eps_latest_yearly": 0,
            "eps_growth_yearly": 0
        },
        "20051": {
            "year_quarter": 20051,
            "year": 2005,
            "quarter": 1,
            "eps": null,
            "eps_growth_year": null,
            "eps_4q": null,
            "eps_4q_growth_year": null,
            "roe": null,
            "roe_4q": 0,
            "gross_profit": null,
            "gross_margin": null,
            "gross_margin_4q_avg": 0,
            "net_income": null,
            "revenue": null,
            "common_shares": null,
            "book_valuer_per_share": null,
            "book_valuer_per_share_4q_avg": 0,
            "equity": null,
            "current_ratio": null,
            "debt_ratio": null,
            "inventory_turnover_ratio": null,
            "account_receivable_turnover_ratio": null,
            "reinvestment_rate": null,
            "research_to_sale_ratio": null,
            "price_fair": 0,
            "eps_avg_yearly": 0,
            "eps_latest_yearly": 0,
            "eps_growth_yearly": 0
        },
        "20052": {
            "year_quarter": 20052,
            "year": 2005,
            "quarter": 2,
            "eps": null,
            "eps_growth_year": null,
            "eps_4q": null,
            "eps_4q_growth_year": null,
            "roe": null,
            "roe_4q": 0,
            "gross_profit": null,
            "gross_margin": null,
            "gross_margin_4q_avg": 0,
            "net_income": null,
            "revenue": null,
            "common_shares": null,
            "book_valuer_per_share": null,
            "book_valuer_per_share_4q_avg": 0,
            "equity": null,
            "current_ratio": null,
            "debt_ratio": null,
            "inventory_turnover_ratio": null,
            "account_receivable_turnover_ratio": null,
            "reinvestment_rate": null,
            "research_to_sale_ratio": null,
            "price_fair": 0,
            "eps_avg_yearly": 0,
            "eps_latest_yearly": 0,
            "eps_growth_yearly": 0
        },
        "20053": {
            "year_quarter": 20053,
            "year": 2005,
            "quarter": 3,
            "eps": null,
            "eps_growth_year": null,
            "eps_4q": null,
            "eps_4q_growth_year": null,
            "roe": null,
            "roe_4q": 0,
            "gross_profit": null,
            "gross_margin": null,
            "gross_margin_4q_avg": 0,
            "net_income": null,
            "revenue": null,
            "common_shares": null,
            "book_valuer_per_share": null,
            "book_valuer_per_share_4q_avg": 0,
            "equity": null,
            "current_ratio": null,
            "debt_ratio": null,
            "inventory_turnover_ratio": null,
            "account_receivable_turnover_ratio": null,
            "reinvestment_rate": null,
            "research_to_sale_ratio": null,
            "price_fair": 0,
            "eps_avg_yearly": 0,
            "eps_latest_yearly": 0,
            "eps_growth_yearly": 0
        },
        "20054": {
            "year_quarter": 20054,
            "year": 2005,
            "quarter": 4,
            "eps": null,
            "eps_growth_year": null,
            "eps_4q": null,
            "eps_4q_growth_year": null,
            "roe": null,
            "roe_4q": 0,
            "gross_profit": null,
            "gross_margin": null,
            "gross_margin_4q_avg": 0,
            "net_income": null,
            "revenue": null,
            "common_shares": null,
            "book_valuer_per_share": null,
            "book_valuer_per_share_4q_avg": 0,
            "equity": null,
            "current_ratio": null,
            "debt_ratio": null,
            "inventory_turnover_ratio": null,
            "account_receivable_turnover_ratio": null,
            "reinvestment_rate": null,
            "research_to_sale_ratio": null,
            "price_fair": 0,
            "eps_avg_yearly": 0,
            "eps_latest_yearly": 0,
            "eps_growth_yearly": 0
        },
        "20061": {
            "year_quarter": 20061,
            "year": 2006,
            "quarter": 1,
            "eps": null,
            "eps_growth_year": null,
            "eps_4q": null,
            "eps_4q_growth_year": null,
            "roe": null,
            "roe_4q": 0,
            "gross_profit": null,
            "gross_margin": null,
            "gross_margin_4q_avg": 0,
            "net_income": null,
            "revenue": null,
            "common_shares": null,
            "book_valuer_per_share": null,
            "book_valuer_per_share_4q_avg": 0,
            "equity": null,
            "current_ratio": null,
            "debt_ratio": null,
            "inventory_turnover_ratio": null,
            "account_receivable_turnover_ratio": null,
            "reinvestment_rate": null,
            "research_to_sale_ratio": null,
            "price_fair": 0,
            "eps_avg_yearly": 0,
            "eps_latest_yearly": 0,
            "eps_growth_yearly": 0
        },
        "20062": {
            "year_quarter": 20062,
            "year": 2006,
            "quarter": 2,
            "eps": null,
            "eps_growth_year": null,
            "eps_4q": null,
            "eps_4q_growth_year": null,
            "roe": null,
            "roe_4q": 0,
            "gross_profit": null,
            "gross_margin": null,
            "gross_margin_4q_avg": 0,
            "net_income": null,
            "revenue": null,
            "common_shares": null,
            "book_valuer_per_share": null,
            "book_valuer_per_share_4q_avg": 0,
            "equity": null,
            "current_ratio": null,
            "debt_ratio": null,
            "inventory_turnover_ratio": null,
            "account_receivable_turnover_ratio": null,
            "reinvestment_rate": null,
            "research_to_sale_ratio": null,
            "price_fair": 0,
            "eps_avg_yearly": 0,
            "eps_latest_yearly": 0,
            "eps_growth_yearly": 0
        },
        "20063": {
            "year_quarter": 20063,
            "year": 2006,
            "quarter": 3,
            "eps": null,
            "eps_growth_year": null,
            "eps_4q": null,
            "eps_4q_growth_year": null,
            "roe": null,
            "roe_4q": 0,
            "gross_profit": null,
            "gross_margin": null,
            "gross_margin_4q_avg": 0,
            "net_income": null,
            "revenue": null,
            "common_shares": null,
            "book_valuer_per_share": null,
            "book_valuer_per_share_4q_avg": 0,
            "equity": null,
            "current_ratio": null,
            "debt_ratio": null,
            "inventory_turnover_ratio": null,
            "account_receivable_turnover_ratio": null,
            "reinvestment_rate": null,
            "research_to_sale_ratio": null,
            "price_fair": 0,
            "eps_avg_yearly": 0,
            "eps_latest_yearly": 0,
            "eps_growth_yearly": 0
        },
        "20064": {
            "year_quarter": 20064,
            "year": 2006,
            "quarter": 4,
            "eps": null,
            "eps_growth_year": null,
            "eps_4q": null,
            "eps_4q_growth_year": null,
            "roe": null,
            "roe_4q": 0,
            "gross_profit": null,
            "gross_margin": null,
            "gross_margin_4q_avg": 0,
            "net_income": null,
            "revenue": null,
            "common_shares": null,
            "book_valuer_per_share": null,
            "book_valuer_per_share_4q_avg": 0,
            "equity": null,
            "current_ratio": null,
            "debt_ratio": null,
            "inventory_turnover_ratio": null,
            "account_receivable_turnover_ratio": null,
            "reinvestment_rate": null,
            "research_to_sale_ratio": null,
            "price_fair": 0,
            "eps_avg_yearly": 0,
            "eps_latest_yearly": 0,
            "eps_growth_yearly": 0
        },
        "20071": {
            "year_quarter": 20071,
            "year": 2007,
            "quarter": 1,
            "eps": null,
            "eps_growth_year": null,
            "eps_4q": null,
            "eps_4q_growth_year": null,
            "roe": null,
            "roe_4q": 0,
            "gross_profit": null,
            "gross_margin": null,
            "gross_margin_4q_avg": 0,
            "net_income": null,
            "revenue": null,
            "common_shares": null,
            "book_valuer_per_share": null,
            "book_valuer_per_share_4q_avg": 0,
            "equity": null,
            "current_ratio": null,
            "debt_ratio": null,
            "inventory_turnover_ratio": null,
            "account_receivable_turnover_ratio": null,
            "reinvestment_rate": null,
            "research_to_sale_ratio": null,
            "price_fair": 0,
            "eps_avg_yearly": 0,
            "eps_latest_yearly": 0,
            "eps_growth_yearly": 0
        },
        "20072": {
            "year_quarter": 20072,
            "year": 2007,
            "quarter": 2,
            "eps": null,
            "eps_growth_year": null,
            "eps_4q": null,
            "eps_4q_growth_year": null,
            "roe": null,
            "roe_4q": 0,
            "gross_profit": null,
            "gross_margin": null,
            "gross_margin_4q_avg": 0,
            "net_income": null,
            "revenue": null,
            "common_shares": null,
            "book_valuer_per_share": null,
            "book_valuer_per_share_4q_avg": 0,
            "equity": null,
            "current_ratio": null,
            "debt_ratio": null,
            "inventory_turnover_ratio": null,
            "account_receivable_turnover_ratio": null,
            "reinvestment_rate": null,
            "research_to_sale_ratio": null,
            "price_fair": 0,
            "eps_avg_yearly": 0,
            "eps_latest_yearly": 0,
            "eps_growth_yearly": 0
        },
        "20073": {
            "year_quarter": 20073,
            "year": 2007,
            "quarter": 3,
            "eps": null,
            "eps_growth_year": null,
            "eps_4q": null,
            "eps_4q_growth_year": null,
            "roe": null,
            "roe_4q": 0,
            "gross_profit": null,
            "gross_margin": null,
            "gross_margin_4q_avg": 0,
            "net_income": null,
            "revenue": null,
            "common_shares": null,
            "book_valuer_per_share": null,
            "book_valuer_per_share_4q_avg": 0,
            "equity": null,
            "current_ratio": null,
            "debt_ratio": null,
            "inventory_turnover_ratio": null,
            "account_receivable_turnover_ratio": null,
            "reinvestment_rate": null,
            "research_to_sale_ratio": null,
            "price_fair": 0,
            "eps_avg_yearly": 0,
            "eps_latest_yearly": 0,
            "eps_growth_yearly": 0
        },
        "20074": {
            "year_quarter": 20074,
            "year": 2007,
            "quarter": 4,
            "eps": null,
            "eps_growth_year": null,
            "eps_4q": null,
            "eps_4q_growth_year": null,
            "roe": null,
            "roe_4q": 0,
            "gross_profit": null,
            "gross_margin": null,
            "gross_margin_4q_avg": 0,
            "net_income": null,
            "revenue": null,
            "common_shares": 122100,
            "book_valuer_per_share": 11.17,
            "book_valuer_per_share_4q_avg": 2.79,
            "equity": 136403,
            "current_ratio": 505.4,
            "debt_ratio": 17.05,
            "inventory_turnover_ratio": null,
            "account_receivable_turnover_ratio": null,
            "reinvestment_rate": null,
            "research_to_sale_ratio": null,
            "price_fair": 0,
            "eps_avg_yearly": 0,
            "eps_latest_yearly": 0,
            "eps_growth_yearly": 0
        },
        "20081": {
            "year_quarter": 20081,
            "year": 2008,
            "quarter": 1,
            "eps": null,
            "eps_growth_year": null,
            "eps_4q": null,
            "eps_4q_growth_year": null,
            "roe": null,
            "roe_4q": 0,
            "gross_profit": null,
            "gross_margin": null,
            "gross_margin_4q_avg": 0,
            "net_income": null,
            "revenue": null,
            "common_shares": null,
            "book_valuer_per_share": null,
            "book_valuer_per_share_4q_avg": 2.79,
            "equity": null,
            "current_ratio": null,
            "debt_ratio": null,
            "inventory_turnover_ratio": null,
            "account_receivable_turnover_ratio": null,
            "reinvestment_rate": null,
            "research_to_sale_ratio": null,
            "price_fair": 0,
            "eps_avg_yearly": 0,
            "eps_latest_yearly": 0,
            "eps_growth_yearly": 0
        },
        "20082": {
            "year_quarter": 20082,
            "year": 2008,
            "quarter": 2,
            "eps": null,
            "eps_growth_year": null,
            "eps_4q": null,
            "eps_4q_growth_year": null,
            "roe": null,
            "roe_4q": 0,
            "gross_profit": null,
            "gross_margin": null,
            "gross_margin_4q_avg": 0,
            "net_income": null,
            "revenue": null,
            "common_shares": null,
            "book_valuer_per_share": null,
            "book_valuer_per_share_4q_avg": 2.79,
            "equity": null,
            "current_ratio": null,
            "debt_ratio": null,
            "inventory_turnover_ratio": null,
            "account_receivable_turnover_ratio": null,
            "reinvestment_rate": null,
            "research_to_sale_ratio": null,
            "price_fair": 0,
            "eps_avg_yearly": 0,
            "eps_latest_yearly": 0,
            "eps_growth_yearly": 0
        },
        "20083": {
            "year_quarter": 20083,
            "year": 2008,
            "quarter": 3,
            "eps": null,
            "eps_growth_year": null,
            "eps_4q": null,
            "eps_4q_growth_year": null,
            "roe": null,
            "roe_4q": 0,
            "gross_profit": null,
            "gross_margin": null,
            "gross_margin_4q_avg": 0,
            "net_income": null,
            "revenue": null,
            "common_shares": null,
            "book_valuer_per_share": null,
            "book_valuer_per_share_4q_avg": 2.79,
            "equity": null,
            "current_ratio": null,
            "debt_ratio": null,
            "inventory_turnover_ratio": null,
            "account_receivable_turnover_ratio": null,
            "reinvestment_rate": null,
            "research_to_sale_ratio": null,
            "price_fair": 0,
            "eps_avg_yearly": 0,
            "eps_latest_yearly": 0,
            "eps_growth_yearly": 0
        },
        "20084": {
            "year_quarter": 20084,
            "year": 2008,
            "quarter": 4,
            "eps": null,
            "eps_growth_year": null,
            "eps_4q": null,
            "eps_4q_growth_year": null,
            "roe": null,
            "roe_4q": 0,
            "gross_profit": null,
            "gross_margin": null,
            "gross_margin_4q_avg": 0,
            "net_income": null,
            "revenue": null,
            "common_shares": 133150,
            "book_valuer_per_share": 11.39,
            "book_valuer_per_share_4q_avg": 2.85,
            "equity": 151652,
            "current_ratio": 590.55,
            "debt_ratio": 15.64,
            "inventory_turnover_ratio": null,
            "account_receivable_turnover_ratio": null,
            "reinvestment_rate": null,
            "research_to_sale_ratio": null,
            "price_fair": 0,
            "eps_avg_yearly": 0,
            "eps_latest_yearly": 0,
            "eps_growth_yearly": 0
        },
        "20091": {
            "year_quarter": 20091,
            "year": 2009,
            "quarter": 1,
            "eps": null,
            "eps_growth_year": null,
            "eps_4q": null,
            "eps_4q_growth_year": null,
            "roe": null,
            "roe_4q": 0,
            "gross_profit": null,
            "gross_margin": null,
            "gross_margin_4q_avg": 0,
            "net_income": null,
            "revenue": null,
            "common_shares": null,
            "book_valuer_per_share": null,
            "book_valuer_per_share_4q_avg": 2.85,
            "equity": null,
            "current_ratio": null,
            "debt_ratio": null,
            "inventory_turnover_ratio": null,
            "account_receivable_turnover_ratio": null,
            "reinvestment_rate": null,
            "research_to_sale_ratio": null,
            "price_fair": 0,
            "eps_avg_yearly": 0,
            "eps_latest_yearly": 0,
            "eps_growth_yearly": 0
        },
        "20092": {
            "year_quarter": 20092,
            "year": 2009,
            "quarter": 2,
            "eps": null,
            "eps_growth_year": null,
            "eps_4q": null,
            "eps_4q_growth_year": null,
            "roe": null,
            "roe_4q": 0,
            "gross_profit": null,
            "gross_margin": null,
            "gross_margin_4q_avg": 0,
            "net_income": null,
            "revenue": null,
            "common_shares": null,
            "book_valuer_per_share": null,
            "book_valuer_per_share_4q_avg": 2.85,
            "equity": null,
            "current_ratio": null,
            "debt_ratio": null,
            "inventory_turnover_ratio": null,
            "account_receivable_turnover_ratio": null,
            "reinvestment_rate": null,
            "research_to_sale_ratio": null,
            "price_fair": 0,
            "eps_avg_yearly": 0,
            "eps_latest_yearly": 0,
            "eps_growth_yearly": 0
        },
        "20093": {
            "year_quarter": 20093,
            "year": 2009,
            "quarter": 3,
            "eps": null,
            "eps_growth_year": null,
            "eps_4q": null,
            "eps_4q_growth_year": null,
            "roe": null,
            "roe_4q": 0,
            "gross_profit": null,
            "gross_margin": null,
            "gross_margin_4q_avg": 0,
            "net_income": null,
            "revenue": null,
            "common_shares": null,
            "book_valuer_per_share": null,
            "book_valuer_per_share_4q_avg": 2.85,
            "equity": null,
            "current_ratio": null,
            "debt_ratio": null,
            "inventory_turnover_ratio": null,
            "account_receivable_turnover_ratio": null,
            "reinvestment_rate": null,
            "research_to_sale_ratio": null,
            "price_fair": 0,
            "eps_avg_yearly": 0,
            "eps_latest_yearly": 0,
            "eps_growth_yearly": 0
        },
        "20094": {
            "year_quarter": 20094,
            "year": 2009,
            "quarter": 4,
            "eps": null,
            "eps_growth_year": null,
            "eps_4q": null,
            "eps_4q_growth_year": null,
            "roe": null,
            "roe_4q": 0,
            "gross_profit": null,
            "gross_margin": null,
            "gross_margin_4q_avg": 0,
            "net_income": null,
            "revenue": null,
            "common_shares": 133150,
            "book_valuer_per_share": 11.07,
            "book_valuer_per_share_4q_avg": 2.77,
            "equity": 147341,
            "current_ratio": 529.63,
            "debt_ratio": 17.5,
            "inventory_turnover_ratio": null,
            "account_receivable_turnover_ratio": null,
            "reinvestment_rate": null,
            "research_to_sale_ratio": null,
            "price_fair": 0,
            "eps_avg_yearly": 0,
            "eps_latest_yearly": 0,
            "eps_growth_yearly": 0
        },
        "20101": {
            "year_quarter": 20101,
            "year": 2010,
            "quarter": 1,
            "eps": null,
            "eps_growth_year": null,
            "eps_4q": null,
            "eps_4q_growth_year": null,
            "roe": null,
            "roe_4q": 0,
            "gross_profit": null,
            "gross_margin": null,
            "gross_margin_4q_avg": 0,
            "net_income": null,
            "revenue": null,
            "common_shares": null,
            "book_valuer_per_share": null,
            "book_valuer_per_share_4q_avg": 2.77,
            "equity": null,
            "current_ratio": null,
            "debt_ratio": null,
            "inventory_turnover_ratio": null,
            "account_receivable_turnover_ratio": null,
            "reinvestment_rate": null,
            "research_to_sale_ratio": null,
            "price_fair": 0,
            "eps_avg_yearly": 0,
            "eps_latest_yearly": 0,
            "eps_growth_yearly": 0
        },
        "20102": {
            "year_quarter": 20102,
            "year": 2010,
            "quarter": 2,
            "eps": null,
            "eps_growth_year": null,
            "eps_4q": null,
            "eps_4q_growth_year": null,
            "roe": null,
            "roe_4q": 0,
            "gross_profit": null,
            "gross_margin": null,
            "gross_margin_4q_avg": 0,
            "net_income": null,
            "revenue": null,
            "common_shares": null,
            "book_valuer_per_share": null,
            "book_valuer_per_share_4q_avg": 2.77,
            "equity": null,
            "current_ratio": null,
            "debt_ratio": null,
            "inventory_turnover_ratio": null,
            "account_receivable_turnover_ratio": null,
            "reinvestment_rate": null,
            "research_to_sale_ratio": null,
            "price_fair": 0,
            "eps_avg_yearly": 0,
            "eps_latest_yearly": 0,
            "eps_growth_yearly": 0
        },
        "20103": {
            "year_quarter": 20103,
            "year": 2010,
            "quarter": 3,
            "eps": null,
            "eps_growth_year": null,
            "eps_4q": null,
            "eps_4q_growth_year": null,
            "roe": null,
            "roe_4q": 0,
            "gross_profit": null,
            "gross_margin": null,
            "gross_margin_4q_avg": 0,
            "net_income": null,
            "revenue": null,
            "common_shares": null,
            "book_valuer_per_share": null,
            "book_valuer_per_share_4q_avg": 2.77,
            "equity": null,
            "current_ratio": null,
            "debt_ratio": null,
            "inventory_turnover_ratio": null,
            "account_receivable_turnover_ratio": null,
            "reinvestment_rate": null,
            "research_to_sale_ratio": null,
            "price_fair": 0,
            "eps_avg_yearly": 0,
            "eps_latest_yearly": 0,
            "eps_growth_yearly": 0
        },
        "20104": {
            "year_quarter": 20104,
            "year": 2010,
            "quarter": 4,
            "eps": null,
            "eps_growth_year": null,
            "eps_4q": null,
            "eps_4q_growth_year": null,
            "roe": null,
            "roe_4q": 0,
            "gross_profit": null,
            "gross_margin": null,
            "gross_margin_4q_avg": 0,
            "net_income": null,
            "revenue": null,
            "common_shares": 133150,
            "book_valuer_per_share": 11.08,
            "book_valuer_per_share_4q_avg": 2.77,
            "equity": 147512,
            "current_ratio": 599.81,
            "debt_ratio": 14.93,
            "inventory_turnover_ratio": null,
            "account_receivable_turnover_ratio": null,
            "reinvestment_rate": null,
            "research_to_sale_ratio": null,
            "price_fair": 0,
            "eps_avg_yearly": 0,
            "eps_latest_yearly": 0,
            "eps_growth_yearly": 0
        },
        "20111": {
            "year_quarter": 20111,
            "year": 2011,
            "quarter": 1,
            "eps": null,
            "eps_growth_year": null,
            "eps_4q": null,
            "eps_4q_growth_year": null,
            "roe": null,
            "roe_4q": 0,
            "gross_profit": null,
            "gross_margin": null,
            "gross_margin_4q_avg": 0,
            "net_income": null,
            "revenue": null,
            "common_shares": null,
            "book_valuer_per_share": null,
            "book_valuer_per_share_4q_avg": 2.77,
            "equity": null,
            "current_ratio": null,
            "debt_ratio": null,
            "inventory_turnover_ratio": null,
            "account_receivable_turnover_ratio": null,
            "reinvestment_rate": null,
            "research_to_sale_ratio": null,
            "price_fair": 0,
            "eps_avg_yearly": 0,
            "eps_latest_yearly": 0,
            "eps_growth_yearly": 0
        },
        "20112": {
            "year_quarter": 20112,
            "year": 2011,
            "quarter": 2,
            "eps": null,
            "eps_growth_year": null,
            "eps_4q": null,
            "eps_4q_growth_year": null,
            "roe": null,
            "roe_4q": 0,
            "gross_profit": null,
            "gross_margin": null,
            "gross_margin_4q_avg": 0,
            "net_income": null,
            "revenue": null,
            "common_shares": null,
            "book_valuer_per_share": null,
            "book_valuer_per_share_4q_avg": 2.77,
            "equity": null,
            "current_ratio": null,
            "debt_ratio": null,
            "inventory_turnover_ratio": null,
            "account_receivable_turnover_ratio": null,
            "reinvestment_rate": null,
            "research_to_sale_ratio": null,
            "price_fair": 0,
            "eps_avg_yearly": 0,
            "eps_latest_yearly": 0,
            "eps_growth_yearly": 0
        },
        "20113": {
            "year_quarter": 20113,
            "year": 2011,
            "quarter": 3,
            "eps": null,
            "eps_growth_year": null,
            "eps_4q": null,
            "eps_4q_growth_year": null,
            "roe": null,
            "roe_4q": 0,
            "gross_profit": null,
            "gross_margin": null,
            "gross_margin_4q_avg": 0,
            "net_income": null,
            "revenue": null,
            "common_shares": null,
            "book_valuer_per_share": null,
            "book_valuer_per_share_4q_avg": 2.77,
            "equity": null,
            "current_ratio": null,
            "debt_ratio": null,
            "inventory_turnover_ratio": null,
            "account_receivable_turnover_ratio": null,
            "reinvestment_rate": null,
            "research_to_sale_ratio": null,
            "price_fair": 0,
            "eps_avg_yearly": 0,
            "eps_latest_yearly": 0,
            "eps_growth_yearly": 0
        },
        "20114": {
            "year_quarter": 20114,
            "year": 2011,
            "quarter": 4,
            "eps": null,
            "eps_growth_year": null,
            "eps_4q": null,
            "eps_4q_growth_year": null,
            "roe": null,
            "roe_4q": 0,
            "gross_profit": null,
            "gross_margin": null,
            "gross_margin_4q_avg": 0,
            "net_income": null,
            "revenue": null,
            "common_shares": 133150,
            "book_valuer_per_share": 11.73,
            "book_valuer_per_share_4q_avg": 2.93,
            "equity": 156122,
            "current_ratio": 534.69,
            "debt_ratio": 20.52,
            "inventory_turnover_ratio": null,
            "account_receivable_turnover_ratio": null,
            "reinvestment_rate": null,
            "research_to_sale_ratio": null,
            "price_fair": 0,
            "eps_avg_yearly": 0,
            "eps_latest_yearly": 0,
            "eps_growth_yearly": 0
        },
        "20121": {
            "year_quarter": 20121,
            "year": 2012,
            "quarter": 1,
            "eps": null,
            "eps_growth_year": null,
            "eps_4q": null,
            "eps_4q_growth_year": null,
            "roe": null,
            "roe_4q": 0,
            "gross_profit": null,
            "gross_margin": null,
            "gross_margin_4q_avg": 0,
            "net_income": null,
            "revenue": null,
            "common_shares": null,
            "book_valuer_per_share": null,
            "book_valuer_per_share_4q_avg": 2.93,
            "equity": null,
            "current_ratio": null,
            "debt_ratio": null,
            "inventory_turnover_ratio": null,
            "account_receivable_turnover_ratio": null,
            "reinvestment_rate": null,
            "research_to_sale_ratio": null,
            "price_fair": 0,
            "eps_avg_yearly": 0,
            "eps_latest_yearly": 0,
            "eps_growth_yearly": 0
        },
        "20122": {
            "year_quarter": 20122,
            "year": 2012,
            "quarter": 2,
            "eps": null,
            "eps_growth_year": null,
            "eps_4q": null,
            "eps_4q_growth_year": null,
            "roe": null,
            "roe_4q": 0,
            "gross_profit": null,
            "gross_margin": null,
            "gross_margin_4q_avg": 0,
            "net_income": null,
            "revenue": null,
            "common_shares": 133150,
            "book_valuer_per_share": null,
            "book_valuer_per_share_4q_avg": 2.93,
            "equity": 130010,
            "current_ratio": null,
            "debt_ratio": null,
            "inventory_turnover_ratio": null,
            "account_receivable_turnover_ratio": null,
            "reinvestment_rate": null,
            "research_to_sale_ratio": null,
            "price_fair": 0,
            "eps_avg_yearly": 0,
            "eps_latest_yearly": 0,
            "eps_growth_yearly": 0
        },
        "20123": {
            "year_quarter": 20123,
            "year": 2012,
            "quarter": 3,
            "eps": null,
            "eps_growth_year": null,
            "eps_4q": null,
            "eps_4q_growth_year": null,
            "roe": null,
            "roe_4q": 0,
            "gross_profit": null,
            "gross_margin": null,
            "gross_margin_4q_avg": 0,
            "net_income": null,
            "revenue": null,
            "common_shares": null,
            "book_valuer_per_share": null,
            "book_valuer_per_share_4q_avg": 2.93,
            "equity": null,
            "current_ratio": null,
            "debt_ratio": null,
            "inventory_turnover_ratio": null,
            "account_receivable_turnover_ratio": null,
            "reinvestment_rate": null,
            "research_to_sale_ratio": null,
            "price_fair": 0,
            "eps_avg_yearly": 0,
            "eps_latest_yearly": 0,
            "eps_growth_yearly": 0
        },
        "20124": {
            "year_quarter": 20124,
            "year": 2012,
            "quarter": 4,
            "eps": null,
            "eps_growth_year": null,
            "eps_4q": null,
            "eps_4q_growth_year": null,
            "roe": null,
            "roe_4q": 0,
            "gross_profit": null,
            "gross_margin": null,
            "gross_margin_4q_avg": 0,
            "net_income": null,
            "revenue": null,
            "common_shares": 133150,
            "book_valuer_per_share": 11.05,
            "book_valuer_per_share_4q_avg": 2.76,
            "equity": 147079,
            "current_ratio": 548.58,
            "debt_ratio": 20.63,
            "inventory_turnover_ratio": null,
            "account_receivable_turnover_ratio": null,
            "reinvestment_rate": null,
            "research_to_sale_ratio": null,
            "price_fair": 0,
            "eps_avg_yearly": 0,
            "eps_latest_yearly": 0,
            "eps_growth_yearly": 0
        },
        "20131": {
            "year_quarter": 20131,
            "year": 2013,
            "quarter": 1,
            "eps": null,
            "eps_growth_year": null,
            "eps_4q": null,
            "eps_4q_growth_year": null,
            "roe": null,
            "roe_4q": 0,
            "gross_profit": null,
            "gross_margin": null,
            "gross_margin_4q_avg": 0,
            "net_income": null,
            "revenue": null,
            "common_shares": null,
            "book_valuer_per_share": null,
            "book_valuer_per_share_4q_avg": 2.76,
            "equity": null,
            "current_ratio": null,
            "debt_ratio": null,
            "inventory_turnover_ratio": null,
            "account_receivable_turnover_ratio": null,
            "reinvestment_rate": null,
            "research_to_sale_ratio": null,
            "price_fair": 0,
            "eps_avg_yearly": 0,
            "eps_latest_yearly": 0,
            "eps_growth_yearly": 0
        },
        "20132": {
            "year_quarter": 20132,
            "year": 2013,
            "quarter": 2,
            "eps": null,
            "eps_growth_year": null,
            "eps_4q": null,
            "eps_4q_growth_year": null,
            "roe": null,
            "roe_4q": 0,
            "gross_profit": null,
            "gross_margin": null,
            "gross_margin_4q_avg": 0,
            "net_income": null,
            "revenue": null,
            "common_shares": 133150,
            "book_valuer_per_share": 10.42,
            "book_valuer_per_share_4q_avg": 5.37,
            "equity": 138682,
            "current_ratio": 232.54,
            "debt_ratio": 45.86,
            "inventory_turnover_ratio": null,
            "account_receivable_turnover_ratio": null,
            "reinvestment_rate": null,
            "research_to_sale_ratio": null,
            "price_fair": 0,
            "eps_avg_yearly": 0,
            "eps_latest_yearly": 0,
            "eps_growth_yearly": 0
        },
        "20133": {
            "year_quarter": 20133,
            "year": 2013,
            "quarter": 3,
            "eps": null,
            "eps_growth_year": null,
            "eps_4q": null,
            "eps_4q_growth_year": null,
            "roe": null,
            "roe_4q": 0,
            "gross_profit": null,
            "gross_margin": null,
            "gross_margin_4q_avg": 0,
            "net_income": null,
            "revenue": null,
            "common_shares": null,
            "book_valuer_per_share": null,
            "book_valuer_per_share_4q_avg": 5.37,
            "equity": null,
            "current_ratio": null,
            "debt_ratio": null,
            "inventory_turnover_ratio": null,
            "account_receivable_turnover_ratio": null,
            "reinvestment_rate": null,
            "research_to_sale_ratio": null,
            "price_fair": 0,
            "eps_avg_yearly": 0,
            "eps_latest_yearly": 0,
            "eps_growth_yearly": 0
        },
        "20134": {
            "year_quarter": 20134,
            "year": 2013,
            "quarter": 4,
            "eps": null,
            "eps_growth_year": null,
            "eps_4q": null,
            "eps_4q_growth_year": null,
            "roe": null,
            "roe_4q": 0,
            "gross_profit": null,
            "gross_margin": null,
            "gross_margin_4q_avg": 0,
            "net_income": null,
            "revenue": null,
            "common_shares": 133150,
            "book_valuer_per_share": 11.03,
            "book_valuer_per_share_4q_avg": 5.36,
            "equity": 146826,
            "current_ratio": 250.61,
            "debt_ratio": 42.14,
            "inventory_turnover_ratio": null,
            "account_receivable_turnover_ratio": null,
            "reinvestment_rate": null,
            "research_to_sale_ratio": null,
            "price_fair": 0,
            "eps_avg_yearly": 0,
            "eps_latest_yearly": 0,
            "eps_growth_yearly": 0
        },
        "20141": {
            "year_quarter": 20141,
            "year": 2014,
            "quarter": 1,
            "eps": null,
            "eps_growth_year": null,
            "eps_4q": null,
            "eps_4q_growth_year": null,
            "roe": null,
            "roe_4q": 0,
            "gross_profit": null,
            "gross_margin": null,
            "gross_margin_4q_avg": 0,
            "net_income": null,
            "revenue": null,
            "common_shares": null,
            "book_valuer_per_share": null,
            "book_valuer_per_share_4q_avg": 5.36,
            "equity": null,
            "current_ratio": null,
            "debt_ratio": null,
            "inventory_turnover_ratio": null,
            "account_receivable_turnover_ratio": null,
            "reinvestment_rate": null,
            "research_to_sale_ratio": null,
            "price_fair": 0,
            "eps_avg_yearly": 0,
            "eps_latest_yearly": 0,
            "eps_growth_yearly": 0
        },
        "20142": {
            "year_quarter": 20142,
            "year": 2014,
            "quarter": 2,
            "eps": null,
            "eps_growth_year": null,
            "eps_4q": null,
            "eps_4q_growth_year": null,
            "roe": null,
            "roe_4q": 0,
            "gross_profit": null,
            "gross_margin": null,
            "gross_margin_4q_avg": 0,
            "net_income": null,
            "revenue": null,
            "common_shares": 133150,
            "book_valuer_per_share": 11.36,
            "book_valuer_per_share_4q_avg": 5.6,
            "equity": 151259,
            "current_ratio": 245.86,
            "debt_ratio": 42.62,
            "inventory_turnover_ratio": null,
            "account_receivable_turnover_ratio": null,
            "reinvestment_rate": null,
            "research_to_sale_ratio": null,
            "price_fair": 0,
            "eps_avg_yearly": 0,
            "eps_latest_yearly": 0,
            "eps_growth_yearly": 0
        },
        "20143": {
            "year_quarter": 20143,
            "year": 2014,
            "quarter": 3,
            "eps": null,
            "eps_growth_year": null,
            "eps_4q": null,
            "eps_4q_growth_year": null,
            "roe": null,
            "roe_4q": 0,
            "gross_profit": null,
            "gross_margin": null,
            "gross_margin_4q_avg": 0,
            "net_income": null,
            "revenue": null,
            "common_shares": null,
            "book_valuer_per_share": null,
            "book_valuer_per_share_4q_avg": 5.6,
            "equity": null,
            "current_ratio": null,
            "debt_ratio": null,
            "inventory_turnover_ratio": null,
            "account_receivable_turnover_ratio": null,
            "reinvestment_rate": null,
            "research_to_sale_ratio": null,
            "price_fair": 0,
            "eps_avg_yearly": 0,
            "eps_latest_yearly": 0,
            "eps_growth_yearly": 0
        },
        "20144": {
            "year_quarter": 20144,
            "year": 2014,
            "quarter": 4,
            "eps": null,
            "eps_growth_year": null,
            "eps_4q": null,
            "eps_4q_growth_year": null,
            "roe": null,
            "roe_4q": 0,
            "gross_profit": null,
            "gross_margin": null,
            "gross_margin_4q_avg": 0,
            "net_income": null,
            "revenue": null,
            "common_shares": 137943,
            "book_valuer_per_share": 12.09,
            "book_valuer_per_share_4q_avg": 5.86,
            "equity": 166826,
            "current_ratio": 245.75,
            "debt_ratio": 40.72,
            "inventory_turnover_ratio": null,
            "account_receivable_turnover_ratio": null,
            "reinvestment_rate": null,
            "research_to_sale_ratio": null,
            "price_fair": 0,
            "eps_avg_yearly": 0,
            "eps_latest_yearly": 0,
            "eps_growth_yearly": 0
        },
        "20151": {
            "year_quarter": 20151,
            "year": 2015,
            "quarter": 1,
            "eps": null,
            "eps_growth_year": null,
            "eps_4q": null,
            "eps_4q_growth_year": null,
            "roe": null,
            "roe_4q": 0,
            "gross_profit": 24588,
            "gross_margin": null,
            "gross_margin_4q_avg": 0,
            "net_income": 6665,
            "revenue": 61111,
            "common_shares": 137943,
            "book_valuer_per_share": 12.54,
            "book_valuer_per_share_4q_avg": 9,
            "equity": 172999,
            "current_ratio": 247.35,
            "debt_ratio": 38.83,
            "inventory_turnover_ratio": null,
            "account_receivable_turnover_ratio": null,
            "reinvestment_rate": null,
            "research_to_sale_ratio": null,
            "price_fair": 0,
            "eps_avg_yearly": 0,
            "eps_latest_yearly": 0,
            "eps_growth_yearly": 0
        },
        "20152": {
            "year_quarter": 20152,
            "year": 2015,
            "quarter": 2,
            "eps": 0.27,
            "eps_growth_year": null,
            "eps_4q": null,
            "eps_4q_growth_year": null,
            "roe": 2.21,
            "roe_4q": 2.21,
            "gross_profit": 40765,
            "gross_margin": 37.28,
            "gross_margin_4q_avg": 9.32,
            "net_income": 3661,
            "revenue": 109361,
            "common_shares": 137943,
            "book_valuer_per_share": 11.48,
            "book_valuer_per_share_4q_avg": 9.03,
            "equity": 158415,
            "current_ratio": 195.82,
            "debt_ratio": 48.84,
            "inventory_turnover_ratio": 0.69,
            "account_receivable_turnover_ratio": 3.96,
            "reinvestment_rate": null,
            "research_to_sale_ratio": null,
            "price_fair": 0,
            "eps_avg_yearly": 0,
            "eps_latest_yearly": 0,
            "eps_growth_yearly": 0
        },
        "20153": {
            "year_quarter": 20153,
            "year": 2015,
            "quarter": 3,
            "eps": null,
            "eps_growth_year": null,
            "eps_4q": null,
            "eps_4q_growth_year": null,
            "roe": null,
            "roe_4q": 2.21,
            "gross_profit": 32341,
            "gross_margin": null,
            "gross_margin_4q_avg": 9.32,
            "net_income": 11440,
            "revenue": 78769,
            "common_shares": 137943,
            "book_valuer_per_share": 12.38,
            "book_valuer_per_share_4q_avg": 12.12,
            "equity": 170796,
            "current_ratio": 218,
            "debt_ratio": 44.31,
            "inventory_turnover_ratio": null,
            "account_receivable_turnover_ratio": null,
            "reinvestment_rate": null,
            "research_to_sale_ratio": null,
            "price_fair": 0,
            "eps_avg_yearly": 0,
            "eps_latest_yearly": 0,
            "eps_growth_yearly": 0
        },
        "20154": {
            "year_quarter": 20154,
            "year": 2015,
            "quarter": 4,
            "eps": null,
            "eps_growth_year": null,
            "eps_4q": null,
            "eps_4q_growth_year": null,
            "roe": null,
            "roe_4q": 2.21,
            "gross_profit": 43260,
            "gross_margin": null,
            "gross_margin_4q_avg": 9.32,
            "net_income": 14047,
            "revenue": 113340,
            "common_shares": 137943,
            "book_valuer_per_share": 13.19,
            "book_valuer_per_share_4q_avg": 12.4,
            "equity": 182003,
            "current_ratio": 211.24,
            "debt_ratio": 46.72,
            "inventory_turnover_ratio": null,
            "account_receivable_turnover_ratio": null,
            "reinvestment_rate": null,
            "research_to_sale_ratio": null,
            "price_fair": 0,
            "eps_avg_yearly": 0,
            "eps_latest_yearly": 0,
            "eps_growth_yearly": 0
        },
        "20161": {
            "year_quarter": 20161,
            "year": 2016,
            "quarter": 1,
            "eps": 0.49,
            "eps_growth_year": null,
            "eps_4q": 0.76,
            "eps_4q_growth_year": null,
            "roe": 3.68,
            "roe_4q": 5.890000000000001,
            "gross_profit": 31586,
            "gross_margin": 40.53,
            "gross_margin_4q_avg": 19.45,
            "net_income": 6827,
            "revenue": 77923,
            "common_shares": 137943,
            "book_valuer_per_share": 13.68,
            "book_valuer_per_share_4q_avg": 12.68,
            "equity": 188659,
            "current_ratio": 217.02,
            "debt_ratio": 45.6,
            "inventory_turnover_ratio": 0.46,
            "account_receivable_turnover_ratio": 1.74,
            "reinvestment_rate": null,
            "research_to_sale_ratio": 9.02,
            "price_fair": 0,
            "eps_avg_yearly": 0,
            "eps_latest_yearly": 0,
            "eps_growth_yearly": 0
        },
        "20162": {
            "year_quarter": 20162,
            "year": 2016,
            "quarter": 2,
            "eps": 1.27,
            "eps_growth_year": 378.52,
            "eps_4q": 1.76,
            "eps_4q_growth_year": null,
            "roe": 9.56,
            "roe_4q": 13.24,
            "gross_profit": 50459,
            "gross_margin": 41.22,
            "gross_margin_4q_avg": 20.44,
            "net_income": 17492,
            "revenue": 122417,
            "common_shares": 137943,
            "book_valuer_per_share": 12.86,
            "book_valuer_per_share_4q_avg": 13.03,
            "equity": 177374,
            "current_ratio": 188.26,
            "debt_ratio": 52.37,
            "inventory_turnover_ratio": 0.68,
            "account_receivable_turnover_ratio": 2.86,
            "reinvestment_rate": null,
            "research_to_sale_ratio": 6.18,
            "price_fair": 177.8,
            "eps_avg_yearly": 5.08,
            "eps_latest_yearly": 5.08,
            "eps_growth_yearly": 636.73
        },
        "20163": {
            "year_quarter": 20163,
            "year": 2016,
            "quarter": 3,
            "eps": 0.84,
            "eps_growth_year": null,
            "eps_4q": 2.3,
            "eps_4q_growth_year": null,
            "roe": 5.43,
            "roe_4q": 18.67,
            "gross_profit": 39463,
            "gross_margin": 39.42,
            "gross_margin_4q_avg": 30.29,
            "net_income": 11574,
            "revenue": 100118,
            "common_shares": 156343,
            "book_valuer_per_share": 15.93,
            "book_valuer_per_share_4q_avg": 13.92,
            "equity": 249043,
            "current_ratio": 262.34,
            "debt_ratio": 38.44,
            "inventory_turnover_ratio": 0.59,
            "account_receivable_turnover_ratio": 2.05,
            "reinvestment_rate": null,
            "research_to_sale_ratio": 7,
            "price_fair": 147.7,
            "eps_avg_yearly": 4.22,
            "eps_latest_yearly": 3.36,
            "eps_growth_yearly": 250.65
        },
        "20164": {
            "year_quarter": 20164,
            "year": 2016,
            "quarter": 4,
            "eps": 0.74,
            "eps_growth_year": null,
            "eps_4q": 3.03,
            "eps_4q_growth_year": null,
            "roe": 4.54,
            "roe_4q": 23.21,
            "gross_profit": 43858,
            "gross_margin": 40.29,
            "gross_margin_4q_avg": 40.37,
            "net_income": 11539,
            "revenue": 108854,
            "common_shares": 156343,
            "book_valuer_per_share": 16.57,
            "book_valuer_per_share_4q_avg": 14.76,
            "equity": 259037,
            "current_ratio": 261.65,
            "debt_ratio": 38.28,
            "inventory_turnover_ratio": 0.6,
            "account_receivable_turnover_ratio": 2.58,
            "reinvestment_rate": null,
            "research_to_sale_ratio": 8.59,
            "price_fair": 133,
            "eps_avg_yearly": 3.8,
            "eps_latest_yearly": 2.96,
            "eps_growth_yearly": 151.23
        },
        "20171": {
            "year_quarter": 20171,
            "year": 2017,
            "quarter": 1,
            "eps": 0.41,
            "eps_growth_year": -16.33,
            "eps_4q": 3.01,
            "eps_4q_growth_year": 296.13,
            "roe": 2.48,
            "roe_4q": 22.009999999999998,
            "gross_profit": 33188,
            "gross_margin": 37.47,
            "gross_margin_4q_avg": 39.6,
            "net_income": 6483,
            "revenue": 88566,
            "common_shares": 156343,
            "book_valuer_per_share": 16.9,
            "book_valuer_per_share_4q_avg": 15.57,
            "equity": 264241,
            "current_ratio": 264.17,
            "debt_ratio": 37.63,
            "inventory_turnover_ratio": 0.48,
            "account_receivable_turnover_ratio": 2.13,
            "reinvestment_rate": null,
            "research_to_sale_ratio": 6.55,
            "price_fair": 114.1,
            "eps_avg_yearly": 3.26,
            "eps_latest_yearly": 1.64,
            "eps_growth_yearly": 68.83
        },
        "20172": {
            "year_quarter": 20172,
            "year": 2017,
            "quarter": 2,
            "eps": 0.83,
            "eps_growth_year": -34.65,
            "eps_4q": 2.72,
            "eps_4q_growth_year": 54.26,
            "roe": 5.15,
            "roe_4q": 17.6,
            "gross_profit": 40887,
            "gross_margin": 36.12,
            "gross_margin_4q_avg": 38.33,
            "net_income": 12923,
            "revenue": 113203,
            "common_shares": 156343,
            "book_valuer_per_share": 15.17,
            "book_valuer_per_share_4q_avg": 16.14,
            "equity": 237152,
            "current_ratio": 204.42,
            "debt_ratio": 46.48,
            "inventory_turnover_ratio": 0.62,
            "account_receivable_turnover_ratio": 2.67,
            "reinvestment_rate": null,
            "research_to_sale_ratio": 6.68,
            "price_fair": 114.52,
            "eps_avg_yearly": 3.27,
            "eps_latest_yearly": 3.32,
            "eps_growth_yearly": 137.01
        },
        "20173": {
            "year_quarter": 20173,
            "year": 2017,
            "quarter": 3,
            "eps": 0.87,
            "eps_growth_year": 3.57,
            "eps_4q": 2.85,
            "eps_4q_growth_year": 24.05,
            "roe": 5.56,
            "roe_4q": 17.73,
            "gross_profit": 40264,
            "gross_margin": 35.18,
            "gross_margin_4q_avg": 37.27,
            "net_income": 13579,
            "revenue": 114437,
            "common_shares": 156343,
            "book_valuer_per_share": 16.07,
            "book_valuer_per_share_4q_avg": 16.18,
            "equity": 251283,
            "current_ratio": 247.45,
            "debt_ratio": 39.31,
            "inventory_turnover_ratio": 0.66,
            "account_receivable_turnover_ratio": 2.72,
            "reinvestment_rate": null,
            "research_to_sale_ratio": 5.76,
            "price_fair": 115.73,
            "eps_avg_yearly": 3.31,
            "eps_latest_yearly": 3.48,
            "eps_growth_yearly": 117.39
        },
        "20174": {
            "year_quarter": 20174,
            "year": 2017,
            "quarter": 4,
            "eps": 0.84,
            "eps_growth_year": 14.01,
            "eps_4q": 2.95,
            "eps_4q_growth_year": -2.72,
            "roe": 5.1,
            "roe_4q": 18.29,
            "gross_profit": 41087,
            "gross_margin": 38.18,
            "gross_margin_4q_avg": 36.74,
            "net_income": 13156,
            "revenue": 107623,
            "common_shares": 156343,
            "book_valuer_per_share": 16.95,
            "book_valuer_per_share_4q_avg": 16.27,
            "equity": 264993,
            "current_ratio": 241.9,
            "debt_ratio": 39.67,
            "inventory_turnover_ratio": 0.62,
            "account_receivable_turnover_ratio": 2.24,
            "reinvestment_rate": null,
            "research_to_sale_ratio": 7.2,
            "price_fair": 116,
            "eps_avg_yearly": 3.31,
            "eps_latest_yearly": 3.36,
            "eps_growth_yearly": 98.65
        },
        "20181": {
            "year_quarter": 20181,
            "year": 2018,
            "quarter": 1,
            "eps": 0.69,
            "eps_growth_year": 68.29,
            "eps_4q": 3.22,
            "eps_4q_growth_year": 7.05,
            "roe": 3.97,
            "roe_4q": 19.78,
            "gross_profit": 31333,
            "gross_margin": 33.89,
            "gross_margin_4q_avg": 35.84,
            "net_income": 10752,
            "revenue": 92466,
            "common_shares": 156343,
            "book_valuer_per_share": 17.69,
            "book_valuer_per_share_4q_avg": 16.47,
            "equity": 276553,
            "current_ratio": 290.23,
            "debt_ratio": 33.63,
            "inventory_turnover_ratio": 0.83,
            "account_receivable_turnover_ratio": 2.4,
            "reinvestment_rate": null,
            "research_to_sale_ratio": 11.03,
            "price_fair": 113.58,
            "eps_avg_yearly": 3.25,
            "eps_latest_yearly": 2.76,
            "eps_growth_yearly": 77.39
        },
        "20182": {
            "year_quarter": 20182,
            "year": 2018,
            "quarter": 2,
            "eps": 1.22,
            "eps_growth_year": 46.99,
            "eps_4q": 3.62,
            "eps_4q_growth_year": 33.11,
            "roe": 7.2,
            "roe_4q": 21.83,
            "gross_profit": 48674,
            "gross_margin": 40.34,
            "gross_margin_4q_avg": 36.9,
            "net_income": 19109,
            "revenue": 120664,
            "common_shares": 156343,
            "book_valuer_per_share": 16.28,
            "book_valuer_per_share_4q_avg": 16.75,
            "equity": 254449,
            "current_ratio": 224.51,
            "debt_ratio": 42.32,
            "inventory_turnover_ratio": 1.72,
            "account_receivable_turnover_ratio": 3.45,
            "reinvestment_rate": null,
            "research_to_sale_ratio": 8.14,
            "price_fair": 119.93,
            "eps_avg_yearly": 3.43,
            "eps_latest_yearly": 4.88,
            "eps_growth_yearly": 102.93
        },
        "20183": {
            "year_quarter": 20183,
            "year": 2018,
            "quarter": 3,
            "eps": 0.98,
            "eps_growth_year": 12.64,
            "eps_4q": 3.74,
            "eps_4q_growth_year": 31.19,
            "roe": 5.89,
            "roe_4q": 22.159999999999997,
            "gross_profit": 44640,
            "gross_margin": 36.06,
            "gross_margin_4q_avg": 37.12,
            "net_income": 15393,
            "revenue": 123811,
            "common_shares": 156343,
            "book_valuer_per_share": 17.16,
            "book_valuer_per_share_4q_avg": 17.02,
            "equity": 268290,
            "current_ratio": 257.83,
            "debt_ratio": 36.94,
            "inventory_turnover_ratio": 1.74,
            "account_receivable_turnover_ratio": 3.14,
            "reinvestment_rate": null,
            "research_to_sale_ratio": 6.54,
            "price_fair": 121.66,
            "eps_avg_yearly": 3.48,
            "eps_latest_yearly": 3.92,
            "eps_growth_yearly": 84.77
        },
        "20184": {
            "year_quarter": 20184,
            "year": 2018,
            "quarter": 4,
            "eps": 1.29,
            "eps_growth_year": 53.51,
            "eps_4q": 4.19,
            "eps_4q_growth_year": 41.85,
            "roe": 7.25,
            "roe_4q": 24.31,
            "gross_profit": 58769,
            "gross_margin": 37,
            "gross_margin_4q_avg": 36.82,
            "net_income": 20196,
            "revenue": 158856,
            "common_shares": 156343,
            "book_valuer_per_share": 18.47,
            "book_valuer_per_share_4q_avg": 17.4,
            "equity": 288779,
            "current_ratio": 167.96,
            "debt_ratio": 60.92,
            "inventory_turnover_ratio": 1.91,
            "account_receivable_turnover_ratio": 3.44,
            "reinvestment_rate": 172.26,
            "research_to_sale_ratio": 6.37,
            "price_fair": 127.02,
            "eps_avg_yearly": 3.63,
            "eps_latest_yearly": 5.16,
            "eps_growth_yearly": 88.56
        },
        "20191": {
            "year_quarter": 20191,
            "year": 2019,
            "quarter": 1,
            "eps": 0.44,
            "eps_growth_year": -36.23,
            "eps_4q": 3.94,
            "eps_4q_growth_year": 22.27,
            "roe": 2.37,
            "roe_4q": 22.71,
            "gross_profit": 35546,
            "gross_margin": 33.9,
            "gross_margin_4q_avg": 36.83,
            "net_income": 6936,
            "revenue": 104860,
            "common_shares": 156343,
            "book_valuer_per_share": 18.99,
            "book_valuer_per_share_4q_avg": 17.73,
            "equity": 296933,
            "current_ratio": 183.9,
            "debt_ratio": 58.35,
            "inventory_turnover_ratio": 1.31,
            "account_receivable_turnover_ratio": 2.43,
            "reinvestment_rate": 170.6,
            "research_to_sale_ratio": 9.64,
            "price_fair": 121.57,
            "eps_avg_yearly": 3.47,
            "eps_latest_yearly": 1.76,
            "eps_growth_yearly": 59.22
        },
        "20192": {
            "year_quarter": 20192,
            "year": 2019,
            "quarter": 2,
            "eps": 1.8,
            "eps_growth_year": 47.54,
            "eps_4q": 4.07,
            "eps_4q_growth_year": 12.37,
            "roe": 11.2,
            "roe_4q": 26.71,
            "gross_profit": 75945,
            "gross_margin": 40.38,
            "gross_margin_4q_avg": 36.84,
            "net_income": 33794,
            "revenue": 188059,
            "common_shares": 156343,
            "book_valuer_per_share": 19.61,
            "book_valuer_per_share_4q_avg": 18.56,
            "equity": 306588,
            "current_ratio": 186.82,
            "debt_ratio": 57.7,
            "inventory_turnover_ratio": 2.19,
            "account_receivable_turnover_ratio": 4.78,
            "reinvestment_rate": 147.84,
            "research_to_sale_ratio": 5.7,
            "price_fair": 131.6,
            "eps_avg_yearly": 3.76,
            "eps_latest_yearly": 7.2,
            "eps_growth_yearly": 149.77
        },
        "20193": {
            "year_quarter": 20193,
            "year": 2019,
            "quarter": 3,
            "eps": 0.61,
            "eps_growth_year": -37.76,
            "eps_4q": 3.86,
            "eps_4q_growth_year": 3.24,
            "roe": 3.67,
            "roe_4q": 24.49,
            "gross_profit": 49163,
            "gross_margin": 38.27,
            "gross_margin_4q_avg": 37.39,
            "net_income": 11436,
            "revenue": 128469,
            "common_shares": 187612,
            "book_valuer_per_share": 16.84,
            "book_valuer_per_share_4q_avg": 18.48,
            "equity": 315983,
            "current_ratio": 225.69,
            "debt_ratio": 53.45,
            "inventory_turnover_ratio": 1.43,
            "account_receivable_turnover_ratio": 3.34,
            "reinvestment_rate": 147.16,
            "research_to_sale_ratio": 8.34,
            "price_fair": 128.3,
            "eps_avg_yearly": 3.67,
            "eps_latest_yearly": 2.44,
            "eps_growth_yearly": 120.18
        },
        "20194": {
            "year_quarter": 20194,
            "year": 2019,
            "quarter": 4,
            "eps": 0.64,
            "eps_growth_year": -50.83,
            "eps_4q": 3.42,
            "eps_4q_growth_year": -18.41,
            "roe": 3.7,
            "roe_4q": 20.94,
            "gross_profit": 54712,
            "gross_margin": 36.41,
            "gross_margin_4q_avg": 37.24,
            "net_income": 11917,
            "revenue": 150281,
            "common_shares": 187612,
            "book_valuer_per_share": 17.46,
            "book_valuer_per_share_4q_avg": 18.23,
            "equity": 327512,
            "current_ratio": 208.47,
            "debt_ratio": 53.44,
            "inventory_turnover_ratio": 1.65,
            "account_receivable_turnover_ratio": 3.86,
            "reinvestment_rate": 154.89,
            "research_to_sale_ratio": 8.37,
            "price_fair": 125.72,
            "eps_avg_yearly": 3.59,
            "eps_latest_yearly": 2.56,
            "eps_growth_yearly": 113.48
        },
        "20201": {
            "year_quarter": 20201,
            "year": 2020,
            "quarter": 1,
            "eps": 0.59,
            "eps_growth_year": 34.09,
            "eps_4q": 3.63,
            "eps_4q_growth_year": -7.84,
            "roe": 3.31,
            "roe_4q": 21.88,
            "gross_profit": 40699,
            "gross_margin": 34.24,
            "gross_margin_4q_avg": 37.33,
            "net_income": 11014,
            "revenue": 118870,
            "common_shares": 187612,
            "book_valuer_per_share": 18.01,
            "book_valuer_per_share_4q_avg": 17.98,
            "equity": 337868,
            "current_ratio": 217.69,
            "debt_ratio": 51.82,
            "inventory_turnover_ratio": 1.38,
            "account_receivable_turnover_ratio": 2.4,
            "reinvestment_rate": 152.81,
            "research_to_sale_ratio": 8.27,
            "price_fair": 123.03,
            "eps_avg_yearly": 3.52,
            "eps_latest_yearly": 2.36,
            "eps_growth_yearly": 104.44
        },
        "20202": {
            "year_quarter": 20202,
            "year": 2020,
            "quarter": 2,
            "eps": 0.48,
            "eps_growth_year": -73.33,
            "eps_4q": 2.08,
            "eps_4q_growth_year": -48.95,
            "roe": 3.18,
            "roe_4q": 13.860000000000001,
            "gross_profit": 44319,
            "gross_margin": 34.8,
            "gross_margin_4q_avg": 35.93,
            "net_income": 10439,
            "revenue": 127344,
            "common_shares": 187612,
            "book_valuer_per_share": 17.02,
            "book_valuer_per_share_4q_avg": 17.33,
            "equity": 319325,
            "current_ratio": 186.51,
            "debt_ratio": 54.98,
            "inventory_turnover_ratio": 1.44,
            "account_receivable_turnover_ratio": 2.25,
            "reinvestment_rate": 157,
            "research_to_sale_ratio": 7.71,
            "price_fair": 116.11,
            "eps_avg_yearly": 3.32,
            "eps_latest_yearly": 1.92,
            "eps_growth_yearly": 59.98
        },
        "20203": {
            "year_quarter": 20203,
            "year": 2020,
            "quarter": 3,
            "eps": 0.92,
            "eps_growth_year": 50.82,
            "eps_4q": 2.47,
            "eps_4q_growth_year": -36.07,
            "roe": 6.01,
            "roe_4q": 16.2,
            "gross_profit": 56968,
            "gross_margin": 42.46,
            "gross_margin_4q_avg": 36.98,
            "net_income": 19830,
            "revenue": 134162,
            "common_shares": 215754,
            "book_valuer_per_share": 15.77,
            "book_valuer_per_share_4q_avg": 17.07,
            "equity": 340190,
            "current_ratio": 229.51,
            "debt_ratio": 50.26,
            "inventory_turnover_ratio": 1.28,
            "account_receivable_turnover_ratio": 2.58,
            "reinvestment_rate": 150.69,
            "research_to_sale_ratio": 7.05,
            "price_fair": 116.81,
            "eps_avg_yearly": 3.34,
            "eps_latest_yearly": 3.68,
            "eps_growth_yearly": 91.36
        },
        "20204": {
            "year_quarter": 20204,
            "year": 2020,
            "quarter": 4,
            "eps": 0.6,
            "eps_growth_year": -4.92,
            "eps_4q": 2.52,
            "eps_4q_growth_year": -26.3,
            "roe": 3.76,
            "roe_4q": 16.259999999999998,
            "gross_profit": 49941,
            "gross_margin": 38.92,
            "gross_margin_4q_avg": 37.61,
            "net_income": 13030,
            "revenue": 128333,
            "common_shares": 215754,
            "book_valuer_per_share": 16.34,
            "book_valuer_per_share_4q_avg": 16.79,
            "equity": 352531,
            "current_ratio": 230.53,
            "debt_ratio": 49.88,
            "inventory_turnover_ratio": 1.25,
            "account_receivable_turnover_ratio": 3.03,
            "reinvestment_rate": 149.51,
            "research_to_sale_ratio": 8.01,
            "price_fair": 115.59,
            "eps_avg_yearly": 3.3,
            "eps_latest_yearly": 2.4,
            "eps_growth_yearly": 85.64
        },
        "20211": {
            "year_quarter": 20211,
            "year": 2021,
            "quarter": 1,
            "eps": 0.24,
            "eps_growth_year": -59.32,
            "eps_4q": 2.24,
            "eps_4q_growth_year": -38.28,
            "roe": 1.43,
            "roe_4q": 14.379999999999999,
            "gross_profit": 37934,
            "gross_margin": 39.65,
            "gross_margin_4q_avg": 38.96,
            "net_income": 5083,
            "revenue": 95681,
            "common_shares": 215754,
            "book_valuer_per_share": 16.56,
            "book_valuer_per_share_4q_avg": 16.42,
            "equity": 357227,
            "current_ratio": 249.27,
            "debt_ratio": 48.13,
            "inventory_turnover_ratio": 0.86,
            "account_receivable_turnover_ratio": 2.35,
            "reinvestment_rate": 150,
            "research_to_sale_ratio": 12.03,
            "price_fair": 114.1,
            "eps_avg_yearly": 3.26,
            "eps_latest_yearly": 0.96,
            "eps_growth_yearly": 81.79
        },
        "20212": {
            "year_quarter": 20212,
            "year": 2021,
            "quarter": 2,
            "eps": 0.63,
            "eps_growth_year": 31.25,
            "eps_4q": 2.39,
            "eps_4q_growth_year": 15.24,
            "roe": 3.76,
            "roe_4q": 14.959999999999999,
            "gross_profit": 51027,
            "gross_margin": 36.89,
            "gross_margin_4q_avg": 39.48,
            "net_income": 13693,
            "revenue": 138313,
            "common_shares": 215754,
            "book_valuer_per_share": 17.17,
            "book_valuer_per_share_4q_avg": 16.46,
            "equity": 370391,
            "current_ratio": 235.61,
            "debt_ratio": 48.43,
            "inventory_turnover_ratio": 1.24,
            "account_receivable_turnover_ratio": 2.46,
            "reinvestment_rate": 148.96,
            "research_to_sale_ratio": 9.03,
            "price_fair": 112.35,
            "eps_avg_yearly": 3.21,
            "eps_latest_yearly": 2.52,
            "eps_growth_yearly": 96.8
        },
        "20213": {
            "year_quarter": 20213,
            "year": 2021,
            "quarter": 3,
            "eps": 1.12,
            "eps_growth_year": 21.74,
            "eps_4q": 2.39,
            "eps_4q_growth_year": -3.07,
            "roe": 7.39,
            "roe_4q": 16.339999999999996,
            "gross_profit": 70263,
            "gross_margin": 42.94,
            "gross_margin_4q_avg": 39.6,
            "net_income": 28011,
            "revenue": 163612,
            "common_shares": 250275,
            "book_valuer_per_share": 15.49,
            "book_valuer_per_share_4q_avg": 16.39,
            "equity": 387560,
            "current_ratio": 264.85,
            "debt_ratio": 45.87,
            "inventory_turnover_ratio": 1.08,
            "account_receivable_turnover_ratio": 2.01,
            "reinvestment_rate": 140.51,
            "research_to_sale_ratio": 6.91,
            "price_fair": 114.54,
            "eps_avg_yearly": 3.27,
            "eps_latest_yearly": 4.48,
            "eps_growth_yearly": 115.04
        },
        "20214": {
            "year_quarter": 20214,
            "year": 2021,
            "quarter": 4,
            "eps": 0.53,
            "eps_growth_year": -12.75,
            "eps_4q": 2.4,
            "eps_4q_growth_year": -4.81,
            "roe": 3.35,
            "roe_4q": 15.93,
            "gross_profit": 53740,
            "gross_margin": 38.59,
            "gross_margin_4q_avg": 39.52,
            "net_income": 13187,
            "revenue": 139264,
            "common_shares": 250275,
            "book_valuer_per_share": 15.99,
            "book_valuer_per_share_4q_avg": 16.3,
            "equity": 400211,
            "current_ratio": 279.84,
            "debt_ratio": 44.24,
            "inventory_turnover_ratio": 0.82,
            "account_receivable_turnover_ratio": 1.81,
            "reinvestment_rate": 139.92,
            "research_to_sale_ratio": 8.84,
            "price_fair": 111.83,
            "eps_avg_yearly": 3.2,
            "eps_latest_yearly": 2.12,
            "eps_growth_yearly": 102.74
        },
        "20221": {
            "year_quarter": 20221,
            "year": 2022,
            "quarter": 1,
            "eps": 0.62,
            "eps_growth_year": 158.33,
            "eps_4q": 2.81,
            "eps_4q_growth_year": 25.5,
            "roe": 3.8,
            "roe_4q": 18.299999999999997,
            "gross_profit": 43769,
            "gross_margin": 38.22,
            "gross_margin_4q_avg": 39.16,
            "net_income": 15543,
            "revenue": 114505,
            "common_shares": 250275,
            "book_valuer_per_share": 16.71,
            "book_valuer_per_share_4q_avg": 16.34,
            "equity": 418285,
            "current_ratio": 340.87,
            "debt_ratio": 40.88,
            "inventory_turnover_ratio": 0.7,
            "account_receivable_turnover_ratio": 1.79,
            "reinvestment_rate": 136.84,
            "research_to_sale_ratio": 7.66,
            "price_fair": 111.21,
            "eps_avg_yearly": 3.18,
            "eps_latest_yearly": 2.48,
            "eps_growth_yearly": 111.45
        },
        "20222": {
            "year_quarter": 20222,
            "year": 2022,
            "quarter": 2,
            "eps": 0.57,
            "eps_growth_year": -9.52,
            "eps_4q": 2.58,
            "eps_4q_growth_year": 7.69,
            "roe": 3.45,
            "roe_4q": 17.99,
            "gross_profit": 41951,
            "gross_margin": 41.04,
            "gross_margin_4q_avg": 40.2,
            "net_income": 14216,
            "revenue": 102210,
            "common_shares": 250275,
            "book_valuer_per_share": 16.24,
            "book_valuer_per_share_4q_avg": 16.11,
            "equity": 406436,
            "current_ratio": 290.08,
            "debt_ratio": 42.93,
            "inventory_turnover_ratio": 0.69,
            "account_receivable_turnover_ratio": 1.49,
            "reinvestment_rate": 138.85,
            "research_to_sale_ratio": 9.01,
            "price_fair": 105.53,
            "eps_avg_yearly": 3.02,
            "eps_latest_yearly": 2.28,
            "eps_growth_yearly": 90.23
        },
        "20223": {
            "year_quarter": 20223,
            "year": 2022,
            "quarter": 3,
            "eps": 0.66,
            "eps_growth_year": -41.07,
            "eps_4q": 2.22,
            "eps_4q_growth_year": -7.3,
            "roe": 4.34,
            "roe_4q": 14.94,
            "gross_profit": 47962,
            "gross_margin": 39.19,
            "gross_margin_4q_avg": 39.26,
            "net_income": 18050,
            "revenue": 122394,
            "common_shares": 275302,
            "book_valuer_per_share": 15.44,
            "book_valuer_per_share_4q_avg": 16.1,
            "equity": 425053,
            "current_ratio": 353.77,
            "debt_ratio": 39.7,
            "inventory_turnover_ratio": 0.93,
            "account_receivable_turnover_ratio": 1.93,
            "reinvestment_rate": 136.92,
            "research_to_sale_ratio": 6.92,
            "price_fair": 102.73,
            "eps_avg_yearly": 2.94,
            "eps_latest_yearly": 2.64,
            "eps_growth_yearly": 99.09
        },
        "20224": {
            "year_quarter": 20224,
            "year": 2022,
            "quarter": 4,
            "eps": 0.34,
            "eps_growth_year": -35.09,
            "eps_4q": 2.08,
            "eps_4q_growth_year": -13.26,
            "roe": 2.19,
            "roe_4q": 13.780000000000001,
            "gross_profit": 52074,
            "gross_margin": 37.76,
            "gross_margin_4q_avg": 39.05,
            "net_income": 9416,
            "revenue": 137899,
            "common_shares": 275302,
            "book_valuer_per_share": 15.83,
            "book_valuer_per_share_4q_avg": 16.06,
            "equity": 435776,
            "current_ratio": 294.34,
            "debt_ratio": 41.02,
            "inventory_turnover_ratio": 1.06,
            "account_receivable_turnover_ratio": 2.44,
            "reinvestment_rate": -0.32,
            "research_to_sale_ratio": 8.48,
            "price_fair": 94.41,
            "eps_avg_yearly": 2.7,
            "eps_latest_yearly": 1.36,
            "eps_growth_yearly": 79.06
        },
        "20231": {
            "year_quarter": 20231,
            "year": 2023,
            "quarter": 1,
            "eps": 0.59,
            "eps_growth_year": -4.84,
            "eps_4q": 2.1,
            "eps_4q_growth_year": -25.3,
            "roe": 3.65,
            "roe_4q": 13.629999999999999,
            "gross_profit": 52950,
            "gross_margin": 35.29,
            "gross_margin_4q_avg": 38.32,
            "net_income": 16196,
            "revenue": 150053,
            "common_shares": 275302,
            "book_valuer_per_share": 16.43,
            "book_valuer_per_share_4q_avg": 15.99,
            "equity": 452351,
            "current_ratio": 327.55,
            "debt_ratio": 38.77,
            "inventory_turnover_ratio": 1.24,
            "account_receivable_turnover_ratio": 1.93,
            "reinvestment_rate": -0.17,
            "research_to_sale_ratio": 5.31,
            "price_fair": 95.73,
            "eps_avg_yearly": 2.74,
            "eps_latest_yearly": 2.36,
            "eps_growth_yearly": 113.92
        }
    },
    "months": {
        "2012-11": {
            "month": "2012-11",
            "price": "15.25",
            "revenue": 22933
        },
        "2012-12": {
            "month": "2012-12",
            "price": "17.55",
            "revenue": 33707
        },
        "2013-01": {
            "month": "2013-01",
            "price": "18.06",
            "revenue": 10756
        },
        "2013-02": {
            "month": "2013-02",
            "price": "18.20",
            "revenue": 14134
        },
        "2013-03": {
            "month": "2013-03",
            "price": "20.84",
            "revenue": 14766
        },
        "2013-04": {
            "month": "2013-04",
            "price": "21.22",
            "revenue": 31854
        },
        "2013-05": {
            "month": "2013-05",
            "price": "20.52",
            "revenue": 16711
        },
        "2013-06": {
            "month": "2013-06",
            "price": "20.49",
            "revenue": 27754
        },
        "2013-07": {
            "month": "2013-07",
            "price": "20.82",
            "revenue": 26454
        },
        "2013-08": {
            "month": "2013-08",
            "price": "23.75",
            "revenue": 26559
        },
        "2013-09": {
            "month": "2013-09",
            "price": "27.05",
            "revenue": 35320
        },
        "2013-10": {
            "month": "2013-10",
            "price": "29.11",
            "revenue": 17544
        },
        "2013-11": {
            "month": "2013-11",
            "price": "27.14",
            "revenue": 16550
        },
        "2013-12": {
            "month": "2013-12",
            "price": "26.31",
            "revenue": 19162
        },
        "2014-01": {
            "month": "2014-01",
            "price": "25.47",
            "revenue": 15715
        },
        "2014-02": {
            "month": "2014-02",
            "price": "25.16",
            "revenue": 20420
        },
        "2014-03": {
            "month": "2014-03",
            "price": "26.39",
            "revenue": 21074
        },
        "2014-04": {
            "month": "2014-04",
            "price": "31.90",
            "revenue": 23158
        },
        "2014-05": {
            "month": "2014-05",
            "price": "31.34",
            "revenue": 22083
        },
        "2014-06": {
            "month": "2014-06",
            "price": "31.90",
            "revenue": 30506
        },
        "2014-07": {
            "month": "2014-07",
            "price": "32.77",
            "revenue": 20637
        },
        "2014-08": {
            "month": "2014-08",
            "price": "28.22",
            "revenue": 25810
        },
        "2014-09": {
            "month": "2014-09",
            "price": "26.67",
            "revenue": 22498
        },
        "2014-10": {
            "month": "2014-10",
            "price": "24.75",
            "revenue": 21334
        },
        "2014-11": {
            "month": "2014-11",
            "price": "24.44",
            "revenue": 49327
        },
        "2014-12": {
            "month": "2014-12",
            "price": "28.07",
            "revenue": 41695
        },
        "2015-01": {
            "month": "2015-01",
            "price": "28.18",
            "revenue": 20944
        },
        "2015-02": {
            "month": "2015-02",
            "price": "27.48",
            "revenue": 17439
        },
        "2015-03": {
            "month": "2015-03",
            "price": "26.92",
            "revenue": 22661
        },
        "2015-04": {
            "month": "2015-04",
            "price": "27.99",
            "revenue": 46431
        },
        "2015-05": {
            "month": "2015-05",
            "price": "29.32",
            "revenue": 28162
        },
        "2015-06": {
            "month": "2015-06",
            "price": "28.64",
            "revenue": 38122
        },
        "2015-07": {
            "month": "2015-07",
            "price": "27.43",
            "revenue": 28607
        },
        "2015-08": {
            "month": "2015-08",
            "price": "24.28",
            "revenue": 24181
        },
        "2015-09": {
            "month": "2015-09",
            "price": "22.69",
            "revenue": 25519
        },
        "2015-10": {
            "month": "2015-10",
            "price": "23.77",
            "revenue": 22161
        },
        "2015-11": {
            "month": "2015-11",
            "price": "23.53",
            "revenue": 34069
        },
        "2015-12": {
            "month": "2015-12",
            "price": "24.14",
            "revenue": 57280
        },
        "2016-01": {
            "month": "2016-01",
            "price": "26.59",
            "revenue": 16264
        },
        "2016-02": {
            "month": "2016-02",
            "price": "29.33",
            "revenue": 22685
        },
        "2016-03": {
            "month": "2016-03",
            "price": "30.08",
            "revenue": 38977
        },
        "2016-04": {
            "month": "2016-04",
            "price": "33.41",
            "revenue": 26801
        },
        "2016-05": {
            "month": "2016-05",
            "price": "34.02",
            "revenue": 50577
        },
        "2016-06": {
            "month": "2016-06",
            "price": "35.90",
            "revenue": 45078
        },
        "2016-07": {
            "month": "2016-07",
            "price": "37.61",
            "revenue": 24531
        },
        "2016-08": {
            "month": "2016-08",
            "price": "39.66",
            "revenue": 41309
        },
        "2016-09": {
            "month": "2016-09",
            "price": "54.99",
            "revenue": 34203
        },
        "2016-10": {
            "month": "2016-10",
            "price": "60.24",
            "revenue": 38968
        },
        "2016-11": {
            "month": "2016-11",
            "price": "53.58",
            "revenue": 39604
        },
        "2016-12": {
            "month": "2016-12",
            "price": "54.09",
            "revenue": 30714
        },
        "2017-01": {
            "month": "2017-01",
            "price": "50.96",
            "revenue": 34218
        },
        "2017-02": {
            "month": "2017-02",
            "price": "51.27",
            "revenue": 22717
        },
        "2017-03": {
            "month": "2017-03",
            "price": "51.26",
            "revenue": 31403
        },
        "2017-04": {
            "month": "2017-04",
            "price": "50.26",
            "revenue": 33975
        },
        "2017-05": {
            "month": "2017-05",
            "price": "48.78",
            "revenue": 36774
        },
        "2017-06": {
            "month": "2017-06",
            "price": "46.15",
            "revenue": 42569
        },
        "2017-07": {
            "month": "2017-07",
            "price": "43.54",
            "revenue": 39704
        },
        "2017-08": {
            "month": "2017-08",
            "price": "41.06",
            "revenue": 42558
        },
        "2017-09": {
            "month": "2017-09",
            "price": "43.35",
            "revenue": 31798
        },
        "2017-10": {
            "month": "2017-10",
            "price": "41.75",
            "revenue": 39625
        },
        "2017-11": {
            "month": "2017-11",
            "price": "41.02",
            "revenue": 31909
        },
        "2017-12": {
            "month": "2017-12",
            "price": "39.91",
            "revenue": 36325
        },
        "2018-01": {
            "month": "2018-01",
            "price": "40.41",
            "revenue": 28605
        },
        "2018-02": {
            "month": "2018-02",
            "price": "39.97",
            "revenue": 25224
        },
        "2018-03": {
            "month": "2018-03",
            "price": "40.44",
            "revenue": 38614
        },
        "2018-04": {
            "month": "2018-04",
            "price": "42.20",
            "revenue": 37513
        },
        "2018-05": {
            "month": "2018-05",
            "price": "42.59",
            "revenue": 38901
        },
        "2018-06": {
            "month": "2018-06",
            "price": "43.12",
            "revenue": 44184
        },
        "2018-07": {
            "month": "2018-07",
            "price": "42.72",
            "revenue": 46751
        },
        "2018-08": {
            "month": "2018-08",
            "price": "46.10",
            "revenue": 40561
        },
        "2018-09": {
            "month": "2018-09",
            "price": "47.96",
            "revenue": 36569
        },
        "2018-10": {
            "month": "2018-10",
            "price": "47.87",
            "revenue": 51765
        },
        "2018-11": {
            "month": "2018-11",
            "price": "48.66",
            "revenue": 50651
        },
        "2018-12": {
            "month": "2018-12",
            "price": "49.15",
            "revenue": 48274
        },
        "2019-01": {
            "month": "2019-01",
            "price": "49.47",
            "revenue": 43867
        },
        "2019-02": {
            "month": "2019-02",
            "price": "52.12",
            "revenue": 22866
        },
        "2019-03": {
            "month": "2019-03",
            "price": "53.90",
            "revenue": 38180
        },
        "2019-04": {
            "month": "2019-04",
            "price": "55.89",
            "revenue": 32532
        },
        "2019-05": {
            "month": "2019-05",
            "price": "55.67",
            "revenue": 107253
        },
        "2019-06": {
            "month": "2019-06",
            "price": "60.31",
            "revenue": 48305
        },
        "2019-07": {
            "month": "2019-07",
            "price": "61.97",
            "revenue": 51688
        },
        "2019-08": {
            "month": "2019-08",
            "price": "56.31",
            "revenue": 35287
        },
        "2019-09": {
            "month": "2019-09",
            "price": "55.59",
            "revenue": 41791
        },
        "2019-10": {
            "month": "2019-10",
            "price": "54.82",
            "revenue": 44638
        },
        "2019-11": {
            "month": "2019-11",
            "price": "54.85",
            "revenue": 48977
        },
        "2019-12": {
            "month": "2019-12",
            "price": "53.42",
            "revenue": 57301
        },
        "2020-01": {
            "month": "2020-01",
            "price": "53.94",
            "revenue": 36096
        },
        "2020-02": {
            "month": "2020-02",
            "price": "54.19",
            "revenue": 32053
        },
        "2020-03": {
            "month": "2020-03",
            "price": "49.57",
            "revenue": 50732
        },
        "2020-04": {
            "month": "2020-04",
            "price": "51.04",
            "revenue": 33479
        },
        "2020-05": {
            "month": "2020-05",
            "price": "55.37",
            "revenue": 43485
        },
        "2020-06": {
            "month": "2020-06",
            "price": "55.56",
            "revenue": 50519
        },
        "2020-07": {
            "month": "2020-07",
            "price": "51.83",
            "revenue": 42902
        },
        "2020-08": {
            "month": "2020-08",
            "price": "42.59",
            "revenue": 44548
        },
        "2020-09": {
            "month": "2020-09",
            "price": "41.00",
            "revenue": 46748
        },
        "2020-10": {
            "month": "2020-10",
            "price": "40.60",
            "revenue": 43640
        },
        "2020-11": {
            "month": "2020-11",
            "price": "41.77",
            "revenue": 50902
        },
        "2020-12": {
            "month": "2020-12",
            "price": "42.86",
            "revenue": 32652
        },
        "2021-01": {
            "month": "2021-01",
            "price": "41.46",
            "revenue": 39749
        },
        "2021-02": {
            "month": "2021-02",
            "price": "40.98",
            "revenue": 30035
        },
        "2021-03": {
            "month": "2021-03",
            "price": "42.43",
            "revenue": 25924
        },
        "2021-04": {
            "month": "2021-04",
            "price": "42.72",
            "revenue": 31068
        },
        "2021-05": {
            "month": "2021-05",
            "price": "39.16",
            "revenue": 44949
        },
        "2021-06": {
            "month": "2021-06",
            "price": "38.83",
            "revenue": 62573
        },
        "2021-07": {
            "month": "2021-07",
            "price": "39.82",
            "revenue": 50121
        },
        "2021-08": {
            "month": "2021-08",
            "price": "37.47",
            "revenue": 54985
        },
        "2021-09": {
            "month": "2021-09",
            "price": "35.96",
            "revenue": 58411
        },
        "2021-10": {
            "month": "2021-10",
            "price": "35.76",
            "revenue": 59319
        },
        "2021-11": {
            "month": "2021-11",
            "price": "37.51",
            "revenue": 52062
        },
        "2021-12": {
            "month": "2021-12",
            "price": "37.68",
            "revenue": 27829
        },
        "2022-01": {
            "month": "2022-01",
            "price": "38.26",
            "revenue": 41949
        },
        "2022-02": {
            "month": "2022-02",
            "price": "38.55",
            "revenue": 31497
        },
        "2022-03": {
            "month": "2022-03",
            "price": "39.99",
            "revenue": 40651
        },
        "2022-04": {
            "month": "2022-04",
            "price": "39.64",
            "revenue": 24964
        },
        "2022-05": {
            "month": "2022-05",
            "price": "38.76",
            "revenue": 28345
        },
        "2022-06": {
            "month": "2022-06",
            "price": "38.89",
            "revenue": 49190
        },
        "2022-07": {
            "month": "2022-07",
            "price": "37.93",
            "revenue": 40940
        },
        "2022-08": {
            "month": "2022-08",
            "price": "37.69",
            "revenue": 41301
        },
        "2022-09": {
            "month": "2022-09",
            "price": "35.78",
            "revenue": 40272
        },
        "2022-10": {
            "month": "2022-10",
            "price": "34.22",
            "revenue": 45492
        },
        "2022-11": {
            "month": "2022-11",
            "price": "34.06",
            "revenue": 43013
        },
        "2022-12": {
            "month": "2022-12",
            "price": "34.90",
            "revenue": 49394
        },
        "2023-01": {
            "month": "2023-01",
            "price": "34.88",
            "revenue": 33118
        },
        "2023-02": {
            "month": "2023-02",
            "price": "35.46",
            "revenue": 57415
        },
        "2023-03": {
            "month": "2023-03",
            "price": "38.12",
            "revenue": 59520
        },
        "2023-04": {
            "month": "2023-04",
            "price": "40.32",
            "revenue": 49310
        },
        "2023-05": {
            "month": "2023-05",
            "price": "40.82",
            "revenue": 70065
        }
    }
}
