{
    "summary": {
        "stock_name": "三福化",
        "stock_id": "4755",
        "category": "化工",
        "main_business": "精密化學品<br>基礎化學品<br>其他",
        "website_url": "http://www.sfchem.com.tw",
        "ceo": "蔡介榮",
        "pe_ratio": 37,
        "report_year_from": 2011,
        "report_year_to": 2023,
        "age": 13,
        "eps_negative_percentage": 0,
        "eps_growth_avg": {
            "last_all": 18.75,
            "last_2y": 6.16,
            "last_4y": 4.05,
            "last_8y": 15.17,
            "last_12y": null,
            "last_16y": null,
            "last_20y": null,
            "at_2006_last_3y": null,
            "at_2007_last_3y": null,
            "at_2008_last_3y": null,
            "at_2009_last_3y": null,
            "at_2010_last_3y": null,
            "at_2011_last_3y": null,
            "at_2012_last_3y": null,
            "at_2013_last_3y": null,
            "at_2014_last_3y": null,
            "at_2015_last_3y": null,
            "at_2016_last_3y": null,
            "at_2017_last_3y": 40.98,
            "at_2018_last_3y": 29.07,
            "at_2019_last_3y": 14.59,
            "at_2020_last_3y": 9.68,
            "at_2021_last_3y": 15.16,
            "at_2022_last_3y": 20.84,
            "at_2023_last_3y": 9.73,
            "at_2024_last_3y": 9.73,
            "at_2006_last_all": null,
            "at_2007_last_all": null,
            "at_2008_last_all": null,
            "at_2009_last_all": null,
            "at_2010_last_all": null,
            "at_2011_last_all": null,
            "at_2012_last_all": null,
            "at_2013_last_all": null,
            "at_2014_last_all": null,
            "at_2015_last_all": 45.09,
            "at_2016_last_all": 43.43,
            "at_2017_last_all": 40.98,
            "at_2018_last_all": 33.44,
            "at_2019_last_all": 24.76,
            "at_2020_last_all": 24.14,
            "at_2021_last_all": 28.07,
            "at_2022_last_all": 27.84,
            "at_2023_last_all": 18.75,
            "at_2024_last_all": 18.75
        },
        "latest_eps": 3.93,
        "latest_price": 143.5,
        "latest_roe": 8.87,
        "latest_gross_margin": 20,
        "latest_equity": 4350539,
        "latest_revenue": 1214123,
        "latest_gross_profit": 242816,
        "latest_net_income": 109931,
        "latest_debt_ratio": 42.26,
        "latest_current_ratio": 110.86,
        "latest_account_receivable_turnover_ratio": 0.94,
        "latest_inventory_turnover_ratio": 1.65,
        "latest_reinvestment_rate": 77.95,
        "latest_research_to_sale_ratio": 1.75
    },
    "eps_dividends": {
        "2001": {
            "cash": 0,
            "stock": 0,
            "eps": 0
        },
        "2002": {
            "cash": 0,
            "stock": 0,
            "eps": 0
        },
        "2003": {
            "cash": 0,
            "stock": 0,
            "eps": 0
        },
        "2004": {
            "cash": 0,
            "stock": 0,
            "eps": 0
        },
        "2005": {
            "cash": 0,
            "stock": 0,
            "eps": 0
        },
        "2006": {
            "cash": 0,
            "stock": 0,
            "eps": 0
        },
        "2007": {
            "cash": 0,
            "stock": 0,
            "eps": 0
        },
        "2008": {
            "cash": 0,
            "stock": 0,
            "eps": 0
        },
        "2009": {
            "cash": 0,
            "stock": 0,
            "eps": 0
        },
        "2010": {
            "cash": 0,
            "stock": 0,
            "eps": 0
        },
        "2011": {
            "cash": 0,
            "stock": 0,
            "eps": 0
        },
        "2012": {
            "cash": 0,
            "stock": 0,
            "eps": 0
        },
        "2013": {
            "cash": 0.65,
            "stock": 0,
            "eps": 1.08
        },
        "2014": {
            "cash": 0.68,
            "stock": 0,
            "eps": 1.63
        },
        "2015": {
            "cash": 0.7,
            "stock": 0,
            "eps": 2.27
        },
        "2016": {
            "cash": 1,
            "stock": 0,
            "eps": 3.18
        },
        "2017": {
            "cash": 1.6,
            "stock": 0,
            "eps": 4.25
        },
        "2018": {
            "cash": 2.6,
            "stock": 0,
            "eps": 4.39
        },
        "2019": {
            "cash": 2.7,
            "stock": 0,
            "eps": 3.57
        },
        "2020": {
            "cash": 2.5,
            "stock": 0,
            "eps": 4.3
        },
        "2021": {
            "cash": 3,
            "stock": 0,
            "eps": 6.69
        },
        "2022": {
            "cash": 5,
            "stock": 0,
            "eps": 8.43
        },
        "2023": {
            "cash": 5.9,
            "stock": 0,
            "eps": 3.11
        },
        "2024": {
            "cash": 3.5,
            "stock": 0,
            "eps": 0
        }
    },
    "dividends": {
        "2013-03-25": {
            "cash": 0.65,
            "stock": 0
        },
        "2014-06-24": {
            "cash": 0.68,
            "stock": 0
        },
        "2015-07-31": {
            "cash": 0.7,
            "stock": 0
        },
        "2016-08-05": {
            "cash": 1,
            "stock": 0
        },
        "2017-07-28": {
            "cash": 1.6,
            "stock": 0
        },
        "2018-07-20": {
            "cash": 2.6,
            "stock": 0
        },
        "2019-07-19": {
            "cash": 2.7,
            "stock": 0
        },
        "2020-07-24": {
            "cash": 2.5,
            "stock": 0
        },
        "2021-08-06": {
            "cash": 3,
            "stock": 0
        },
        "2022-07-29": {
            "cash": 5,
            "stock": 0
        },
        "2023-07-28": {
            "cash": 5.9,
            "stock": 0
        },
        "2024-02-27": {
            "cash": 3.5,
            "stock": 0
        }
    },
    "prices": {
        "200101": "無",
        "200102": "無",
        "200103": "無",
        "200104": "無",
        "200105": "無",
        "200106": "無",
        "200107": "無",
        "200108": "無",
        "200109": "無",
        "200110": "無",
        "200111": "無",
        "200112": "無",
        "200201": "無",
        "200202": "無",
        "200203": "無",
        "200204": "無",
        "200205": "無",
        "200206": "無",
        "200207": "無",
        "200208": "無",
        "200209": "無",
        "200210": "無",
        "200211": "無",
        "200212": "無",
        "200301": "無",
        "200302": "無",
        "200303": "無",
        "200304": "無",
        "200305": "無",
        "200306": "無",
        "200307": "無",
        "200308": "無",
        "200309": "無",
        "200310": "無",
        "200311": "無",
        "200312": "無",
        "200401": "無",
        "200402": "無",
        "200403": "無",
        "200404": "無",
        "200405": "無",
        "200406": "無",
        "200407": "無",
        "200408": "無",
        "200409": "無",
        "200410": "無",
        "200411": "無",
        "200412": "無",
        "200501": "無",
        "200502": "無",
        "200503": "無",
        "200504": "無",
        "200505": "無",
        "200506": "無",
        "200507": "無",
        "200508": "無",
        "200509": "無",
        "200510": "無",
        "200511": "無",
        "200512": "無",
        "200601": "無",
        "200602": "無",
        "200603": "無",
        "200604": "無",
        "200605": "無",
        "200606": "無",
        "200607": "無",
        "200608": "無",
        "200609": "無",
        "200610": "無",
        "200611": "無",
        "200612": "無",
        "200701": "無",
        "200702": "無",
        "200703": "無",
        "200704": "無",
        "200705": "無",
        "200706": "無",
        "200707": "無",
        "200708": "無",
        "200709": "無",
        "200710": "無",
        "200711": "無",
        "200712": "無",
        "200801": "無",
        "200802": "無",
        "200803": "無",
        "200804": "無",
        "200805": "無",
        "200806": "無",
        "200807": "無",
        "200808": "無",
        "200809": "無",
        "200810": "無",
        "200811": "無",
        "200812": "無",
        "200901": "無",
        "200902": "無",
        "200903": "無",
        "200904": "無",
        "200905": "無",
        "200906": "無",
        "200907": "無",
        "200908": "無",
        "200909": "無",
        "200910": "無",
        "200911": "無",
        "200912": "無",
        "201001": "無",
        "201002": "無",
        "201003": "無",
        "201004": "無",
        "201005": "無",
        "201006": "無",
        "201007": "無",
        "201008": "無",
        "201009": "無",
        "201010": "無",
        "201011": "無",
        "201012": "無",
        "201101": "無",
        "201102": "無",
        "201103": "無",
        "201104": "無",
        "201105": "無",
        "201106": "無",
        "201107": "無",
        "201108": "無",
        "201109": "無",
        "201110": "無",
        "201111": "無",
        "201112": "無",
        "201201": "無",
        "201202": "無",
        "201203": "無",
        "201204": "無",
        "201205": "無",
        "201206": "無",
        "201207": "無",
        "201208": "無",
        "201209": "無",
        "201210": "無",
        "201211": "無",
        "201212": "37.78",
        "201301": "33.53",
        "201302": "34.36",
        "201303": "37.97",
        "201304": "38.11",
        "201305": "38.70",
        "201306": "39.20",
        "201307": "43.65",
        "201308": "43.39",
        "201309": "40.00",
        "201310": "40.50",
        "201311": "30.60",
        "201312": "31.27",
        "201401": "31.35",
        "201402": "30.82",
        "201403": "32.10",
        "201404": "31.42",
        "201405": "28.92",
        "201406": "28.65",
        "201407": "29.22",
        "201408": "27.45",
        "201409": "28.01",
        "201410": "26.09",
        "201411": "25.03",
        "201412": "25.88",
        "201501": "26.81",
        "201502": "26.67",
        "201503": "26.79",
        "201504": "26.84",
        "201505": "27.00",
        "201506": "24.88",
        "201507": "23.28",
        "201508": "20.44",
        "201509": "21.15",
        "201510": "23.26",
        "201511": "24.03",
        "201512": "22.62",
        "201601": "22.29",
        "201602": "23.04",
        "201603": "23.78",
        "201604": "25.59",
        "201605": "25.09",
        "201606": "25.85",
        "201607": "27.35",
        "201608": "29.92",
        "201609": "31.58",
        "201610": "31.42",
        "201611": "28.71",
        "201612": "30.40",
        "201701": "29.90",
        "201702": "30.63",
        "201703": "31.94",
        "201704": "31.56",
        "201705": "31.45",
        "201706": "32.11",
        "201707": "31.69",
        "201708": "34.86",
        "201709": "40.42",
        "201710": "47.06",
        "201711": "55.82",
        "201712": "57.04",
        "201801": "58.38",
        "201802": "51.70",
        "201803": "53.38",
        "201804": "50.95",
        "201805": "51.57",
        "201806": "52.43",
        "201807": "49.51",
        "201808": "50.85",
        "201809": "47.79",
        "201810": "40.47",
        "201811": "39.89",
        "201812": "40.06",
        "201901": "39.22",
        "201902": "43.89",
        "201903": "46.51",
        "201904": "46.86",
        "201905": "45.70",
        "201906": "46.30",
        "201907": "44.42",
        "201908": "43.22",
        "201909": "41.88",
        "201910": "42.76",
        "201911": "43.23",
        "201912": "46.29",
        "202001": "48.54",
        "202002": "46.54",
        "202003": "43.32",
        "202004": "43.17",
        "202005": "46.72",
        "202006": "50.05",
        "202007": "63.77",
        "202008": "72.50",
        "202009": "67.58",
        "202010": "68.44",
        "202011": "68.84",
        "202012": "65.99",
        "202101": "62.10",
        "202102": "61.35",
        "202103": "64.02",
        "202104": "68.18",
        "202105": "62.74",
        "202106": "63.36",
        "202107": "63.81",
        "202108": "61.12",
        "202109": "66.75",
        "202110": "68.54",
        "202111": "81.23",
        "202112": "117.02",
        "202201": "151.44",
        "202202": "145.70",
        "202203": "171.61",
        "202204": "182.24",
        "202205": "182.93",
        "202206": "186.02",
        "202207": "142.29",
        "202208": "149.11",
        "202209": "134.52",
        "202210": "110.88",
        "202211": "115.39",
        "202212": "125.59",
        "202301": "120.65",
        "202302": "130.19",
        "202303": "127.61",
        "202304": "132.71",
        "202305": "130.82",
        "202306": "140.60",
        "202307": "147.10",
        "202308": "136.61",
        "202309": "134.88",
        "202310": "132.02",
        "202311": "127.07",
        "202312": "124.93"
    },
    "quarters": {
        "20011": {
            "year_quarter": 20011,
            "year": 2001,
            "quarter": 1,
            "eps": null,
            "eps_growth_year": null,
            "eps_4q": null,
            "eps_4q_growth_year": null,
            "roe": null,
            "roe_4q": 0,
            "gross_profit": null,
            "gross_margin": null,
            "gross_margin_4q_avg": 0,
            "net_income": null,
            "net_income_4q": null,
            "revenue": null,
            "revenue_4q": null,
            "common_shares": null,
            "book_valuer_per_share": null,
            "book_valuer_per_share_4q_avg": 0,
            "equity": null,
            "current_ratio": null,
            "debt_ratio": null,
            "inventory_turnover_ratio": null,
            "account_receivable_turnover_ratio": null,
            "reinvestment_rate": null,
            "research_to_sale_ratio": null,
            "price_fair": 0,
            "eps_avg_yearly": 0,
            "eps_latest_yearly": 0,
            "eps_growth_yearly": 0
        },
        "20012": {
            "year_quarter": 20012,
            "year": 2001,
            "quarter": 2,
            "eps": null,
            "eps_growth_year": null,
            "eps_4q": null,
            "eps_4q_growth_year": null,
            "roe": null,
            "roe_4q": 0,
            "gross_profit": null,
            "gross_margin": null,
            "gross_margin_4q_avg": 0,
            "net_income": null,
            "net_income_4q": null,
            "revenue": null,
            "revenue_4q": null,
            "common_shares": null,
            "book_valuer_per_share": null,
            "book_valuer_per_share_4q_avg": 0,
            "equity": null,
            "current_ratio": null,
            "debt_ratio": null,
            "inventory_turnover_ratio": null,
            "account_receivable_turnover_ratio": null,
            "reinvestment_rate": null,
            "research_to_sale_ratio": null,
            "price_fair": 0,
            "eps_avg_yearly": 0,
            "eps_latest_yearly": 0,
            "eps_growth_yearly": 0
        },
        "20013": {
            "year_quarter": 20013,
            "year": 2001,
            "quarter": 3,
            "eps": null,
            "eps_growth_year": null,
            "eps_4q": null,
            "eps_4q_growth_year": null,
            "roe": null,
            "roe_4q": 0,
            "gross_profit": null,
            "gross_margin": null,
            "gross_margin_4q_avg": 0,
            "net_income": null,
            "net_income_4q": null,
            "revenue": null,
            "revenue_4q": null,
            "common_shares": null,
            "book_valuer_per_share": null,
            "book_valuer_per_share_4q_avg": 0,
            "equity": null,
            "current_ratio": null,
            "debt_ratio": null,
            "inventory_turnover_ratio": null,
            "account_receivable_turnover_ratio": null,
            "reinvestment_rate": null,
            "research_to_sale_ratio": null,
            "price_fair": 0,
            "eps_avg_yearly": 0,
            "eps_latest_yearly": 0,
            "eps_growth_yearly": 0
        },
        "20014": {
            "year_quarter": 20014,
            "year": 2001,
            "quarter": 4,
            "eps": null,
            "eps_growth_year": null,
            "eps_4q": null,
            "eps_4q_growth_year": null,
            "roe": null,
            "roe_4q": 0,
            "gross_profit": null,
            "gross_margin": null,
            "gross_margin_4q_avg": 0,
            "net_income": null,
            "net_income_4q": null,
            "revenue": null,
            "revenue_4q": null,
            "common_shares": null,
            "book_valuer_per_share": null,
            "book_valuer_per_share_4q_avg": 0,
            "equity": null,
            "current_ratio": null,
            "debt_ratio": null,
            "inventory_turnover_ratio": null,
            "account_receivable_turnover_ratio": null,
            "reinvestment_rate": null,
            "research_to_sale_ratio": null,
            "price_fair": 0,
            "eps_avg_yearly": 0,
            "eps_latest_yearly": 0,
            "eps_growth_yearly": 0
        },
        "20021": {
            "year_quarter": 20021,
            "year": 2002,
            "quarter": 1,
            "eps": null,
            "eps_growth_year": null,
            "eps_4q": null,
            "eps_4q_growth_year": null,
            "roe": null,
            "roe_4q": 0,
            "gross_profit": null,
            "gross_margin": null,
            "gross_margin_4q_avg": 0,
            "net_income": null,
            "net_income_4q": null,
            "revenue": null,
            "revenue_4q": null,
            "common_shares": null,
            "book_valuer_per_share": null,
            "book_valuer_per_share_4q_avg": 0,
            "equity": null,
            "current_ratio": null,
            "debt_ratio": null,
            "inventory_turnover_ratio": null,
            "account_receivable_turnover_ratio": null,
            "reinvestment_rate": null,
            "research_to_sale_ratio": null,
            "price_fair": 0,
            "eps_avg_yearly": 0,
            "eps_latest_yearly": 0,
            "eps_growth_yearly": 0
        },
        "20022": {
            "year_quarter": 20022,
            "year": 2002,
            "quarter": 2,
            "eps": null,
            "eps_growth_year": null,
            "eps_4q": null,
            "eps_4q_growth_year": null,
            "roe": null,
            "roe_4q": 0,
            "gross_profit": null,
            "gross_margin": null,
            "gross_margin_4q_avg": 0,
            "net_income": null,
            "net_income_4q": null,
            "revenue": null,
            "revenue_4q": null,
            "common_shares": null,
            "book_valuer_per_share": null,
            "book_valuer_per_share_4q_avg": 0,
            "equity": null,
            "current_ratio": null,
            "debt_ratio": null,
            "inventory_turnover_ratio": null,
            "account_receivable_turnover_ratio": null,
            "reinvestment_rate": null,
            "research_to_sale_ratio": null,
            "price_fair": 0,
            "eps_avg_yearly": 0,
            "eps_latest_yearly": 0,
            "eps_growth_yearly": 0
        },
        "20023": {
            "year_quarter": 20023,
            "year": 2002,
            "quarter": 3,
            "eps": null,
            "eps_growth_year": null,
            "eps_4q": null,
            "eps_4q_growth_year": null,
            "roe": null,
            "roe_4q": 0,
            "gross_profit": null,
            "gross_margin": null,
            "gross_margin_4q_avg": 0,
            "net_income": null,
            "net_income_4q": null,
            "revenue": null,
            "revenue_4q": null,
            "common_shares": null,
            "book_valuer_per_share": null,
            "book_valuer_per_share_4q_avg": 0,
            "equity": null,
            "current_ratio": null,
            "debt_ratio": null,
            "inventory_turnover_ratio": null,
            "account_receivable_turnover_ratio": null,
            "reinvestment_rate": null,
            "research_to_sale_ratio": null,
            "price_fair": 0,
            "eps_avg_yearly": 0,
            "eps_latest_yearly": 0,
            "eps_growth_yearly": 0
        },
        "20024": {
            "year_quarter": 20024,
            "year": 2002,
            "quarter": 4,
            "eps": null,
            "eps_growth_year": null,
            "eps_4q": null,
            "eps_4q_growth_year": null,
            "roe": null,
            "roe_4q": 0,
            "gross_profit": null,
            "gross_margin": null,
            "gross_margin_4q_avg": 0,
            "net_income": null,
            "net_income_4q": null,
            "revenue": null,
            "revenue_4q": null,
            "common_shares": null,
            "book_valuer_per_share": null,
            "book_valuer_per_share_4q_avg": 0,
            "equity": null,
            "current_ratio": null,
            "debt_ratio": null,
            "inventory_turnover_ratio": null,
            "account_receivable_turnover_ratio": null,
            "reinvestment_rate": null,
            "research_to_sale_ratio": null,
            "price_fair": 0,
            "eps_avg_yearly": 0,
            "eps_latest_yearly": 0,
            "eps_growth_yearly": 0
        },
        "20031": {
            "year_quarter": 20031,
            "year": 2003,
            "quarter": 1,
            "eps": null,
            "eps_growth_year": null,
            "eps_4q": null,
            "eps_4q_growth_year": null,
            "roe": null,
            "roe_4q": 0,
            "gross_profit": null,
            "gross_margin": null,
            "gross_margin_4q_avg": 0,
            "net_income": null,
            "net_income_4q": null,
            "revenue": null,
            "revenue_4q": null,
            "common_shares": null,
            "book_valuer_per_share": null,
            "book_valuer_per_share_4q_avg": 0,
            "equity": null,
            "current_ratio": null,
            "debt_ratio": null,
            "inventory_turnover_ratio": null,
            "account_receivable_turnover_ratio": null,
            "reinvestment_rate": null,
            "research_to_sale_ratio": null,
            "price_fair": 0,
            "eps_avg_yearly": 0,
            "eps_latest_yearly": 0,
            "eps_growth_yearly": 0
        },
        "20032": {
            "year_quarter": 20032,
            "year": 2003,
            "quarter": 2,
            "eps": null,
            "eps_growth_year": null,
            "eps_4q": null,
            "eps_4q_growth_year": null,
            "roe": null,
            "roe_4q": 0,
            "gross_profit": null,
            "gross_margin": null,
            "gross_margin_4q_avg": 0,
            "net_income": null,
            "net_income_4q": null,
            "revenue": null,
            "revenue_4q": null,
            "common_shares": null,
            "book_valuer_per_share": null,
            "book_valuer_per_share_4q_avg": 0,
            "equity": null,
            "current_ratio": null,
            "debt_ratio": null,
            "inventory_turnover_ratio": null,
            "account_receivable_turnover_ratio": null,
            "reinvestment_rate": null,
            "research_to_sale_ratio": null,
            "price_fair": 0,
            "eps_avg_yearly": 0,
            "eps_latest_yearly": 0,
            "eps_growth_yearly": 0
        },
        "20033": {
            "year_quarter": 20033,
            "year": 2003,
            "quarter": 3,
            "eps": null,
            "eps_growth_year": null,
            "eps_4q": null,
            "eps_4q_growth_year": null,
            "roe": null,
            "roe_4q": 0,
            "gross_profit": null,
            "gross_margin": null,
            "gross_margin_4q_avg": 0,
            "net_income": null,
            "net_income_4q": null,
            "revenue": null,
            "revenue_4q": null,
            "common_shares": null,
            "book_valuer_per_share": null,
            "book_valuer_per_share_4q_avg": 0,
            "equity": null,
            "current_ratio": null,
            "debt_ratio": null,
            "inventory_turnover_ratio": null,
            "account_receivable_turnover_ratio": null,
            "reinvestment_rate": null,
            "research_to_sale_ratio": null,
            "price_fair": 0,
            "eps_avg_yearly": 0,
            "eps_latest_yearly": 0,
            "eps_growth_yearly": 0
        },
        "20034": {
            "year_quarter": 20034,
            "year": 2003,
            "quarter": 4,
            "eps": null,
            "eps_growth_year": null,
            "eps_4q": null,
            "eps_4q_growth_year": null,
            "roe": null,
            "roe_4q": 0,
            "gross_profit": null,
            "gross_margin": null,
            "gross_margin_4q_avg": 0,
            "net_income": null,
            "net_income_4q": null,
            "revenue": null,
            "revenue_4q": null,
            "common_shares": null,
            "book_valuer_per_share": null,
            "book_valuer_per_share_4q_avg": 0,
            "equity": null,
            "current_ratio": null,
            "debt_ratio": null,
            "inventory_turnover_ratio": null,
            "account_receivable_turnover_ratio": null,
            "reinvestment_rate": null,
            "research_to_sale_ratio": null,
            "price_fair": 0,
            "eps_avg_yearly": 0,
            "eps_latest_yearly": 0,
            "eps_growth_yearly": 0
        },
        "20041": {
            "year_quarter": 20041,
            "year": 2004,
            "quarter": 1,
            "eps": null,
            "eps_growth_year": null,
            "eps_4q": null,
            "eps_4q_growth_year": null,
            "roe": null,
            "roe_4q": 0,
            "gross_profit": null,
            "gross_margin": null,
            "gross_margin_4q_avg": 0,
            "net_income": null,
            "net_income_4q": null,
            "revenue": null,
            "revenue_4q": null,
            "common_shares": null,
            "book_valuer_per_share": null,
            "book_valuer_per_share_4q_avg": 0,
            "equity": null,
            "current_ratio": null,
            "debt_ratio": null,
            "inventory_turnover_ratio": null,
            "account_receivable_turnover_ratio": null,
            "reinvestment_rate": null,
            "research_to_sale_ratio": null,
            "price_fair": 0,
            "eps_avg_yearly": 0,
            "eps_latest_yearly": 0,
            "eps_growth_yearly": 0
        },
        "20042": {
            "year_quarter": 20042,
            "year": 2004,
            "quarter": 2,
            "eps": null,
            "eps_growth_year": null,
            "eps_4q": null,
            "eps_4q_growth_year": null,
            "roe": null,
            "roe_4q": 0,
            "gross_profit": null,
            "gross_margin": null,
            "gross_margin_4q_avg": 0,
            "net_income": null,
            "net_income_4q": null,
            "revenue": null,
            "revenue_4q": null,
            "common_shares": null,
            "book_valuer_per_share": null,
            "book_valuer_per_share_4q_avg": 0,
            "equity": null,
            "current_ratio": null,
            "debt_ratio": null,
            "inventory_turnover_ratio": null,
            "account_receivable_turnover_ratio": null,
            "reinvestment_rate": null,
            "research_to_sale_ratio": null,
            "price_fair": 0,
            "eps_avg_yearly": 0,
            "eps_latest_yearly": 0,
            "eps_growth_yearly": 0
        },
        "20043": {
            "year_quarter": 20043,
            "year": 2004,
            "quarter": 3,
            "eps": null,
            "eps_growth_year": null,
            "eps_4q": null,
            "eps_4q_growth_year": null,
            "roe": null,
            "roe_4q": 0,
            "gross_profit": null,
            "gross_margin": null,
            "gross_margin_4q_avg": 0,
            "net_income": null,
            "net_income_4q": null,
            "revenue": null,
            "revenue_4q": null,
            "common_shares": null,
            "book_valuer_per_share": null,
            "book_valuer_per_share_4q_avg": 0,
            "equity": null,
            "current_ratio": null,
            "debt_ratio": null,
            "inventory_turnover_ratio": null,
            "account_receivable_turnover_ratio": null,
            "reinvestment_rate": null,
            "research_to_sale_ratio": null,
            "price_fair": 0,
            "eps_avg_yearly": 0,
            "eps_latest_yearly": 0,
            "eps_growth_yearly": 0
        },
        "20044": {
            "year_quarter": 20044,
            "year": 2004,
            "quarter": 4,
            "eps": null,
            "eps_growth_year": null,
            "eps_4q": null,
            "eps_4q_growth_year": null,
            "roe": null,
            "roe_4q": 0,
            "gross_profit": null,
            "gross_margin": null,
            "gross_margin_4q_avg": 0,
            "net_income": null,
            "net_income_4q": null,
            "revenue": null,
            "revenue_4q": null,
            "common_shares": null,
            "book_valuer_per_share": null,
            "book_valuer_per_share_4q_avg": 0,
            "equity": null,
            "current_ratio": null,
            "debt_ratio": null,
            "inventory_turnover_ratio": null,
            "account_receivable_turnover_ratio": null,
            "reinvestment_rate": null,
            "research_to_sale_ratio": null,
            "price_fair": 0,
            "eps_avg_yearly": 0,
            "eps_latest_yearly": 0,
            "eps_growth_yearly": 0
        },
        "20051": {
            "year_quarter": 20051,
            "year": 2005,
            "quarter": 1,
            "eps": null,
            "eps_growth_year": null,
            "eps_4q": null,
            "eps_4q_growth_year": null,
            "roe": null,
            "roe_4q": 0,
            "gross_profit": null,
            "gross_margin": null,
            "gross_margin_4q_avg": 0,
            "net_income": null,
            "net_income_4q": null,
            "revenue": null,
            "revenue_4q": null,
            "common_shares": null,
            "book_valuer_per_share": null,
            "book_valuer_per_share_4q_avg": 0,
            "equity": null,
            "current_ratio": null,
            "debt_ratio": null,
            "inventory_turnover_ratio": null,
            "account_receivable_turnover_ratio": null,
            "reinvestment_rate": null,
            "research_to_sale_ratio": null,
            "price_fair": 0,
            "eps_avg_yearly": 0,
            "eps_latest_yearly": 0,
            "eps_growth_yearly": 0
        },
        "20052": {
            "year_quarter": 20052,
            "year": 2005,
            "quarter": 2,
            "eps": null,
            "eps_growth_year": null,
            "eps_4q": null,
            "eps_4q_growth_year": null,
            "roe": null,
            "roe_4q": 0,
            "gross_profit": null,
            "gross_margin": null,
            "gross_margin_4q_avg": 0,
            "net_income": null,
            "net_income_4q": null,
            "revenue": null,
            "revenue_4q": null,
            "common_shares": null,
            "book_valuer_per_share": null,
            "book_valuer_per_share_4q_avg": 0,
            "equity": null,
            "current_ratio": null,
            "debt_ratio": null,
            "inventory_turnover_ratio": null,
            "account_receivable_turnover_ratio": null,
            "reinvestment_rate": null,
            "research_to_sale_ratio": null,
            "price_fair": 0,
            "eps_avg_yearly": 0,
            "eps_latest_yearly": 0,
            "eps_growth_yearly": 0
        },
        "20053": {
            "year_quarter": 20053,
            "year": 2005,
            "quarter": 3,
            "eps": null,
            "eps_growth_year": null,
            "eps_4q": null,
            "eps_4q_growth_year": null,
            "roe": null,
            "roe_4q": 0,
            "gross_profit": null,
            "gross_margin": null,
            "gross_margin_4q_avg": 0,
            "net_income": null,
            "net_income_4q": null,
            "revenue": null,
            "revenue_4q": null,
            "common_shares": null,
            "book_valuer_per_share": null,
            "book_valuer_per_share_4q_avg": 0,
            "equity": null,
            "current_ratio": null,
            "debt_ratio": null,
            "inventory_turnover_ratio": null,
            "account_receivable_turnover_ratio": null,
            "reinvestment_rate": null,
            "research_to_sale_ratio": null,
            "price_fair": 0,
            "eps_avg_yearly": 0,
            "eps_latest_yearly": 0,
            "eps_growth_yearly": 0
        },
        "20054": {
            "year_quarter": 20054,
            "year": 2005,
            "quarter": 4,
            "eps": null,
            "eps_growth_year": null,
            "eps_4q": null,
            "eps_4q_growth_year": null,
            "roe": null,
            "roe_4q": 0,
            "gross_profit": null,
            "gross_margin": null,
            "gross_margin_4q_avg": 0,
            "net_income": null,
            "net_income_4q": null,
            "revenue": null,
            "revenue_4q": null,
            "common_shares": null,
            "book_valuer_per_share": null,
            "book_valuer_per_share_4q_avg": 0,
            "equity": null,
            "current_ratio": null,
            "debt_ratio": null,
            "inventory_turnover_ratio": null,
            "account_receivable_turnover_ratio": null,
            "reinvestment_rate": null,
            "research_to_sale_ratio": null,
            "price_fair": 0,
            "eps_avg_yearly": 0,
            "eps_latest_yearly": 0,
            "eps_growth_yearly": 0
        },
        "20061": {
            "year_quarter": 20061,
            "year": 2006,
            "quarter": 1,
            "eps": null,
            "eps_growth_year": null,
            "eps_4q": null,
            "eps_4q_growth_year": null,
            "roe": null,
            "roe_4q": 0,
            "gross_profit": null,
            "gross_margin": null,
            "gross_margin_4q_avg": 0,
            "net_income": null,
            "net_income_4q": null,
            "revenue": null,
            "revenue_4q": null,
            "common_shares": null,
            "book_valuer_per_share": null,
            "book_valuer_per_share_4q_avg": 0,
            "equity": null,
            "current_ratio": null,
            "debt_ratio": null,
            "inventory_turnover_ratio": null,
            "account_receivable_turnover_ratio": null,
            "reinvestment_rate": null,
            "research_to_sale_ratio": null,
            "price_fair": 0,
            "eps_avg_yearly": 0,
            "eps_latest_yearly": 0,
            "eps_growth_yearly": 0
        },
        "20062": {
            "year_quarter": 20062,
            "year": 2006,
            "quarter": 2,
            "eps": null,
            "eps_growth_year": null,
            "eps_4q": null,
            "eps_4q_growth_year": null,
            "roe": null,
            "roe_4q": 0,
            "gross_profit": null,
            "gross_margin": null,
            "gross_margin_4q_avg": 0,
            "net_income": null,
            "net_income_4q": null,
            "revenue": null,
            "revenue_4q": null,
            "common_shares": null,
            "book_valuer_per_share": null,
            "book_valuer_per_share_4q_avg": 0,
            "equity": null,
            "current_ratio": null,
            "debt_ratio": null,
            "inventory_turnover_ratio": null,
            "account_receivable_turnover_ratio": null,
            "reinvestment_rate": null,
            "research_to_sale_ratio": null,
            "price_fair": 0,
            "eps_avg_yearly": 0,
            "eps_latest_yearly": 0,
            "eps_growth_yearly": 0
        },
        "20063": {
            "year_quarter": 20063,
            "year": 2006,
            "quarter": 3,
            "eps": null,
            "eps_growth_year": null,
            "eps_4q": null,
            "eps_4q_growth_year": null,
            "roe": null,
            "roe_4q": 0,
            "gross_profit": null,
            "gross_margin": null,
            "gross_margin_4q_avg": 0,
            "net_income": null,
            "net_income_4q": null,
            "revenue": null,
            "revenue_4q": null,
            "common_shares": null,
            "book_valuer_per_share": null,
            "book_valuer_per_share_4q_avg": 0,
            "equity": null,
            "current_ratio": null,
            "debt_ratio": null,
            "inventory_turnover_ratio": null,
            "account_receivable_turnover_ratio": null,
            "reinvestment_rate": null,
            "research_to_sale_ratio": null,
            "price_fair": 0,
            "eps_avg_yearly": 0,
            "eps_latest_yearly": 0,
            "eps_growth_yearly": 0
        },
        "20064": {
            "year_quarter": 20064,
            "year": 2006,
            "quarter": 4,
            "eps": null,
            "eps_growth_year": null,
            "eps_4q": null,
            "eps_4q_growth_year": null,
            "roe": null,
            "roe_4q": 0,
            "gross_profit": null,
            "gross_margin": null,
            "gross_margin_4q_avg": 0,
            "net_income": null,
            "net_income_4q": null,
            "revenue": null,
            "revenue_4q": null,
            "common_shares": null,
            "book_valuer_per_share": null,
            "book_valuer_per_share_4q_avg": 0,
            "equity": null,
            "current_ratio": null,
            "debt_ratio": null,
            "inventory_turnover_ratio": null,
            "account_receivable_turnover_ratio": null,
            "reinvestment_rate": null,
            "research_to_sale_ratio": null,
            "price_fair": 0,
            "eps_avg_yearly": 0,
            "eps_latest_yearly": 0,
            "eps_growth_yearly": 0
        },
        "20071": {
            "year_quarter": 20071,
            "year": 2007,
            "quarter": 1,
            "eps": null,
            "eps_growth_year": null,
            "eps_4q": null,
            "eps_4q_growth_year": null,
            "roe": null,
            "roe_4q": 0,
            "gross_profit": null,
            "gross_margin": null,
            "gross_margin_4q_avg": 0,
            "net_income": null,
            "net_income_4q": null,
            "revenue": null,
            "revenue_4q": null,
            "common_shares": null,
            "book_valuer_per_share": null,
            "book_valuer_per_share_4q_avg": 0,
            "equity": null,
            "current_ratio": null,
            "debt_ratio": null,
            "inventory_turnover_ratio": null,
            "account_receivable_turnover_ratio": null,
            "reinvestment_rate": null,
            "research_to_sale_ratio": null,
            "price_fair": 0,
            "eps_avg_yearly": 0,
            "eps_latest_yearly": 0,
            "eps_growth_yearly": 0
        },
        "20072": {
            "year_quarter": 20072,
            "year": 2007,
            "quarter": 2,
            "eps": null,
            "eps_growth_year": null,
            "eps_4q": null,
            "eps_4q_growth_year": null,
            "roe": null,
            "roe_4q": 0,
            "gross_profit": null,
            "gross_margin": null,
            "gross_margin_4q_avg": 0,
            "net_income": null,
            "net_income_4q": null,
            "revenue": null,
            "revenue_4q": null,
            "common_shares": null,
            "book_valuer_per_share": null,
            "book_valuer_per_share_4q_avg": 0,
            "equity": null,
            "current_ratio": null,
            "debt_ratio": null,
            "inventory_turnover_ratio": null,
            "account_receivable_turnover_ratio": null,
            "reinvestment_rate": null,
            "research_to_sale_ratio": null,
            "price_fair": 0,
            "eps_avg_yearly": 0,
            "eps_latest_yearly": 0,
            "eps_growth_yearly": 0
        },
        "20073": {
            "year_quarter": 20073,
            "year": 2007,
            "quarter": 3,
            "eps": null,
            "eps_growth_year": null,
            "eps_4q": null,
            "eps_4q_growth_year": null,
            "roe": null,
            "roe_4q": 0,
            "gross_profit": null,
            "gross_margin": null,
            "gross_margin_4q_avg": 0,
            "net_income": null,
            "net_income_4q": null,
            "revenue": null,
            "revenue_4q": null,
            "common_shares": null,
            "book_valuer_per_share": null,
            "book_valuer_per_share_4q_avg": 0,
            "equity": null,
            "current_ratio": null,
            "debt_ratio": null,
            "inventory_turnover_ratio": null,
            "account_receivable_turnover_ratio": null,
            "reinvestment_rate": null,
            "research_to_sale_ratio": null,
            "price_fair": 0,
            "eps_avg_yearly": 0,
            "eps_latest_yearly": 0,
            "eps_growth_yearly": 0
        },
        "20074": {
            "year_quarter": 20074,
            "year": 2007,
            "quarter": 4,
            "eps": null,
            "eps_growth_year": null,
            "eps_4q": null,
            "eps_4q_growth_year": null,
            "roe": null,
            "roe_4q": 0,
            "gross_profit": null,
            "gross_margin": null,
            "gross_margin_4q_avg": 0,
            "net_income": null,
            "net_income_4q": null,
            "revenue": null,
            "revenue_4q": null,
            "common_shares": null,
            "book_valuer_per_share": null,
            "book_valuer_per_share_4q_avg": 0,
            "equity": null,
            "current_ratio": null,
            "debt_ratio": null,
            "inventory_turnover_ratio": null,
            "account_receivable_turnover_ratio": null,
            "reinvestment_rate": null,
            "research_to_sale_ratio": null,
            "price_fair": 0,
            "eps_avg_yearly": 0,
            "eps_latest_yearly": 0,
            "eps_growth_yearly": 0
        },
        "20081": {
            "year_quarter": 20081,
            "year": 2008,
            "quarter": 1,
            "eps": null,
            "eps_growth_year": null,
            "eps_4q": null,
            "eps_4q_growth_year": null,
            "roe": null,
            "roe_4q": 0,
            "gross_profit": null,
            "gross_margin": null,
            "gross_margin_4q_avg": 0,
            "net_income": null,
            "net_income_4q": null,
            "revenue": null,
            "revenue_4q": null,
            "common_shares": null,
            "book_valuer_per_share": null,
            "book_valuer_per_share_4q_avg": 0,
            "equity": null,
            "current_ratio": null,
            "debt_ratio": null,
            "inventory_turnover_ratio": null,
            "account_receivable_turnover_ratio": null,
            "reinvestment_rate": null,
            "research_to_sale_ratio": null,
            "price_fair": 0,
            "eps_avg_yearly": 0,
            "eps_latest_yearly": 0,
            "eps_growth_yearly": 0
        },
        "20082": {
            "year_quarter": 20082,
            "year": 2008,
            "quarter": 2,
            "eps": null,
            "eps_growth_year": null,
            "eps_4q": null,
            "eps_4q_growth_year": null,
            "roe": null,
            "roe_4q": 0,
            "gross_profit": null,
            "gross_margin": null,
            "gross_margin_4q_avg": 0,
            "net_income": null,
            "net_income_4q": null,
            "revenue": null,
            "revenue_4q": null,
            "common_shares": null,
            "book_valuer_per_share": null,
            "book_valuer_per_share_4q_avg": 0,
            "equity": null,
            "current_ratio": null,
            "debt_ratio": null,
            "inventory_turnover_ratio": null,
            "account_receivable_turnover_ratio": null,
            "reinvestment_rate": null,
            "research_to_sale_ratio": null,
            "price_fair": 0,
            "eps_avg_yearly": 0,
            "eps_latest_yearly": 0,
            "eps_growth_yearly": 0
        },
        "20083": {
            "year_quarter": 20083,
            "year": 2008,
            "quarter": 3,
            "eps": null,
            "eps_growth_year": null,
            "eps_4q": null,
            "eps_4q_growth_year": null,
            "roe": null,
            "roe_4q": 0,
            "gross_profit": null,
            "gross_margin": null,
            "gross_margin_4q_avg": 0,
            "net_income": null,
            "net_income_4q": null,
            "revenue": null,
            "revenue_4q": null,
            "common_shares": null,
            "book_valuer_per_share": null,
            "book_valuer_per_share_4q_avg": 0,
            "equity": null,
            "current_ratio": null,
            "debt_ratio": null,
            "inventory_turnover_ratio": null,
            "account_receivable_turnover_ratio": null,
            "reinvestment_rate": null,
            "research_to_sale_ratio": null,
            "price_fair": 0,
            "eps_avg_yearly": 0,
            "eps_latest_yearly": 0,
            "eps_growth_yearly": 0
        },
        "20084": {
            "year_quarter": 20084,
            "year": 2008,
            "quarter": 4,
            "eps": null,
            "eps_growth_year": null,
            "eps_4q": null,
            "eps_4q_growth_year": null,
            "roe": null,
            "roe_4q": 0,
            "gross_profit": null,
            "gross_margin": null,
            "gross_margin_4q_avg": 0,
            "net_income": null,
            "net_income_4q": null,
            "revenue": null,
            "revenue_4q": null,
            "common_shares": null,
            "book_valuer_per_share": null,
            "book_valuer_per_share_4q_avg": 0,
            "equity": null,
            "current_ratio": null,
            "debt_ratio": null,
            "inventory_turnover_ratio": null,
            "account_receivable_turnover_ratio": null,
            "reinvestment_rate": null,
            "research_to_sale_ratio": null,
            "price_fair": 0,
            "eps_avg_yearly": 0,
            "eps_latest_yearly": 0,
            "eps_growth_yearly": 0
        },
        "20091": {
            "year_quarter": 20091,
            "year": 2009,
            "quarter": 1,
            "eps": null,
            "eps_growth_year": null,
            "eps_4q": null,
            "eps_4q_growth_year": null,
            "roe": null,
            "roe_4q": 0,
            "gross_profit": null,
            "gross_margin": null,
            "gross_margin_4q_avg": 0,
            "net_income": null,
            "net_income_4q": null,
            "revenue": null,
            "revenue_4q": null,
            "common_shares": null,
            "book_valuer_per_share": null,
            "book_valuer_per_share_4q_avg": 0,
            "equity": null,
            "current_ratio": null,
            "debt_ratio": null,
            "inventory_turnover_ratio": null,
            "account_receivable_turnover_ratio": null,
            "reinvestment_rate": null,
            "research_to_sale_ratio": null,
            "price_fair": 0,
            "eps_avg_yearly": 0,
            "eps_latest_yearly": 0,
            "eps_growth_yearly": 0
        },
        "20092": {
            "year_quarter": 20092,
            "year": 2009,
            "quarter": 2,
            "eps": null,
            "eps_growth_year": null,
            "eps_4q": null,
            "eps_4q_growth_year": null,
            "roe": null,
            "roe_4q": 0,
            "gross_profit": null,
            "gross_margin": null,
            "gross_margin_4q_avg": 0,
            "net_income": null,
            "net_income_4q": null,
            "revenue": null,
            "revenue_4q": null,
            "common_shares": null,
            "book_valuer_per_share": null,
            "book_valuer_per_share_4q_avg": 0,
            "equity": null,
            "current_ratio": null,
            "debt_ratio": null,
            "inventory_turnover_ratio": null,
            "account_receivable_turnover_ratio": null,
            "reinvestment_rate": null,
            "research_to_sale_ratio": null,
            "price_fair": 0,
            "eps_avg_yearly": 0,
            "eps_latest_yearly": 0,
            "eps_growth_yearly": 0
        },
        "20093": {
            "year_quarter": 20093,
            "year": 2009,
            "quarter": 3,
            "eps": null,
            "eps_growth_year": null,
            "eps_4q": null,
            "eps_4q_growth_year": null,
            "roe": null,
            "roe_4q": 0,
            "gross_profit": null,
            "gross_margin": null,
            "gross_margin_4q_avg": 0,
            "net_income": null,
            "net_income_4q": null,
            "revenue": null,
            "revenue_4q": null,
            "common_shares": null,
            "book_valuer_per_share": null,
            "book_valuer_per_share_4q_avg": 0,
            "equity": null,
            "current_ratio": null,
            "debt_ratio": null,
            "inventory_turnover_ratio": null,
            "account_receivable_turnover_ratio": null,
            "reinvestment_rate": null,
            "research_to_sale_ratio": null,
            "price_fair": 0,
            "eps_avg_yearly": 0,
            "eps_latest_yearly": 0,
            "eps_growth_yearly": 0
        },
        "20094": {
            "year_quarter": 20094,
            "year": 2009,
            "quarter": 4,
            "eps": null,
            "eps_growth_year": null,
            "eps_4q": null,
            "eps_4q_growth_year": null,
            "roe": null,
            "roe_4q": 0,
            "gross_profit": null,
            "gross_margin": null,
            "gross_margin_4q_avg": 0,
            "net_income": null,
            "net_income_4q": null,
            "revenue": null,
            "revenue_4q": null,
            "common_shares": 651100,
            "book_valuer_per_share": 18.93,
            "book_valuer_per_share_4q_avg": 4.73,
            "equity": 1232775,
            "current_ratio": 140.52,
            "debt_ratio": 46.64,
            "inventory_turnover_ratio": null,
            "account_receivable_turnover_ratio": null,
            "reinvestment_rate": null,
            "research_to_sale_ratio": null,
            "price_fair": 0,
            "eps_avg_yearly": 0,
            "eps_latest_yearly": 0,
            "eps_growth_yearly": 0
        },
        "20101": {
            "year_quarter": 20101,
            "year": 2010,
            "quarter": 1,
            "eps": null,
            "eps_growth_year": null,
            "eps_4q": null,
            "eps_4q_growth_year": null,
            "roe": null,
            "roe_4q": 0,
            "gross_profit": null,
            "gross_margin": null,
            "gross_margin_4q_avg": 0,
            "net_income": null,
            "net_income_4q": null,
            "revenue": null,
            "revenue_4q": null,
            "common_shares": null,
            "book_valuer_per_share": null,
            "book_valuer_per_share_4q_avg": 4.73,
            "equity": null,
            "current_ratio": null,
            "debt_ratio": null,
            "inventory_turnover_ratio": null,
            "account_receivable_turnover_ratio": null,
            "reinvestment_rate": null,
            "research_to_sale_ratio": null,
            "price_fair": 0,
            "eps_avg_yearly": 0,
            "eps_latest_yearly": 0,
            "eps_growth_yearly": 0
        },
        "20102": {
            "year_quarter": 20102,
            "year": 2010,
            "quarter": 2,
            "eps": null,
            "eps_growth_year": null,
            "eps_4q": null,
            "eps_4q_growth_year": null,
            "roe": null,
            "roe_4q": 0,
            "gross_profit": null,
            "gross_margin": null,
            "gross_margin_4q_avg": 0,
            "net_income": null,
            "net_income_4q": null,
            "revenue": null,
            "revenue_4q": null,
            "common_shares": null,
            "book_valuer_per_share": null,
            "book_valuer_per_share_4q_avg": 4.73,
            "equity": null,
            "current_ratio": null,
            "debt_ratio": null,
            "inventory_turnover_ratio": null,
            "account_receivable_turnover_ratio": null,
            "reinvestment_rate": null,
            "research_to_sale_ratio": null,
            "price_fair": 0,
            "eps_avg_yearly": 0,
            "eps_latest_yearly": 0,
            "eps_growth_yearly": 0
        },
        "20103": {
            "year_quarter": 20103,
            "year": 2010,
            "quarter": 3,
            "eps": null,
            "eps_growth_year": null,
            "eps_4q": null,
            "eps_4q_growth_year": null,
            "roe": null,
            "roe_4q": 0,
            "gross_profit": null,
            "gross_margin": null,
            "gross_margin_4q_avg": 0,
            "net_income": null,
            "net_income_4q": null,
            "revenue": null,
            "revenue_4q": null,
            "common_shares": null,
            "book_valuer_per_share": null,
            "book_valuer_per_share_4q_avg": 4.73,
            "equity": null,
            "current_ratio": null,
            "debt_ratio": null,
            "inventory_turnover_ratio": null,
            "account_receivable_turnover_ratio": null,
            "reinvestment_rate": null,
            "research_to_sale_ratio": null,
            "price_fair": 0,
            "eps_avg_yearly": 0,
            "eps_latest_yearly": 0,
            "eps_growth_yearly": 0
        },
        "20104": {
            "year_quarter": 20104,
            "year": 2010,
            "quarter": 4,
            "eps": null,
            "eps_growth_year": null,
            "eps_4q": null,
            "eps_4q_growth_year": null,
            "roe": null,
            "roe_4q": 0,
            "gross_profit": null,
            "gross_margin": null,
            "gross_margin_4q_avg": 0,
            "net_income": null,
            "net_income_4q": null,
            "revenue": null,
            "revenue_4q": null,
            "common_shares": 800000,
            "book_valuer_per_share": 18.23,
            "book_valuer_per_share_4q_avg": 4.56,
            "equity": 1458506,
            "current_ratio": 128.38,
            "debt_ratio": 51.14,
            "inventory_turnover_ratio": null,
            "account_receivable_turnover_ratio": null,
            "reinvestment_rate": null,
            "research_to_sale_ratio": null,
            "price_fair": 0,
            "eps_avg_yearly": 0,
            "eps_latest_yearly": 0,
            "eps_growth_yearly": 0
        },
        "20111": {
            "year_quarter": 20111,
            "year": 2011,
            "quarter": 1,
            "eps": null,
            "eps_growth_year": null,
            "eps_4q": null,
            "eps_4q_growth_year": null,
            "roe": null,
            "roe_4q": 0,
            "gross_profit": null,
            "gross_margin": null,
            "gross_margin_4q_avg": 0,
            "net_income": null,
            "net_income_4q": null,
            "revenue": null,
            "revenue_4q": null,
            "common_shares": null,
            "book_valuer_per_share": null,
            "book_valuer_per_share_4q_avg": 4.56,
            "equity": null,
            "current_ratio": null,
            "debt_ratio": null,
            "inventory_turnover_ratio": null,
            "account_receivable_turnover_ratio": null,
            "reinvestment_rate": null,
            "research_to_sale_ratio": null,
            "price_fair": 0,
            "eps_avg_yearly": 0,
            "eps_latest_yearly": 0,
            "eps_growth_yearly": 0
        },
        "20112": {
            "year_quarter": 20112,
            "year": 2011,
            "quarter": 2,
            "eps": null,
            "eps_growth_year": null,
            "eps_4q": null,
            "eps_4q_growth_year": null,
            "roe": null,
            "roe_4q": 0,
            "gross_profit": null,
            "gross_margin": null,
            "gross_margin_4q_avg": 0,
            "net_income": null,
            "net_income_4q": null,
            "revenue": null,
            "revenue_4q": null,
            "common_shares": null,
            "book_valuer_per_share": null,
            "book_valuer_per_share_4q_avg": 4.56,
            "equity": null,
            "current_ratio": null,
            "debt_ratio": null,
            "inventory_turnover_ratio": null,
            "account_receivable_turnover_ratio": null,
            "reinvestment_rate": null,
            "research_to_sale_ratio": null,
            "price_fair": 0,
            "eps_avg_yearly": 0,
            "eps_latest_yearly": 0,
            "eps_growth_yearly": 0
        },
        "20113": {
            "year_quarter": 20113,
            "year": 2011,
            "quarter": 3,
            "eps": null,
            "eps_growth_year": null,
            "eps_4q": null,
            "eps_4q_growth_year": null,
            "roe": null,
            "roe_4q": 0,
            "gross_profit": null,
            "gross_margin": null,
            "gross_margin_4q_avg": 0,
            "net_income": null,
            "net_income_4q": null,
            "revenue": null,
            "revenue_4q": null,
            "common_shares": null,
            "book_valuer_per_share": null,
            "book_valuer_per_share_4q_avg": 4.56,
            "equity": null,
            "current_ratio": null,
            "debt_ratio": null,
            "inventory_turnover_ratio": null,
            "account_receivable_turnover_ratio": null,
            "reinvestment_rate": null,
            "research_to_sale_ratio": null,
            "price_fair": 0,
            "eps_avg_yearly": 0,
            "eps_latest_yearly": 0,
            "eps_growth_yearly": 0
        },
        "20114": {
            "year_quarter": 20114,
            "year": 2011,
            "quarter": 4,
            "eps": null,
            "eps_growth_year": null,
            "eps_4q": null,
            "eps_4q_growth_year": null,
            "roe": null,
            "roe_4q": 0,
            "gross_profit": null,
            "gross_margin": null,
            "gross_margin_4q_avg": 0,
            "net_income": null,
            "net_income_4q": null,
            "revenue": null,
            "revenue_4q": null,
            "common_shares": 800000,
            "book_valuer_per_share": 20.57,
            "book_valuer_per_share_4q_avg": 5.14,
            "equity": 1645252,
            "current_ratio": 134.09,
            "debt_ratio": 49.75,
            "inventory_turnover_ratio": null,
            "account_receivable_turnover_ratio": null,
            "reinvestment_rate": null,
            "research_to_sale_ratio": null,
            "price_fair": 0,
            "eps_avg_yearly": 0,
            "eps_latest_yearly": 0,
            "eps_growth_yearly": 0
        },
        "20121": {
            "year_quarter": 20121,
            "year": 2012,
            "quarter": 1,
            "eps": null,
            "eps_growth_year": null,
            "eps_4q": null,
            "eps_4q_growth_year": null,
            "roe": null,
            "roe_4q": 0,
            "gross_profit": null,
            "gross_margin": null,
            "gross_margin_4q_avg": 0,
            "net_income": null,
            "net_income_4q": null,
            "revenue": null,
            "revenue_4q": null,
            "common_shares": null,
            "book_valuer_per_share": null,
            "book_valuer_per_share_4q_avg": 5.14,
            "equity": null,
            "current_ratio": null,
            "debt_ratio": null,
            "inventory_turnover_ratio": null,
            "account_receivable_turnover_ratio": null,
            "reinvestment_rate": null,
            "research_to_sale_ratio": null,
            "price_fair": 0,
            "eps_avg_yearly": 0,
            "eps_latest_yearly": 0,
            "eps_growth_yearly": 0
        },
        "20122": {
            "year_quarter": 20122,
            "year": 2012,
            "quarter": 2,
            "eps": null,
            "eps_growth_year": null,
            "eps_4q": null,
            "eps_4q_growth_year": null,
            "roe": null,
            "roe_4q": 0,
            "gross_profit": 133460,
            "gross_margin": null,
            "gross_margin_4q_avg": 0,
            "net_income": 121293,
            "net_income_4q": null,
            "revenue": 1004964,
            "revenue_4q": null,
            "common_shares": 800000,
            "book_valuer_per_share": null,
            "book_valuer_per_share_4q_avg": 5.14,
            "equity": 1809592,
            "current_ratio": null,
            "debt_ratio": null,
            "inventory_turnover_ratio": null,
            "account_receivable_turnover_ratio": null,
            "reinvestment_rate": null,
            "research_to_sale_ratio": null,
            "price_fair": 0,
            "eps_avg_yearly": 0,
            "eps_latest_yearly": 0,
            "eps_growth_yearly": 0
        },
        "20123": {
            "year_quarter": 20123,
            "year": 2012,
            "quarter": 3,
            "eps": null,
            "eps_growth_year": null,
            "eps_4q": null,
            "eps_4q_growth_year": null,
            "roe": null,
            "roe_4q": 0,
            "gross_profit": 110023,
            "gross_margin": null,
            "gross_margin_4q_avg": 0,
            "net_income": 27933,
            "net_income_4q": null,
            "revenue": 894250,
            "revenue_4q": null,
            "common_shares": 800000,
            "book_valuer_per_share": null,
            "book_valuer_per_share_4q_avg": 5.14,
            "equity": 1837136,
            "current_ratio": null,
            "debt_ratio": null,
            "inventory_turnover_ratio": null,
            "account_receivable_turnover_ratio": null,
            "reinvestment_rate": null,
            "research_to_sale_ratio": null,
            "price_fair": 0,
            "eps_avg_yearly": 0,
            "eps_latest_yearly": 0,
            "eps_growth_yearly": 0
        },
        "20124": {
            "year_quarter": 20124,
            "year": 2012,
            "quarter": 4,
            "eps": null,
            "eps_growth_year": null,
            "eps_4q": null,
            "eps_4q_growth_year": null,
            "roe": null,
            "roe_4q": 0,
            "gross_profit": 158396,
            "gross_margin": null,
            "gross_margin_4q_avg": 0,
            "net_income": 29894,
            "net_income_4q": null,
            "revenue": 891546,
            "revenue_4q": null,
            "common_shares": 800000,
            "book_valuer_per_share": 23.96,
            "book_valuer_per_share_4q_avg": 5.99,
            "equity": 1916925,
            "current_ratio": 185.07,
            "debt_ratio": 35.91,
            "inventory_turnover_ratio": null,
            "account_receivable_turnover_ratio": null,
            "reinvestment_rate": null,
            "research_to_sale_ratio": null,
            "price_fair": 0,
            "eps_avg_yearly": 0,
            "eps_latest_yearly": 0,
            "eps_growth_yearly": 0
        },
        "20131": {
            "year_quarter": 20131,
            "year": 2013,
            "quarter": 1,
            "eps": null,
            "eps_growth_year": null,
            "eps_4q": null,
            "eps_4q_growth_year": null,
            "roe": null,
            "roe_4q": 0,
            "gross_profit": 94991,
            "gross_margin": null,
            "gross_margin_4q_avg": 0,
            "net_income": 42530,
            "net_income_4q": null,
            "revenue": 797358,
            "revenue_4q": null,
            "common_shares": 800000,
            "book_valuer_per_share": 24.85,
            "book_valuer_per_share_4q_avg": 12.2,
            "equity": 1988357,
            "current_ratio": 183.3,
            "debt_ratio": 33.74,
            "inventory_turnover_ratio": null,
            "account_receivable_turnover_ratio": null,
            "reinvestment_rate": null,
            "research_to_sale_ratio": null,
            "price_fair": 0,
            "eps_avg_yearly": 0,
            "eps_latest_yearly": 0,
            "eps_growth_yearly": 0
        },
        "20132": {
            "year_quarter": 20132,
            "year": 2013,
            "quarter": 2,
            "eps": 0.57,
            "eps_growth_year": null,
            "eps_4q": 0.57,
            "eps_4q_growth_year": null,
            "roe": 2.31,
            "roe_4q": 2.31,
            "gross_profit": 98698,
            "gross_margin": 11.81,
            "gross_margin_4q_avg": 2.95,
            "net_income": 45871,
            "net_income_4q": null,
            "revenue": 835507,
            "revenue_4q": null,
            "common_shares": 800000,
            "book_valuer_per_share": 24.86,
            "book_valuer_per_share_4q_avg": 18.42,
            "equity": 1989018,
            "current_ratio": 159.92,
            "debt_ratio": 37.43,
            "inventory_turnover_ratio": 1.63,
            "account_receivable_turnover_ratio": 1.76,
            "reinvestment_rate": null,
            "research_to_sale_ratio": 0.59,
            "price_fair": 0,
            "eps_avg_yearly": 0,
            "eps_latest_yearly": 0,
            "eps_growth_yearly": 0
        },
        "20133": {
            "year_quarter": 20133,
            "year": 2013,
            "quarter": 3,
            "eps": 0.31,
            "eps_growth_year": null,
            "eps_4q": 0.89,
            "eps_4q_growth_year": null,
            "roe": 1.25,
            "roe_4q": 3.56,
            "gross_profit": 91033,
            "gross_margin": 11.86,
            "gross_margin_4q_avg": 5.92,
            "net_income": 24943,
            "net_income_4q": null,
            "revenue": 767243,
            "revenue_4q": null,
            "common_shares": 800000,
            "book_valuer_per_share": 25.17,
            "book_valuer_per_share_4q_avg": 24.71,
            "equity": 2013632,
            "current_ratio": 162.01,
            "debt_ratio": 35.82,
            "inventory_turnover_ratio": 1.32,
            "account_receivable_turnover_ratio": 0.87,
            "reinvestment_rate": null,
            "research_to_sale_ratio": 0.56,
            "price_fair": 3.72,
            "eps_avg_yearly": 1.24,
            "eps_latest_yearly": 1.24,
            "eps_growth_yearly": -182.46
        },
        "20134": {
            "year_quarter": 20134,
            "year": 2013,
            "quarter": 4,
            "eps": 0.2,
            "eps_growth_year": null,
            "eps_4q": 1.01,
            "eps_4q_growth_year": null,
            "roe": 0.82,
            "roe_4q": 4.38,
            "gross_profit": 92400,
            "gross_margin": 11.24,
            "gross_margin_4q_avg": 8.73,
            "net_income": 17672,
            "net_income_4q": null,
            "revenue": 821853,
            "revenue_4q": null,
            "common_shares": 880000,
            "book_valuer_per_share": 25.81,
            "book_valuer_per_share_4q_avg": 25.17,
            "equity": 2271447,
            "current_ratio": 210.46,
            "debt_ratio": 29.14,
            "inventory_turnover_ratio": 1.3,
            "account_receivable_turnover_ratio": 0.98,
            "reinvestment_rate": null,
            "research_to_sale_ratio": 0.48,
            "price_fair": 3.06,
            "eps_avg_yearly": 1.02,
            "eps_latest_yearly": 0.8,
            "eps_growth_yearly": -162.2
        },
        "20141": {
            "year_quarter": 20141,
            "year": 2014,
            "quarter": 1,
            "eps": 0.11,
            "eps_growth_year": null,
            "eps_4q": 1.12,
            "eps_4q_growth_year": null,
            "roe": 0.42,
            "roe_4q": 4.800000000000001,
            "gross_profit": 63365,
            "gross_margin": 7.76,
            "gross_margin_4q_avg": 10.67,
            "net_income": 9651,
            "net_income_4q": null,
            "revenue": 816268,
            "revenue_4q": null,
            "common_shares": 880000,
            "book_valuer_per_share": 26.02,
            "book_valuer_per_share_4q_avg": 25.47,
            "equity": 2290136,
            "current_ratio": 232.9,
            "debt_ratio": 26.44,
            "inventory_turnover_ratio": 1.41,
            "account_receivable_turnover_ratio": 0.97,
            "reinvestment_rate": null,
            "research_to_sale_ratio": 0.54,
            "price_fair": 2.48,
            "eps_avg_yearly": 0.83,
            "eps_latest_yearly": 0.44,
            "eps_growth_yearly": -168.13
        },
        "20142": {
            "year_quarter": 20142,
            "year": 2014,
            "quarter": 2,
            "eps": 0.64,
            "eps_growth_year": 12.28,
            "eps_4q": 1.24,
            "eps_4q_growth_year": 116.04,
            "roe": 2.48,
            "roe_4q": 4.97,
            "gross_profit": 88676,
            "gross_margin": 8.84,
            "gross_margin_4q_avg": 9.93,
            "net_income": 56742,
            "net_income_4q": null,
            "revenue": 1002741,
            "revenue_4q": null,
            "common_shares": 880000,
            "book_valuer_per_share": 25.94,
            "book_valuer_per_share_4q_avg": 25.74,
            "equity": 2282848,
            "current_ratio": 220.09,
            "debt_ratio": 28.39,
            "inventory_turnover_ratio": 1.81,
            "account_receivable_turnover_ratio": 1.19,
            "reinvestment_rate": null,
            "research_to_sale_ratio": 0.51,
            "price_fair": 44.1,
            "eps_avg_yearly": 1.26,
            "eps_latest_yearly": 2.56,
            "eps_growth_yearly": 355.72
        },
        "20143": {
            "year_quarter": 20143,
            "year": 2014,
            "quarter": 3,
            "eps": 0.45,
            "eps_growth_year": 45.16,
            "eps_4q": 1.39,
            "eps_4q_growth_year": 56.75,
            "roe": 1.72,
            "roe_4q": 5.44,
            "gross_profit": 75916,
            "gross_margin": 9.16,
            "gross_margin_4q_avg": 9.25,
            "net_income": 39704,
            "net_income_4q": null,
            "revenue": 828551,
            "revenue_4q": null,
            "common_shares": 892030,
            "book_valuer_per_share": 26.27,
            "book_valuer_per_share_4q_avg": 26.01,
            "equity": 2343326,
            "current_ratio": 260.18,
            "debt_ratio": 24.31,
            "inventory_turnover_ratio": 1.58,
            "account_receivable_turnover_ratio": 0.94,
            "reinvestment_rate": null,
            "research_to_sale_ratio": 0.64,
            "price_fair": 47.88,
            "eps_avg_yearly": 1.37,
            "eps_latest_yearly": 1.8,
            "eps_growth_yearly": 260.83
        },
        "20144": {
            "year_quarter": 20144,
            "year": 2014,
            "quarter": 4,
            "eps": 0.43,
            "eps_growth_year": 114.96,
            "eps_4q": 1.62,
            "eps_4q_growth_year": 61.19,
            "roe": 1.63,
            "roe_4q": 6.25,
            "gross_profit": 99365,
            "gross_margin": 11.88,
            "gross_margin_4q_avg": 9.41,
            "net_income": 38516,
            "net_income_4q": null,
            "revenue": 836369,
            "revenue_4q": null,
            "common_shares": 892230,
            "book_valuer_per_share": 26.86,
            "book_valuer_per_share_4q_avg": 26.27,
            "equity": 2396679,
            "current_ratio": 246.22,
            "debt_ratio": 26.22,
            "inventory_turnover_ratio": 1.5,
            "account_receivable_turnover_ratio": 0.91,
            "reinvestment_rate": null,
            "research_to_sale_ratio": 0.6,
            "price_fair": 49.93,
            "eps_avg_yearly": 1.43,
            "eps_latest_yearly": 1.72,
            "eps_growth_yearly": 214.39
        },
        "20151": {
            "year_quarter": 20151,
            "year": 2015,
            "quarter": 1,
            "eps": 0.4,
            "eps_growth_year": 263.64,
            "eps_4q": 1.91,
            "eps_4q_growth_year": 71.45,
            "roe": 1.48,
            "roe_4q": 7.3100000000000005,
            "gross_profit": 86401,
            "gross_margin": 9.82,
            "gross_margin_4q_avg": 9.93,
            "net_income": 35634,
            "net_income_4q": null,
            "revenue": 880138,
            "revenue_4q": null,
            "common_shares": 892240,
            "book_valuer_per_share": 27.22,
            "book_valuer_per_share_4q_avg": 26.57,
            "equity": 2428392,
            "current_ratio": 257.17,
            "debt_ratio": 25.23,
            "inventory_turnover_ratio": 1.46,
            "account_receivable_turnover_ratio": 0.98,
            "reinvestment_rate": null,
            "research_to_sale_ratio": 0.52,
            "price_fair": 50.8,
            "eps_avg_yearly": 1.45,
            "eps_latest_yearly": 1.6,
            "eps_growth_yearly": 179.78
        },
        "20152": {
            "year_quarter": 20152,
            "year": 2015,
            "quarter": 2,
            "eps": 0.51,
            "eps_growth_year": -20.31,
            "eps_4q": 1.79,
            "eps_4q_growth_year": 44.53,
            "roe": 1.9,
            "roe_4q": 6.7299999999999995,
            "gross_profit": 118448,
            "gross_margin": 14.12,
            "gross_margin_4q_avg": 11.25,
            "net_income": 45884,
            "net_income_4q": null,
            "revenue": 838785,
            "revenue_4q": null,
            "common_shares": 892240,
            "book_valuer_per_share": 27,
            "book_valuer_per_share_4q_avg": 26.84,
            "equity": 2409104,
            "current_ratio": 231.13,
            "debt_ratio": 27.85,
            "inventory_turnover_ratio": 1.38,
            "account_receivable_turnover_ratio": 0.94,
            "reinvestment_rate": null,
            "research_to_sale_ratio": 0.68,
            "price_fair": 53.38,
            "eps_avg_yearly": 1.53,
            "eps_latest_yearly": 2.04,
            "eps_growth_yearly": 171.06
        },
        "20153": {
            "year_quarter": 20153,
            "year": 2015,
            "quarter": 3,
            "eps": 0.68,
            "eps_growth_year": 51.11,
            "eps_4q": 2.01,
            "eps_4q_growth_year": 44.98,
            "roe": 2.45,
            "roe_4q": 7.46,
            "gross_profit": 119299,
            "gross_margin": 13.18,
            "gross_margin_4q_avg": 12.25,
            "net_income": 60593,
            "net_income_4q": null,
            "revenue": 905496,
            "revenue_4q": null,
            "common_shares": 897910,
            "book_valuer_per_share": 28.16,
            "book_valuer_per_share_4q_avg": 27.31,
            "equity": 2528108,
            "current_ratio": 221.86,
            "debt_ratio": 27.6,
            "inventory_turnover_ratio": 1.55,
            "account_receivable_turnover_ratio": 0.94,
            "reinvestment_rate": null,
            "research_to_sale_ratio": 0.55,
            "price_fair": 58.02,
            "eps_avg_yearly": 1.66,
            "eps_latest_yearly": 2.72,
            "eps_growth_yearly": 166.86
        },
        "20154": {
            "year_quarter": 20154,
            "year": 2015,
            "quarter": 4,
            "eps": 0.68,
            "eps_growth_year": 57.59,
            "eps_4q": 2.26,
            "eps_4q_growth_year": 39.59,
            "roe": 2.4,
            "roe_4q": 8.23,
            "gross_profit": 121455,
            "gross_margin": 13.76,
            "gross_margin_4q_avg": 12.72,
            "net_income": 61101,
            "net_income_4q": null,
            "revenue": 882973,
            "revenue_4q": null,
            "common_shares": 898190,
            "book_valuer_per_share": 28.59,
            "book_valuer_per_share_4q_avg": 27.74,
            "equity": 2567772,
            "current_ratio": 223.59,
            "debt_ratio": 26.79,
            "inventory_turnover_ratio": 1.58,
            "account_receivable_turnover_ratio": 0.88,
            "reinvestment_rate": null,
            "research_to_sale_ratio": 0.53,
            "price_fair": 61.74,
            "eps_avg_yearly": 1.76,
            "eps_latest_yearly": 2.72,
            "eps_growth_yearly": 150.18
        },
        "20161": {
            "year_quarter": 20161,
            "year": 2016,
            "quarter": 1,
            "eps": 0.49,
            "eps_growth_year": 22.5,
            "eps_4q": 2.35,
            "eps_4q_growth_year": 23.13,
            "roe": 1.7,
            "roe_4q": 8.45,
            "gross_profit": 128275,
            "gross_margin": 14.25,
            "gross_margin_4q_avg": 13.83,
            "net_income": 43920,
            "net_income_4q": null,
            "revenue": 900382,
            "revenue_4q": null,
            "common_shares": 898350,
            "book_valuer_per_share": 28.9,
            "book_valuer_per_share_4q_avg": 28.16,
            "equity": 2596265,
            "current_ratio": 209.38,
            "debt_ratio": 27.33,
            "inventory_turnover_ratio": 1.73,
            "account_receivable_turnover_ratio": 0.9,
            "reinvestment_rate": 179.62,
            "research_to_sale_ratio": 0.48,
            "price_fair": 62.36,
            "eps_avg_yearly": 1.78,
            "eps_latest_yearly": 1.96,
            "eps_growth_yearly": 126.36
        },
        "20162": {
            "year_quarter": 20162,
            "year": 2016,
            "quarter": 2,
            "eps": 1.2,
            "eps_growth_year": 135.29,
            "eps_4q": 3.04,
            "eps_4q_growth_year": 70.02,
            "roe": 4.14,
            "roe_4q": 10.690000000000001,
            "gross_profit": 224149,
            "gross_margin": 21.37,
            "gross_margin_4q_avg": 15.64,
            "net_income": 107833,
            "net_income_4q": null,
            "revenue": 1048828,
            "revenue_4q": null,
            "common_shares": 898370,
            "book_valuer_per_share": 29.12,
            "book_valuer_per_share_4q_avg": 28.69,
            "equity": 2616497,
            "current_ratio": 202.63,
            "debt_ratio": 27.71,
            "inventory_turnover_ratio": 1.93,
            "account_receivable_turnover_ratio": 1.03,
            "reinvestment_rate": 54.14,
            "research_to_sale_ratio": 0.5,
            "price_fair": 71.17,
            "eps_avg_yearly": 2.03,
            "eps_latest_yearly": 4.8,
            "eps_growth_yearly": 164.13
        },
        "20163": {
            "year_quarter": 20163,
            "year": 2016,
            "quarter": 3,
            "eps": 0.81,
            "eps_growth_year": 19.12,
            "eps_4q": 3.16,
            "eps_4q_growth_year": 57.04,
            "roe": 2.76,
            "roe_4q": 11,
            "gross_profit": 170693,
            "gross_margin": 18.02,
            "gross_margin_4q_avg": 16.85,
            "net_income": 72982,
            "net_income_4q": null,
            "revenue": 947185,
            "revenue_4q": null,
            "common_shares": 904830,
            "book_valuer_per_share": 29.63,
            "book_valuer_per_share_4q_avg": 29.06,
            "equity": 2681140,
            "current_ratio": 218.26,
            "debt_ratio": 25.7,
            "inventory_turnover_ratio": 1.93,
            "account_receivable_turnover_ratio": 0.9,
            "reinvestment_rate": 65.82,
            "research_to_sale_ratio": 0.47,
            "price_fair": 74.42,
            "eps_avg_yearly": 2.13,
            "eps_latest_yearly": 3.24,
            "eps_growth_yearly": 141.51
        },
        "20164": {
            "year_quarter": 20164,
            "year": 2016,
            "quarter": 4,
            "eps": 0.68,
            "eps_growth_year": -0.25,
            "eps_4q": 3.16,
            "eps_4q_growth_year": 39.66,
            "roe": 2.27,
            "roe_4q": 10.869999999999997,
            "gross_profit": 156165,
            "gross_margin": 16.97,
            "gross_margin_4q_avg": 17.65,
            "net_income": 61463,
            "net_income_4q": null,
            "revenue": 920454,
            "revenue_4q": null,
            "common_shares": 905770,
            "book_valuer_per_share": 30.27,
            "book_valuer_per_share_4q_avg": 29.48,
            "equity": 2742009,
            "current_ratio": 224.39,
            "debt_ratio": 25.48,
            "inventory_turnover_ratio": 1.91,
            "account_receivable_turnover_ratio": 0.88,
            "reinvestment_rate": 29.13,
            "research_to_sale_ratio": 0.44,
            "price_fair": 75.9,
            "eps_avg_yearly": 2.17,
            "eps_latest_yearly": 2.72,
            "eps_growth_yearly": 126.81
        },
        "20171": {
            "year_quarter": 20171,
            "year": 2017,
            "quarter": 1,
            "eps": 0.8,
            "eps_growth_year": 63.27,
            "eps_4q": 3.47,
            "eps_4q_growth_year": 47.6,
            "roe": 2.64,
            "roe_4q": 11.809999999999999,
            "gross_profit": 161858,
            "gross_margin": 17.94,
            "gross_margin_4q_avg": 18.58,
            "net_income": 72869,
            "net_income_4q": null,
            "revenue": 902149,
            "revenue_4q": null,
            "common_shares": 906940,
            "book_valuer_per_share": 30.74,
            "book_valuer_per_share_4q_avg": 29.94,
            "equity": 2787731,
            "current_ratio": 229.98,
            "debt_ratio": 23.26,
            "inventory_turnover_ratio": 1.9,
            "account_receivable_turnover_ratio": 0.87,
            "reinvestment_rate": 99.05,
            "research_to_sale_ratio": 0.44,
            "price_fair": 78.31,
            "eps_avg_yearly": 2.24,
            "eps_latest_yearly": 3.2,
            "eps_growth_yearly": 123.07
        },
        "20172": {
            "year_quarter": 20172,
            "year": 2017,
            "quarter": 2,
            "eps": 1.11,
            "eps_growth_year": -7.5,
            "eps_4q": 3.4,
            "eps_4q_growth_year": 11.69,
            "roe": 3.65,
            "roe_4q": 11.32,
            "gross_profit": 213281,
            "gross_margin": 21.84,
            "gross_margin_4q_avg": 18.69,
            "net_income": 101065,
            "net_income_4q": null,
            "revenue": 976365,
            "revenue_4q": null,
            "common_shares": 907060,
            "book_valuer_per_share": 30.34,
            "book_valuer_per_share_4q_avg": 30.25,
            "equity": 2752200,
            "current_ratio": 190.1,
            "debt_ratio": 27.3,
            "inventory_turnover_ratio": 1.87,
            "account_receivable_turnover_ratio": 0.94,
            "reinvestment_rate": 31.02,
            "research_to_sale_ratio": 0.6,
            "price_fair": 83.13,
            "eps_avg_yearly": 2.38,
            "eps_latest_yearly": 4.44,
            "eps_growth_yearly": 125.06
        },
        "20173": {
            "year_quarter": 20173,
            "year": 2017,
            "quarter": 3,
            "eps": 1.33,
            "eps_growth_year": 64.2,
            "eps_4q": 3.93,
            "eps_4q_growth_year": 24.31,
            "roe": 4.29,
            "roe_4q": 12.85,
            "gross_profit": 212097,
            "gross_margin": 20.27,
            "gross_margin_4q_avg": 19.26,
            "net_income": 120792,
            "net_income_4q": null,
            "revenue": 1046471,
            "revenue_4q": null,
            "common_shares": 907060,
            "book_valuer_per_share": 31.74,
            "book_valuer_per_share_4q_avg": 30.77,
            "equity": 2879454,
            "current_ratio": 203.72,
            "debt_ratio": 25.38,
            "inventory_turnover_ratio": 1.95,
            "account_receivable_turnover_ratio": 0.96,
            "reinvestment_rate": 71.57,
            "research_to_sale_ratio": 0.35,
            "price_fair": 92.05,
            "eps_avg_yearly": 2.63,
            "eps_latest_yearly": 5.32,
            "eps_growth_yearly": 141.42
        },
        "20174": {
            "year_quarter": 20174,
            "year": 2017,
            "quarter": 4,
            "eps": 1.01,
            "eps_growth_year": 49.06,
            "eps_4q": 4.26,
            "eps_4q_growth_year": 34.85,
            "roe": 3.14,
            "roe_4q": 13.72,
            "gross_profit": 204450,
            "gross_margin": 19.39,
            "gross_margin_4q_avg": 19.86,
            "net_income": 91749,
            "net_income_4q": null,
            "revenue": 1054263,
            "revenue_4q": null,
            "common_shares": 907060,
            "book_valuer_per_share": 32.72,
            "book_valuer_per_share_4q_avg": 31.39,
            "equity": 2968163,
            "current_ratio": 215.64,
            "debt_ratio": 24.29,
            "inventory_turnover_ratio": 2.08,
            "account_receivable_turnover_ratio": 0.94,
            "reinvestment_rate": 52.19,
            "research_to_sale_ratio": 0.3,
            "price_fair": 99.14,
            "eps_avg_yearly": 2.83,
            "eps_latest_yearly": 4.04,
            "eps_growth_yearly": 144.28
        },
        "20181": {
            "year_quarter": 20181,
            "year": 2018,
            "quarter": 1,
            "eps": 1.17,
            "eps_growth_year": 46.25,
            "eps_4q": 4.63,
            "eps_4q_growth_year": 33.25,
            "roe": 3.51,
            "roe_4q": 14.590000000000002,
            "gross_profit": 199788,
            "gross_margin": 19.51,
            "gross_margin_4q_avg": 20.25,
            "net_income": 106387,
            "net_income_4q": null,
            "revenue": 1024197,
            "revenue_4q": null,
            "common_shares": 907060,
            "book_valuer_per_share": 34.02,
            "book_valuer_per_share_4q_avg": 32.21,
            "equity": 3085690,
            "current_ratio": 232.68,
            "debt_ratio": 22.44,
            "inventory_turnover_ratio": 1.92,
            "account_receivable_turnover_ratio": 0.91,
            "reinvestment_rate": 35.09,
            "research_to_sale_ratio": 0.31,
            "price_fair": 108.41,
            "eps_avg_yearly": 3.1,
            "eps_latest_yearly": 4.68,
            "eps_growth_yearly": 159.49
        },
        "20182": {
            "year_quarter": 20182,
            "year": 2018,
            "quarter": 2,
            "eps": 1.04,
            "eps_growth_year": -6.31,
            "eps_4q": 4.55,
            "eps_4q_growth_year": 33.96,
            "roe": 3.12,
            "roe_4q": 14.059999999999999,
            "gross_profit": 190434,
            "gross_margin": 18.85,
            "gross_margin_4q_avg": 19.51,
            "net_income": 94173,
            "net_income_4q": null,
            "revenue": 1010319,
            "revenue_4q": null,
            "common_shares": 907060,
            "book_valuer_per_share": 32.6,
            "book_valuer_per_share_4q_avg": 32.77,
            "equity": 2957350,
            "current_ratio": 184.68,
            "debt_ratio": 28.31,
            "inventory_turnover_ratio": 1.74,
            "account_receivable_turnover_ratio": 0.91,
            "reinvestment_rate": 36.13,
            "research_to_sale_ratio": 0.32,
            "price_fair": 111.91,
            "eps_avg_yearly": 3.2,
            "eps_latest_yearly": 4.16,
            "eps_growth_yearly": 36.25
        },
        "20183": {
            "year_quarter": 20183,
            "year": 2018,
            "quarter": 3,
            "eps": 0.99,
            "eps_growth_year": -25.56,
            "eps_4q": 4.21,
            "eps_4q_growth_year": 7.2,
            "roe": 2.99,
            "roe_4q": 12.760000000000002,
            "gross_profit": 181211,
            "gross_margin": 17.55,
            "gross_margin_4q_avg": 18.83,
            "net_income": 89522,
            "net_income_4q": null,
            "revenue": 1032586,
            "revenue_4q": null,
            "common_shares": 907060,
            "book_valuer_per_share": 33.38,
            "book_valuer_per_share_4q_avg": 33.18,
            "equity": 3027630,
            "current_ratio": 201.49,
            "debt_ratio": 25.14,
            "inventory_turnover_ratio": 1.78,
            "account_receivable_turnover_ratio": 0.93,
            "reinvestment_rate": 36.55,
            "research_to_sale_ratio": 0.3,
            "price_fair": 116.64,
            "eps_avg_yearly": 3.33,
            "eps_latest_yearly": 3.96,
            "eps_growth_yearly": 42.47
        },
        "20184": {
            "year_quarter": 20184,
            "year": 2018,
            "quarter": 4,
            "eps": 1.19,
            "eps_growth_year": 17.33,
            "eps_4q": 4.38,
            "eps_4q_growth_year": 2.91,
            "roe": 3.5,
            "roe_4q": 13.12,
            "gross_profit": 188922,
            "gross_margin": 19.23,
            "gross_margin_4q_avg": 18.79,
            "net_income": 107650,
            "net_income_4q": null,
            "revenue": 982254,
            "revenue_4q": null,
            "common_shares": 907060,
            "book_valuer_per_share": 34.44,
            "book_valuer_per_share_4q_avg": 33.61,
            "equity": 3123519,
            "current_ratio": 173.68,
            "debt_ratio": 28.65,
            "inventory_turnover_ratio": 1.57,
            "account_receivable_turnover_ratio": 0.9,
            "reinvestment_rate": 52.12,
            "research_to_sale_ratio": 0.29,
            "price_fair": 123.29,
            "eps_avg_yearly": 3.52,
            "eps_latest_yearly": 4.76,
            "eps_growth_yearly": 48.64
        },
        "20191": {
            "year_quarter": 20191,
            "year": 2019,
            "quarter": 1,
            "eps": 0.88,
            "eps_growth_year": -24.79,
            "eps_4q": 4.1,
            "eps_4q_growth_year": -11.52,
            "roe": 2.53,
            "roe_4q": 12.14,
            "gross_profit": 152053,
            "gross_margin": 15.83,
            "gross_margin_4q_avg": 17.87,
            "net_income": 80265,
            "net_income_4q": null,
            "revenue": 960308,
            "revenue_4q": null,
            "common_shares": 907060,
            "book_valuer_per_share": 35.48,
            "book_valuer_per_share_4q_avg": 33.98,
            "equity": 3218029,
            "current_ratio": 187.05,
            "debt_ratio": 27.35,
            "inventory_turnover_ratio": 1.55,
            "account_receivable_turnover_ratio": 0.9,
            "reinvestment_rate": 51.46,
            "research_to_sale_ratio": 0.58,
            "price_fair": 127.49,
            "eps_avg_yearly": 3.64,
            "eps_latest_yearly": 3.52,
            "eps_growth_yearly": 43.87
        },
        "20192": {
            "year_quarter": 20192,
            "year": 2019,
            "quarter": 2,
            "eps": 0.86,
            "eps_growth_year": -17.31,
            "eps_4q": 3.92,
            "eps_4q_growth_year": -14,
            "roe": 2.49,
            "roe_4q": 11.51,
            "gross_profit": 158894,
            "gross_margin": 15.66,
            "gross_margin_4q_avg": 17.07,
            "net_income": 77835,
            "net_income_4q": null,
            "revenue": 1014821,
            "revenue_4q": null,
            "common_shares": 907060,
            "book_valuer_per_share": 33.58,
            "book_valuer_per_share_4q_avg": 34.22,
            "equity": 3046203,
            "current_ratio": 160.21,
            "debt_ratio": 31.75,
            "inventory_turnover_ratio": 1.72,
            "account_receivable_turnover_ratio": 0.99,
            "reinvestment_rate": 50.86,
            "research_to_sale_ratio": 0.79,
            "price_fair": 130.55,
            "eps_avg_yearly": 3.73,
            "eps_latest_yearly": 3.44,
            "eps_growth_yearly": 36.42
        },
        "20193": {
            "year_quarter": 20193,
            "year": 2019,
            "quarter": 3,
            "eps": 0.89,
            "eps_growth_year": -10.1,
            "eps_4q": 3.82,
            "eps_4q_growth_year": -9.24,
            "roe": 2.62,
            "roe_4q": 11.14,
            "gross_profit": 205985,
            "gross_margin": 19.95,
            "gross_margin_4q_avg": 17.67,
            "net_income": 80794,
            "net_income_4q": null,
            "revenue": 1032497,
            "revenue_4q": null,
            "common_shares": 907060,
            "book_valuer_per_share": 34.41,
            "book_valuer_per_share_4q_avg": 34.48,
            "equity": 3121299,
            "current_ratio": 169.53,
            "debt_ratio": 28.86,
            "inventory_turnover_ratio": 1.74,
            "account_receivable_turnover_ratio": 1,
            "reinvestment_rate": 47.58,
            "research_to_sale_ratio": 0.66,
            "price_fair": 132.39,
            "eps_avg_yearly": 3.78,
            "eps_latest_yearly": 3.56,
            "eps_growth_yearly": 28.96
        },
        "20194": {
            "year_quarter": 20194,
            "year": 2019,
            "quarter": 4,
            "eps": 0.94,
            "eps_growth_year": -20.5,
            "eps_4q": 3.58,
            "eps_4q_growth_year": -18.42,
            "roe": 2.73,
            "roe_4q": 10.37,
            "gross_profit": 169924,
            "gross_margin": 18.3,
            "gross_margin_4q_avg": 17.44,
            "net_income": 85581,
            "net_income_4q": null,
            "revenue": 928755,
            "revenue_4q": null,
            "common_shares": 907060,
            "book_valuer_per_share": 34.79,
            "book_valuer_per_share_4q_avg": 34.57,
            "equity": 3155975,
            "current_ratio": 198.27,
            "debt_ratio": 25.31,
            "inventory_turnover_ratio": 1.67,
            "account_receivable_turnover_ratio": 0.91,
            "reinvestment_rate": 39.48,
            "research_to_sale_ratio": 0.76,
            "price_fair": 134.66,
            "eps_avg_yearly": 3.85,
            "eps_latest_yearly": 3.76,
            "eps_growth_yearly": 30.37
        },
        "20201": {
            "year_quarter": 20201,
            "year": 2020,
            "quarter": 1,
            "eps": 1,
            "eps_growth_year": 13.64,
            "eps_4q": 3.69,
            "eps_4q_growth_year": -9.87,
            "roe": 2.92,
            "roe_4q": 10.76,
            "gross_profit": 190700,
            "gross_margin": 21.18,
            "gross_margin_4q_avg": 18.77,
            "net_income": 90735,
            "net_income_4q": null,
            "revenue": 900460,
            "revenue_4q": null,
            "common_shares": 907060,
            "book_valuer_per_share": 33.61,
            "book_valuer_per_share_4q_avg": 34.1,
            "equity": 3048647,
            "current_ratio": 169.55,
            "debt_ratio": 29.14,
            "inventory_turnover_ratio": 1.62,
            "account_receivable_turnover_ratio": 0.91,
            "reinvestment_rate": 41.46,
            "research_to_sale_ratio": 0.79,
            "price_fair": 139.13,
            "eps_avg_yearly": 3.98,
            "eps_latest_yearly": 4,
            "eps_growth_yearly": 38.95
        },
        "20202": {
            "year_quarter": 20202,
            "year": 2020,
            "quarter": 2,
            "eps": 1.03,
            "eps_growth_year": 19.77,
            "eps_4q": 3.86,
            "eps_4q_growth_year": -1.35,
            "roe": 3.03,
            "roe_4q": 11.3,
            "gross_profit": 199838,
            "gross_margin": 21.25,
            "gross_margin_4q_avg": 20.17,
            "net_income": 93357,
            "net_income_4q": null,
            "revenue": 940424,
            "revenue_4q": null,
            "common_shares": 907060,
            "book_valuer_per_share": 34.43,
            "book_valuer_per_share_4q_avg": 34.31,
            "equity": 3123237,
            "current_ratio": 174.75,
            "debt_ratio": 29.28,
            "inventory_turnover_ratio": 1.67,
            "account_receivable_turnover_ratio": 0.96,
            "reinvestment_rate": 46.5,
            "research_to_sale_ratio": 0.8,
            "price_fair": 52.99,
            "eps_avg_yearly": 3.93,
            "eps_latest_yearly": 4.12,
            "eps_growth_yearly": 3.47
        },
        "20203": {
            "year_quarter": 20203,
            "year": 2020,
            "quarter": 3,
            "eps": 1.33,
            "eps_growth_year": 49.44,
            "eps_4q": 4.3,
            "eps_4q_growth_year": 12.64,
            "roe": 3.81,
            "roe_4q": 12.49,
            "gross_profit": 258302,
            "gross_margin": 24.27,
            "gross_margin_4q_avg": 21.25,
            "net_income": 120687,
            "net_income_4q": null,
            "revenue": 1064095,
            "revenue_4q": null,
            "common_shares": 907060,
            "book_valuer_per_share": 35.39,
            "book_valuer_per_share_4q_avg": 34.56,
            "equity": 3209837,
            "current_ratio": 182.69,
            "debt_ratio": 29.12,
            "inventory_turnover_ratio": 1.74,
            "account_receivable_turnover_ratio": 1.07,
            "reinvestment_rate": 53.32,
            "research_to_sale_ratio": 1.17,
            "price_fair": 117.33,
            "eps_avg_yearly": 4.06,
            "eps_latest_yearly": 5.32,
            "eps_growth_yearly": 18.88
        },
        "20204": {
            "year_quarter": 20204,
            "year": 2020,
            "quarter": 4,
            "eps": 0.94,
            "eps_growth_year": -0.34,
            "eps_4q": 3.97,
            "eps_4q_growth_year": 10.89,
            "roe": 2.7,
            "roe_4q": 12.459999999999999,
            "gross_profit": 212264,
            "gross_margin": 23.23,
            "gross_margin_4q_avg": 22.48,
            "net_income": 94694,
            "net_income_4q": null,
            "revenue": 913737,
            "revenue_4q": null,
            "common_shares": 1007060,
            "book_valuer_per_share": 37.66,
            "book_valuer_per_share_4q_avg": 35.27,
            "equity": 3792659,
            "current_ratio": 202.07,
            "debt_ratio": 29.56,
            "inventory_turnover_ratio": 1.65,
            "account_receivable_turnover_ratio": 0.86,
            "reinvestment_rate": 43.25,
            "research_to_sale_ratio": 1.51,
            "price_fair": 105.51,
            "eps_avg_yearly": 4.13,
            "eps_latest_yearly": 3.76,
            "eps_growth_yearly": 15.56
        },
        "20211": {
            "year_quarter": 20211,
            "year": 2021,
            "quarter": 1,
            "eps": 1,
            "eps_growth_year": 0,
            "eps_4q": 4.07,
            "eps_4q_growth_year": 10.12,
            "roe": 2.69,
            "roe_4q": 12.23,
            "gross_profit": 212788,
            "gross_margin": 21.94,
            "gross_margin_4q_avg": 22.67,
            "net_income": 100785,
            "net_income_4q": null,
            "revenue": 969794,
            "revenue_4q": null,
            "common_shares": 1007060,
            "book_valuer_per_share": 36.7,
            "book_valuer_per_share_4q_avg": 36.05,
            "equity": 3695606,
            "current_ratio": 210.44,
            "debt_ratio": 26.6,
            "inventory_turnover_ratio": 1.96,
            "account_receivable_turnover_ratio": 0.93,
            "reinvestment_rate": 40.95,
            "research_to_sale_ratio": 0.94,
            "price_fair": 95.02,
            "eps_avg_yearly": 4.18,
            "eps_latest_yearly": 4,
            "eps_growth_yearly": 12.75
        },
        "20212": {
            "year_quarter": 20212,
            "year": 2021,
            "quarter": 2,
            "eps": 1.14,
            "eps_growth_year": 10.68,
            "eps_4q": 4.28,
            "eps_4q_growth_year": 10.8,
            "roe": 3.04,
            "roe_4q": 12.24,
            "gross_profit": 196568,
            "gross_margin": 19.85,
            "gross_margin_4q_avg": 22.32,
            "net_income": 114772,
            "net_income_4q": null,
            "revenue": 990197,
            "revenue_4q": null,
            "common_shares": 1007060,
            "book_valuer_per_share": 38.12,
            "book_valuer_per_share_4q_avg": 36.97,
            "equity": 3854353,
            "current_ratio": 172.25,
            "debt_ratio": 32.06,
            "inventory_turnover_ratio": 1.84,
            "account_receivable_turnover_ratio": 1.01,
            "reinvestment_rate": 48.76,
            "research_to_sale_ratio": 1.14,
            "price_fair": 69.3,
            "eps_avg_yearly": 4.19,
            "eps_latest_yearly": 4.56,
            "eps_growth_yearly": 6.56
        },
        "20213": {
            "year_quarter": 20213,
            "year": 2021,
            "quarter": 3,
            "eps": 1.55,
            "eps_growth_year": 16.54,
            "eps_4q": 4.63,
            "eps_4q_growth_year": 7.67,
            "roe": 4.02,
            "roe_4q": 12.45,
            "gross_profit": 279243,
            "gross_margin": 23.66,
            "gross_margin_4q_avg": 22.17,
            "net_income": 155919,
            "net_income_4q": null,
            "revenue": 1180157,
            "revenue_4q": null,
            "common_shares": 1007060,
            "book_valuer_per_share": 38.63,
            "book_valuer_per_share_4q_avg": 37.78,
            "equity": 3904896,
            "current_ratio": 160.49,
            "debt_ratio": 33.63,
            "inventory_turnover_ratio": 1.73,
            "account_receivable_turnover_ratio": 1.14,
            "reinvestment_rate": 41.78,
            "research_to_sale_ratio": 0.8,
            "price_fair": 87.32,
            "eps_avg_yearly": 4.24,
            "eps_latest_yearly": 6.2,
            "eps_growth_yearly": 10.6
        },
        "20214": {
            "year_quarter": 20214,
            "year": 2021,
            "quarter": 4,
            "eps": 3,
            "eps_growth_year": 218.61,
            "eps_4q": 6.69,
            "eps_4q_growth_year": 68.63,
            "roe": 7.45,
            "roe_4q": 17.2,
            "gross_profit": 506506,
            "gross_margin": 30.89,
            "gross_margin_4q_avg": 24.09,
            "net_income": 301234,
            "net_income_4q": null,
            "revenue": 1639737,
            "revenue_4q": null,
            "common_shares": 1007060,
            "book_valuer_per_share": 41.16,
            "book_valuer_per_share_4q_avg": 38.65,
            "equity": 4176589,
            "current_ratio": 156.93,
            "debt_ratio": 36.48,
            "inventory_turnover_ratio": 1.78,
            "account_receivable_turnover_ratio": 1.22,
            "reinvestment_rate": 42.95,
            "research_to_sale_ratio": 0.54,
            "price_fair": 165.81,
            "eps_avg_yearly": 4.74,
            "eps_latest_yearly": 12,
            "eps_growth_yearly": 40
        },
        "20221": {
            "year_quarter": 20221,
            "year": 2022,
            "quarter": 1,
            "eps": 3.24,
            "eps_growth_year": 224,
            "eps_4q": 8.93,
            "eps_4q_growth_year": 119.66,
            "roe": 7.78,
            "roe_4q": 22.29,
            "gross_profit": 519448,
            "gross_margin": 31.43,
            "gross_margin_4q_avg": 26.46,
            "net_income": 327621,
            "net_income_4q": null,
            "revenue": 1652612,
            "revenue_4q": null,
            "common_shares": 1007060,
            "book_valuer_per_share": 41.84,
            "book_valuer_per_share_4q_avg": 39.94,
            "equity": 4245899,
            "current_ratio": 137.58,
            "debt_ratio": 40.2,
            "inventory_turnover_ratio": 1.53,
            "account_receivable_turnover_ratio": 1,
            "reinvestment_rate": 55.88,
            "research_to_sale_ratio": 0.7,
            "price_fair": 183.93,
            "eps_avg_yearly": 5.26,
            "eps_latest_yearly": 12.96,
            "eps_growth_yearly": 38.04
        },
        "20222": {
            "year_quarter": 20222,
            "year": 2022,
            "quarter": 2,
            "eps": 2.76,
            "eps_growth_year": 142.11,
            "eps_4q": 10.55,
            "eps_4q_growth_year": 146.45,
            "roe": 6.48,
            "roe_4q": 25.73,
            "gross_profit": 439309,
            "gross_margin": 28.4,
            "gross_margin_4q_avg": 28.6,
            "net_income": 277881,
            "net_income_4q": null,
            "revenue": 1546966,
            "revenue_4q": null,
            "common_shares": 1007060,
            "book_valuer_per_share": 42.68,
            "book_valuer_per_share_4q_avg": 41.08,
            "equity": 4331113,
            "current_ratio": 129.16,
            "debt_ratio": 41.2,
            "inventory_turnover_ratio": 1.34,
            "account_receivable_turnover_ratio": 0.91,
            "reinvestment_rate": 59.5,
            "research_to_sale_ratio": 1.01,
            "price_fair": 198.98,
            "eps_avg_yearly": 5.69,
            "eps_latest_yearly": 11.04,
            "eps_growth_yearly": 37.11
        },
        "20223": {
            "year_quarter": 20223,
            "year": 2022,
            "quarter": 3,
            "eps": 1.62,
            "eps_growth_year": 4.52,
            "eps_4q": 10.62,
            "eps_4q_growth_year": 129.22,
            "roe": 3.68,
            "roe_4q": 25.39,
            "gross_profit": 288990,
            "gross_margin": 23.73,
            "gross_margin_4q_avg": 28.61,
            "net_income": 163103,
            "net_income_4q": null,
            "revenue": 1217801,
            "revenue_4q": null,
            "common_shares": 1007060,
            "book_valuer_per_share": 44.78,
            "book_valuer_per_share_4q_avg": 42.62,
            "equity": 4542105,
            "current_ratio": 144.87,
            "debt_ratio": 40.5,
            "inventory_turnover_ratio": 1.02,
            "account_receivable_turnover_ratio": 0.81,
            "reinvestment_rate": 68.58,
            "research_to_sale_ratio": 1.56,
            "price_fair": 204.49,
            "eps_avg_yearly": 5.84,
            "eps_latest_yearly": 6.48,
            "eps_growth_yearly": 27.99
        },
        "20224": {
            "year_quarter": 20224,
            "year": 2022,
            "quarter": 4,
            "eps": 0.81,
            "eps_growth_year": -73.01,
            "eps_4q": 8.43,
            "eps_4q_growth_year": 26.09,
            "roe": 1.77,
            "roe_4q": 19.71,
            "gross_profit": 254817,
            "gross_margin": 21.21,
            "gross_margin_4q_avg": 26.19,
            "net_income": 80976,
            "net_income_4q": null,
            "revenue": 1201221,
            "revenue_4q": null,
            "common_shares": 1007060,
            "book_valuer_per_share": 45.56,
            "book_valuer_per_share_4q_avg": 43.72,
            "equity": 4620071,
            "current_ratio": 152.15,
            "debt_ratio": 36.02,
            "inventory_turnover_ratio": 1.15,
            "account_receivable_turnover_ratio": 0.92,
            "reinvestment_rate": 65.31,
            "research_to_sale_ratio": 1.43,
            "price_fair": 117.46,
            "eps_avg_yearly": 5.75,
            "eps_latest_yearly": 3.24,
            "eps_growth_yearly": 10.44
        },
        "20231": {
            "year_quarter": 20231,
            "year": 2023,
            "quarter": 1,
            "eps": 0.95,
            "eps_growth_year": -70.68,
            "eps_4q": 6.14,
            "eps_4q_growth_year": -31.22,
            "roe": 2.15,
            "roe_4q": 14.08,
            "gross_profit": 227155,
            "gross_margin": 18.93,
            "gross_margin_4q_avg": 23.07,
            "net_income": 96096,
            "net_income_4q": null,
            "revenue": 1200126,
            "revenue_4q": null,
            "common_shares": 1007060,
            "book_valuer_per_share": 42.52,
            "book_valuer_per_share_4q_avg": 43.89,
            "equity": 4314063,
            "current_ratio": 118.02,
            "debt_ratio": 42.05,
            "inventory_turnover_ratio": 1.42,
            "account_receivable_turnover_ratio": 0.95,
            "reinvestment_rate": 68.64,
            "research_to_sale_ratio": 1.35,
            "price_fair": 180.27,
            "eps_avg_yearly": 5.77,
            "eps_latest_yearly": 3.8,
            "eps_growth_yearly": 21.27
        },
        "20232": {
            "year_quarter": 20232,
            "year": 2023,
            "quarter": 2,
            "eps": 1.07,
            "eps_growth_year": -61.23,
            "eps_4q": 4.46,
            "eps_4q_growth_year": -57.77,
            "roe": 2.52,
            "roe_4q": 10.12,
            "gross_profit": 232649,
            "gross_margin": 18.46,
            "gross_margin_4q_avg": 20.58,
            "net_income": 107525,
            "net_income_4q": null,
            "revenue": 1260361,
            "revenue_4q": null,
            "common_shares": 1007060,
            "book_valuer_per_share": 41.66,
            "book_valuer_per_share_4q_avg": 43.63,
            "equity": 4227134,
            "current_ratio": 106.06,
            "debt_ratio": 43.59,
            "inventory_turnover_ratio": 1.67,
            "account_receivable_turnover_ratio": 0.97,
            "reinvestment_rate": 72.18,
            "research_to_sale_ratio": 1.72,
            "price_fair": 203.59,
            "eps_avg_yearly": 5.82,
            "eps_latest_yearly": 4.28,
            "eps_growth_yearly": 25
        },
        "20233": {
            "year_quarter": 20233,
            "year": 2023,
            "quarter": 3,
            "eps": 1.09,
            "eps_growth_year": -32.72,
            "eps_4q": 3.93,
            "eps_4q_growth_year": -63.04,
            "roe": 2.56,
            "roe_4q": 9,
            "gross_profit": 242816,
            "gross_margin": 20,
            "gross_margin_4q_avg": 19.65,
            "net_income": 109931,
            "net_income_4q": null,
            "revenue": 1214123,
            "revenue_4q": null,
            "common_shares": 1007060,
            "book_valuer_per_share": 42.89,
            "book_valuer_per_share_4q_avg": 43.16,
            "equity": 4350539,
            "current_ratio": 110.86,
            "debt_ratio": 42.26,
            "inventory_turnover_ratio": 1.65,
            "account_receivable_turnover_ratio": 0.94,
            "reinvestment_rate": 77.95,
            "research_to_sale_ratio": 1.75,
            "price_fair": 202.97,
            "eps_avg_yearly": 5.87,
            "eps_latest_yearly": 4.36,
            "eps_growth_yearly": 24.59
        }
    },
    "months": {
        "2012-12": {
            "month": "2012-12",
            "price": "37.78",
            "revenue": 236228
        },
        "2013-01": {
            "month": "2013-01",
            "price": "33.53",
            "revenue": 292989
        },
        "2013-02": {
            "month": "2013-02",
            "price": "34.36",
            "revenue": 243180
        },
        "2013-03": {
            "month": "2013-03",
            "price": "37.97",
            "revenue": 261189
        },
        "2013-04": {
            "month": "2013-04",
            "price": "38.11",
            "revenue": 279682
        },
        "2013-05": {
            "month": "2013-05",
            "price": "38.70",
            "revenue": 277846
        },
        "2013-06": {
            "month": "2013-06",
            "price": "39.20",
            "revenue": 277979
        },
        "2013-07": {
            "month": "2013-07",
            "price": "43.65",
            "revenue": 260058
        },
        "2013-08": {
            "month": "2013-08",
            "price": "43.39",
            "revenue": 255776
        },
        "2013-09": {
            "month": "2013-09",
            "price": "40.00",
            "revenue": 251410
        },
        "2013-10": {
            "month": "2013-10",
            "price": "40.50",
            "revenue": 303937
        },
        "2013-11": {
            "month": "2013-11",
            "price": "30.60",
            "revenue": 263140
        },
        "2013-12": {
            "month": "2013-12",
            "price": "31.27",
            "revenue": 254775
        },
        "2014-01": {
            "month": "2014-01",
            "price": "31.35",
            "revenue": 288768
        },
        "2014-02": {
            "month": "2014-02",
            "price": "30.82",
            "revenue": 268650
        },
        "2014-03": {
            "month": "2014-03",
            "price": "32.10",
            "revenue": 258850
        },
        "2014-04": {
            "month": "2014-04",
            "price": "31.42",
            "revenue": 312498
        },
        "2014-05": {
            "month": "2014-05",
            "price": "28.92",
            "revenue": 292280
        },
        "2014-06": {
            "month": "2014-06",
            "price": "28.65",
            "revenue": 397963
        },
        "2014-07": {
            "month": "2014-07",
            "price": "29.22",
            "revenue": 292867
        },
        "2014-08": {
            "month": "2014-08",
            "price": "27.45",
            "revenue": 246416
        },
        "2014-09": {
            "month": "2014-09",
            "price": "28.01",
            "revenue": 289267
        },
        "2014-10": {
            "month": "2014-10",
            "price": "26.09",
            "revenue": 317780
        },
        "2014-11": {
            "month": "2014-11",
            "price": "25.03",
            "revenue": 267818
        },
        "2014-12": {
            "month": "2014-12",
            "price": "25.88",
            "revenue": 250770
        },
        "2015-01": {
            "month": "2015-01",
            "price": "26.81",
            "revenue": 331961
        },
        "2015-02": {
            "month": "2015-02",
            "price": "26.67",
            "revenue": 273401
        },
        "2015-03": {
            "month": "2015-03",
            "price": "26.79",
            "revenue": 274776
        },
        "2015-04": {
            "month": "2015-04",
            "price": "26.84",
            "revenue": 275479
        },
        "2015-05": {
            "month": "2015-05",
            "price": "27.00",
            "revenue": 281669
        },
        "2015-06": {
            "month": "2015-06",
            "price": "24.88",
            "revenue": 281636
        },
        "2015-07": {
            "month": "2015-07",
            "price": "23.28",
            "revenue": 314220
        },
        "2015-08": {
            "month": "2015-08",
            "price": "20.44",
            "revenue": 262325
        },
        "2015-09": {
            "month": "2015-09",
            "price": "21.15",
            "revenue": 328952
        },
        "2015-10": {
            "month": "2015-10",
            "price": "23.26",
            "revenue": 300410
        },
        "2015-11": {
            "month": "2015-11",
            "price": "24.03",
            "revenue": 279075
        },
        "2015-12": {
            "month": "2015-12",
            "price": "22.62",
            "revenue": 303495
        },
        "2016-01": {
            "month": "2016-01",
            "price": "22.29",
            "revenue": 306952
        },
        "2016-02": {
            "month": "2016-02",
            "price": "23.04",
            "revenue": 229216
        },
        "2016-03": {
            "month": "2016-03",
            "price": "23.78",
            "revenue": 365070
        },
        "2016-04": {
            "month": "2016-04",
            "price": "25.59",
            "revenue": 291024
        },
        "2016-05": {
            "month": "2016-05",
            "price": "25.09",
            "revenue": 359313
        },
        "2016-06": {
            "month": "2016-06",
            "price": "25.85",
            "revenue": 397632
        },
        "2016-07": {
            "month": "2016-07",
            "price": "27.35",
            "revenue": 319958
        },
        "2016-08": {
            "month": "2016-08",
            "price": "29.92",
            "revenue": 327548
        },
        "2016-09": {
            "month": "2016-09",
            "price": "31.58",
            "revenue": 299683
        },
        "2016-10": {
            "month": "2016-10",
            "price": "31.42",
            "revenue": 287086
        },
        "2016-11": {
            "month": "2016-11",
            "price": "28.71",
            "revenue": 349400
        },
        "2016-12": {
            "month": "2016-12",
            "price": "30.40",
            "revenue": 283968
        },
        "2017-01": {
            "month": "2017-01",
            "price": "29.90",
            "revenue": 291115
        },
        "2017-02": {
            "month": "2017-02",
            "price": "30.63",
            "revenue": 292430
        },
        "2017-03": {
            "month": "2017-03",
            "price": "31.94",
            "revenue": 318604
        },
        "2017-04": {
            "month": "2017-04",
            "price": "31.56",
            "revenue": 301124
        },
        "2017-05": {
            "month": "2017-05",
            "price": "31.45",
            "revenue": 324414
        },
        "2017-06": {
            "month": "2017-06",
            "price": "32.11",
            "revenue": 350826
        },
        "2017-07": {
            "month": "2017-07",
            "price": "31.69",
            "revenue": 349214
        },
        "2017-08": {
            "month": "2017-08",
            "price": "34.86",
            "revenue": 371847
        },
        "2017-09": {
            "month": "2017-09",
            "price": "40.42",
            "revenue": 325410
        },
        "2017-10": {
            "month": "2017-10",
            "price": "47.06",
            "revenue": 349929
        },
        "2017-11": {
            "month": "2017-11",
            "price": "55.82",
            "revenue": 367864
        },
        "2017-12": {
            "month": "2017-12",
            "price": "57.04",
            "revenue": 336484
        },
        "2018-01": {
            "month": "2018-01",
            "price": "58.38",
            "revenue": 367358
        },
        "2018-02": {
            "month": "2018-02",
            "price": "51.70",
            "revenue": 326067
        },
        "2018-03": {
            "month": "2018-03",
            "price": "53.38",
            "revenue": 330773
        },
        "2018-04": {
            "month": "2018-04",
            "price": "50.95",
            "revenue": 344869
        },
        "2018-05": {
            "month": "2018-05",
            "price": "51.57",
            "revenue": 345580
        },
        "2018-06": {
            "month": "2018-06",
            "price": "52.43",
            "revenue": 319869
        },
        "2018-07": {
            "month": "2018-07",
            "price": "49.51",
            "revenue": 380060
        },
        "2018-08": {
            "month": "2018-08",
            "price": "50.85",
            "revenue": 347223
        },
        "2018-09": {
            "month": "2018-09",
            "price": "47.79",
            "revenue": 305303
        },
        "2018-10": {
            "month": "2018-10",
            "price": "40.47",
            "revenue": 330600
        },
        "2018-11": {
            "month": "2018-11",
            "price": "39.89",
            "revenue": 320355
        },
        "2018-12": {
            "month": "2018-12",
            "price": "40.06",
            "revenue": 331319
        },
        "2019-01": {
            "month": "2019-01",
            "price": "39.22",
            "revenue": 367378
        },
        "2019-02": {
            "month": "2019-02",
            "price": "43.89",
            "revenue": 273866
        },
        "2019-03": {
            "month": "2019-03",
            "price": "46.51",
            "revenue": 319050
        },
        "2019-04": {
            "month": "2019-04",
            "price": "46.86",
            "revenue": 368633
        },
        "2019-05": {
            "month": "2019-05",
            "price": "45.70",
            "revenue": 349440
        },
        "2019-06": {
            "month": "2019-06",
            "price": "46.30",
            "revenue": 296935
        },
        "2019-07": {
            "month": "2019-07",
            "price": "44.42",
            "revenue": 359747
        },
        "2019-08": {
            "month": "2019-08",
            "price": "43.22",
            "revenue": 320123
        },
        "2019-09": {
            "month": "2019-09",
            "price": "41.88",
            "revenue": 352512
        },
        "2019-10": {
            "month": "2019-10",
            "price": "42.76",
            "revenue": 325294
        },
        "2019-11": {
            "month": "2019-11",
            "price": "43.23",
            "revenue": 291536
        },
        "2019-12": {
            "month": "2019-12",
            "price": "46.29",
            "revenue": 304582
        },
        "2020-01": {
            "month": "2020-01",
            "price": "48.54",
            "revenue": 287088
        },
        "2020-02": {
            "month": "2020-02",
            "price": "46.54",
            "revenue": 277152
        },
        "2020-03": {
            "month": "2020-03",
            "price": "43.32",
            "revenue": 336221
        },
        "2020-04": {
            "month": "2020-04",
            "price": "43.17",
            "revenue": 294982
        },
        "2020-05": {
            "month": "2020-05",
            "price": "46.72",
            "revenue": 267628
        },
        "2020-06": {
            "month": "2020-06",
            "price": "50.05",
            "revenue": 377813
        },
        "2020-07": {
            "month": "2020-07",
            "price": "63.77",
            "revenue": 370494
        },
        "2020-08": {
            "month": "2020-08",
            "price": "72.50",
            "revenue": 352585
        },
        "2020-09": {
            "month": "2020-09",
            "price": "67.58",
            "revenue": 341015
        },
        "2020-10": {
            "month": "2020-10",
            "price": "68.44",
            "revenue": 271686
        },
        "2020-11": {
            "month": "2020-11",
            "price": "68.84",
            "revenue": 322963
        },
        "2020-12": {
            "month": "2020-12",
            "price": "65.99",
            "revenue": 319088
        },
        "2021-01": {
            "month": "2021-01",
            "price": "62.10",
            "revenue": 326140
        },
        "2021-02": {
            "month": "2021-02",
            "price": "61.35",
            "revenue": 298494
        },
        "2021-03": {
            "month": "2021-03",
            "price": "64.02",
            "revenue": 345212
        },
        "2021-04": {
            "month": "2021-04",
            "price": "68.18",
            "revenue": 301878
        },
        "2021-05": {
            "month": "2021-05",
            "price": "62.74",
            "revenue": 336226
        },
        "2021-06": {
            "month": "2021-06",
            "price": "63.36",
            "revenue": 352041
        },
        "2021-07": {
            "month": "2021-07",
            "price": "63.81",
            "revenue": 401711
        },
        "2021-08": {
            "month": "2021-08",
            "price": "61.12",
            "revenue": 386062
        },
        "2021-09": {
            "month": "2021-09",
            "price": "66.75",
            "revenue": 391210
        },
        "2021-10": {
            "month": "2021-10",
            "price": "68.54",
            "revenue": 518251
        },
        "2021-11": {
            "month": "2021-11",
            "price": "81.23",
            "revenue": 610368
        },
        "2021-12": {
            "month": "2021-12",
            "price": "117.02",
            "revenue": 512194
        },
        "2022-01": {
            "month": "2022-01",
            "price": "151.44",
            "revenue": 586173
        },
        "2022-02": {
            "month": "2022-02",
            "price": "145.70",
            "revenue": 493602
        },
        "2022-03": {
            "month": "2022-03",
            "price": "171.61",
            "revenue": 572835
        },
        "2022-04": {
            "month": "2022-04",
            "price": "182.24",
            "revenue": 523477
        },
        "2022-05": {
            "month": "2022-05",
            "price": "182.93",
            "revenue": 538235
        },
        "2022-06": {
            "month": "2022-06",
            "price": "186.02",
            "revenue": 485654
        },
        "2022-07": {
            "month": "2022-07",
            "price": "142.29",
            "revenue": 411234
        },
        "2022-08": {
            "month": "2022-08",
            "price": "149.11",
            "revenue": 419269
        },
        "2022-09": {
            "month": "2022-09",
            "price": "134.52",
            "revenue": 387177
        },
        "2022-10": {
            "month": "2022-10",
            "price": "110.88",
            "revenue": 364473
        },
        "2022-11": {
            "month": "2022-11",
            "price": "115.39",
            "revenue": 428128
        },
        "2022-12": {
            "month": "2022-12",
            "price": "125.59",
            "revenue": 408454
        },
        "2023-01": {
            "month": "2023-01",
            "price": "120.65",
            "revenue": 357749
        },
        "2023-02": {
            "month": "2023-02",
            "price": "130.19",
            "revenue": 369251
        },
        "2023-03": {
            "month": "2023-03",
            "price": "127.61",
            "revenue": 473353
        },
        "2023-04": {
            "month": "2023-04",
            "price": "132.71",
            "revenue": 371861
        },
        "2023-05": {
            "month": "2023-05",
            "price": "130.82",
            "revenue": 433210
        },
        "2023-06": {
            "month": "2023-06",
            "price": "140.60",
            "revenue": 454874
        },
        "2023-07": {
            "month": "2023-07",
            "price": "147.10",
            "revenue": 371504
        },
        "2023-08": {
            "month": "2023-08",
            "price": "136.61",
            "revenue": 426980
        },
        "2023-09": {
            "month": "2023-09",
            "price": "134.88",
            "revenue": 416795
        },
        "2023-10": {
            "month": "2023-10",
            "price": "132.02",
            "revenue": 419200
        },
        "2023-11": {
            "month": "2023-11",
            "price": "127.07",
            "revenue": 386904
        },
        "2023-12": {
            "month": "2023-12",
            "price": "124.93",
            "revenue": 509355
        }
    }
}
