{
    "summary": {
        "stock_name": "材料-KY",
        "stock_id": "4763",
        "category": "化工",
        "main_business": "二醋酸纖維絲束研發、製造與銷售",
        "website_url": "http://www.acetek.com.cn",
        "ceo": "王克璋",
        "pe_ratio": 15,
        "report_year_from": 2013,
        "report_year_to": 2023,
        "age": 11,
        "eps_negative_percentage": 0,
        "eps_growth_avg": {
            "last_all": 34.16,
            "last_2y": 54.65,
            "last_4y": 50.51,
            "last_8y": null,
            "last_12y": null,
            "last_16y": null,
            "last_20y": null,
            "at_2006_last_3y": null,
            "at_2007_last_3y": null,
            "at_2008_last_3y": null,
            "at_2009_last_3y": null,
            "at_2010_last_3y": null,
            "at_2011_last_3y": null,
            "at_2012_last_3y": null,
            "at_2013_last_3y": null,
            "at_2014_last_3y": null,
            "at_2015_last_3y": null,
            "at_2016_last_3y": null,
            "at_2017_last_3y": null,
            "at_2018_last_3y": null,
            "at_2019_last_3y": 15.14,
            "at_2020_last_3y": 19.85,
            "at_2021_last_3y": 20.85,
            "at_2022_last_3y": 38.14,
            "at_2023_last_3y": 53.17,
            "at_2024_last_3y": 53.17,
            "at_2006_last_all": null,
            "at_2007_last_all": null,
            "at_2008_last_all": null,
            "at_2009_last_all": null,
            "at_2010_last_all": null,
            "at_2011_last_all": null,
            "at_2012_last_all": null,
            "at_2013_last_all": null,
            "at_2014_last_all": null,
            "at_2015_last_all": null,
            "at_2016_last_all": null,
            "at_2017_last_all": -5.07,
            "at_2018_last_all": 6.89,
            "at_2019_last_all": 15.14,
            "at_2020_last_all": 21.86,
            "at_2021_last_all": 12.21,
            "at_2022_last_all": 24.75,
            "at_2023_last_all": 34.16,
            "at_2024_last_all": 34.16
        },
        "latest_eps": 60.25,
        "latest_price": 898,
        "latest_roe": 74.74,
        "latest_gross_margin": 67.3,
        "latest_equity": 10322817,
        "latest_revenue": 3836775,
        "latest_gross_profit": 2582297,
        "latest_net_income": 1943365,
        "latest_debt_ratio": 13.97,
        "latest_current_ratio": 587.9,
        "latest_account_receivable_turnover_ratio": 11.5,
        "latest_inventory_turnover_ratio": 2.18,
        "latest_reinvestment_rate": 12.85,
        "latest_research_to_sale_ratio": 2.44
    },
    "eps_dividends": {
        "2001": {
            "cash": 0,
            "stock": 0,
            "eps": 0
        },
        "2002": {
            "cash": 0,
            "stock": 0,
            "eps": 0
        },
        "2003": {
            "cash": 0,
            "stock": 0,
            "eps": 0
        },
        "2004": {
            "cash": 0,
            "stock": 0,
            "eps": 0
        },
        "2005": {
            "cash": 0,
            "stock": 0,
            "eps": 0
        },
        "2006": {
            "cash": 0,
            "stock": 0,
            "eps": 0
        },
        "2007": {
            "cash": 0,
            "stock": 0,
            "eps": 0
        },
        "2008": {
            "cash": 0,
            "stock": 0,
            "eps": 0
        },
        "2009": {
            "cash": 0,
            "stock": 0,
            "eps": 0
        },
        "2010": {
            "cash": 0,
            "stock": 0,
            "eps": 0
        },
        "2011": {
            "cash": 0,
            "stock": 0,
            "eps": 0
        },
        "2012": {
            "cash": 0,
            "stock": 0,
            "eps": 0
        },
        "2013": {
            "cash": 0,
            "stock": 0,
            "eps": 0
        },
        "2014": {
            "cash": 0,
            "stock": 0,
            "eps": 0
        },
        "2015": {
            "cash": 0,
            "stock": 0,
            "eps": 4.75
        },
        "2016": {
            "cash": 5,
            "stock": 0,
            "eps": 6.17
        },
        "2017": {
            "cash": 5,
            "stock": 0,
            "eps": 3.7
        },
        "2018": {
            "cash": 5,
            "stock": 0,
            "eps": 4.84
        },
        "2019": {
            "cash": 4,
            "stock": 1,
            "eps": 6.77
        },
        "2020": {
            "cash": 4.75,
            "stock": 0,
            "eps": 10.07
        },
        "2021": {
            "cash": 5.5,
            "stock": 1.5,
            "eps": 6.44
        },
        "2022": {
            "cash": 5.5,
            "stock": 0,
            "eps": 20.65
        },
        "2023": {
            "cash": 14.7,
            "stock": 1.5,
            "eps": 64.92
        }
    },
    "dividends": {
        "2016-08-31": {
            "cash": 5,
            "stock": 0
        },
        "2017-09-07": {
            "cash": 5,
            "stock": 0
        },
        "2018-09-26": {
            "cash": 5,
            "stock": 0
        },
        "2019-10-09": {
            "cash": 4,
            "stock": 1
        },
        "2020-10-14": {
            "cash": 4.75,
            "stock": 0
        },
        "2021-10-28": {
            "cash": 5.5,
            "stock": 1.5
        },
        "2022-10-28": {
            "cash": 5.5,
            "stock": 0
        },
        "2023-01-16": {
            "cash": 4.7,
            "stock": 0
        },
        "2023-10-27": {
            "cash": 5,
            "stock": 1.5
        },
        "2023-12-29": {
            "cash": 5,
            "stock": 0
        }
    },
    "prices": {
        "200101": "無",
        "200102": "無",
        "200103": "無",
        "200104": "無",
        "200105": "無",
        "200106": "無",
        "200107": "無",
        "200108": "無",
        "200109": "無",
        "200110": "無",
        "200111": "無",
        "200112": "無",
        "200201": "無",
        "200202": "無",
        "200203": "無",
        "200204": "無",
        "200205": "無",
        "200206": "無",
        "200207": "無",
        "200208": "無",
        "200209": "無",
        "200210": "無",
        "200211": "無",
        "200212": "無",
        "200301": "無",
        "200302": "無",
        "200303": "無",
        "200304": "無",
        "200305": "無",
        "200306": "無",
        "200307": "無",
        "200308": "無",
        "200309": "無",
        "200310": "無",
        "200311": "無",
        "200312": "無",
        "200401": "無",
        "200402": "無",
        "200403": "無",
        "200404": "無",
        "200405": "無",
        "200406": "無",
        "200407": "無",
        "200408": "無",
        "200409": "無",
        "200410": "無",
        "200411": "無",
        "200412": "無",
        "200501": "無",
        "200502": "無",
        "200503": "無",
        "200504": "無",
        "200505": "無",
        "200506": "無",
        "200507": "無",
        "200508": "無",
        "200509": "無",
        "200510": "無",
        "200511": "無",
        "200512": "無",
        "200601": "無",
        "200602": "無",
        "200603": "無",
        "200604": "無",
        "200605": "無",
        "200606": "無",
        "200607": "無",
        "200608": "無",
        "200609": "無",
        "200610": "無",
        "200611": "無",
        "200612": "無",
        "200701": "無",
        "200702": "無",
        "200703": "無",
        "200704": "無",
        "200705": "無",
        "200706": "無",
        "200707": "無",
        "200708": "無",
        "200709": "無",
        "200710": "無",
        "200711": "無",
        "200712": "無",
        "200801": "無",
        "200802": "無",
        "200803": "無",
        "200804": "無",
        "200805": "無",
        "200806": "無",
        "200807": "無",
        "200808": "無",
        "200809": "無",
        "200810": "無",
        "200811": "無",
        "200812": "無",
        "200901": "無",
        "200902": "無",
        "200903": "無",
        "200904": "無",
        "200905": "無",
        "200906": "無",
        "200907": "無",
        "200908": "無",
        "200909": "無",
        "200910": "無",
        "200911": "無",
        "200912": "無",
        "201001": "無",
        "201002": "無",
        "201003": "無",
        "201004": "無",
        "201005": "無",
        "201006": "無",
        "201007": "無",
        "201008": "無",
        "201009": "無",
        "201010": "無",
        "201011": "無",
        "201012": "無",
        "201101": "無",
        "201102": "無",
        "201103": "無",
        "201104": "無",
        "201105": "無",
        "201106": "無",
        "201107": "無",
        "201108": "無",
        "201109": "無",
        "201110": "無",
        "201111": "無",
        "201112": "無",
        "201201": "無",
        "201202": "無",
        "201203": "無",
        "201204": "無",
        "201205": "無",
        "201206": "無",
        "201207": "無",
        "201208": "無",
        "201209": "無",
        "201210": "無",
        "201211": "無",
        "201212": "無",
        "201301": "無",
        "201302": "無",
        "201303": "無",
        "201304": "無",
        "201305": "無",
        "201306": "無",
        "201307": "無",
        "201308": "無",
        "201309": "無",
        "201310": "無",
        "201311": "無",
        "201312": "無",
        "201401": "無",
        "201402": "無",
        "201403": "無",
        "201404": "無",
        "201405": "無",
        "201406": "無",
        "201407": "無",
        "201408": "無",
        "201409": "無",
        "201410": "無",
        "201411": "無",
        "201412": "無",
        "201501": "無",
        "201502": "無",
        "201503": "無",
        "201504": "無",
        "201505": "無",
        "201506": "無",
        "201507": "無",
        "201508": "無",
        "201509": "無",
        "201510": "無",
        "201511": "127.75",
        "201512": "96.61",
        "201601": "95.92",
        "201602": "106.69",
        "201603": "118.59",
        "201604": "112.61",
        "201605": "103.76",
        "201606": "109.07",
        "201607": "113.10",
        "201608": "107.78",
        "201609": "108.97",
        "201610": "116.02",
        "201611": "112.73",
        "201612": "118.23",
        "201701": "128.94",
        "201702": "142.94",
        "201703": "145.52",
        "201704": "163.69",
        "201705": "164.38",
        "201706": "174.80",
        "201707": "175.26",
        "201708": "171.28",
        "201709": "178.48",
        "201710": "185.24",
        "201711": "172.25",
        "201712": "165.81",
        "201801": "169.75",
        "201802": "137.62",
        "201803": "123.78",
        "201804": "127.78",
        "201805": "122.25",
        "201806": "121.48",
        "201807": "122.70",
        "201808": "126.78",
        "201809": "127.61",
        "201810": "121.57",
        "201811": "122.98",
        "201812": "129.50",
        "201901": "129.05",
        "201902": "134.65",
        "201903": "132.45",
        "201904": "139.60",
        "201905": "147.41",
        "201906": "159.74",
        "201907": "146.80",
        "201908": "143.62",
        "201909": "128.79",
        "201910": "124.90",
        "201911": "119.60",
        "201912": "119.98",
        "202001": "128.83",
        "202002": "131.03",
        "202003": "108.36",
        "202004": "104.70",
        "202005": "122.02",
        "202006": "123.30",
        "202007": "128.13",
        "202008": "127.24",
        "202009": "133.82",
        "202010": "138.89",
        "202011": "128.17",
        "202012": "125.80",
        "202101": "123.68",
        "202102": "123.19",
        "202103": "131.68",
        "202104": "133.97",
        "202105": "119.88",
        "202106": "107.74",
        "202107": "103.01",
        "202108": "97.91",
        "202109": "101.94",
        "202110": "99.30",
        "202111": "99.46",
        "202112": "102.23",
        "202201": "106.56",
        "202202": "112.17",
        "202203": "97.74",
        "202204": "99.24",
        "202205": "99.75",
        "202206": "112.07",
        "202207": "108.60",
        "202208": "116.74",
        "202209": "133.19",
        "202210": "117.98",
        "202211": "143.09",
        "202212": "175.07",
        "202301": "246.58",
        "202302": "299.56",
        "202303": "323.11",
        "202304": "441.47",
        "202305": "543.32",
        "202306": "534.25",
        "202307": "764.52",
        "202308": "824.82",
        "202309": "1083.60",
        "202310": "1134.65",
        "202311": "940.55",
        "202312": "811.57",
        "202401": "843.09",
        "202402": "878.77",
        "202403": "924.43",
        "202404": "無"
    },
    "quarters": {
        "20011": {
            "year_quarter": 20011,
            "year": 2001,
            "quarter": 1,
            "eps": null,
            "eps_growth_year": null,
            "eps_4q": null,
            "eps_4q_growth_year": null,
            "roe": null,
            "roe_4q": 0,
            "gross_profit": null,
            "gross_margin": null,
            "gross_margin_4q_avg": 0,
            "net_income": null,
            "net_income_4q": null,
            "revenue": null,
            "revenue_4q": null,
            "common_shares": null,
            "book_valuer_per_share": null,
            "book_valuer_per_share_4q_avg": 0,
            "equity": null,
            "current_ratio": null,
            "debt_ratio": null,
            "inventory_turnover_ratio": null,
            "account_receivable_turnover_ratio": null,
            "reinvestment_rate": null,
            "research_to_sale_ratio": null,
            "price_fair": 0,
            "eps_avg_yearly": 0,
            "eps_latest_yearly": 0,
            "eps_growth_yearly": 0
        },
        "20012": {
            "year_quarter": 20012,
            "year": 2001,
            "quarter": 2,
            "eps": null,
            "eps_growth_year": null,
            "eps_4q": null,
            "eps_4q_growth_year": null,
            "roe": null,
            "roe_4q": 0,
            "gross_profit": null,
            "gross_margin": null,
            "gross_margin_4q_avg": 0,
            "net_income": null,
            "net_income_4q": null,
            "revenue": null,
            "revenue_4q": null,
            "common_shares": null,
            "book_valuer_per_share": null,
            "book_valuer_per_share_4q_avg": 0,
            "equity": null,
            "current_ratio": null,
            "debt_ratio": null,
            "inventory_turnover_ratio": null,
            "account_receivable_turnover_ratio": null,
            "reinvestment_rate": null,
            "research_to_sale_ratio": null,
            "price_fair": 0,
            "eps_avg_yearly": 0,
            "eps_latest_yearly": 0,
            "eps_growth_yearly": 0
        },
        "20013": {
            "year_quarter": 20013,
            "year": 2001,
            "quarter": 3,
            "eps": null,
            "eps_growth_year": null,
            "eps_4q": null,
            "eps_4q_growth_year": null,
            "roe": null,
            "roe_4q": 0,
            "gross_profit": null,
            "gross_margin": null,
            "gross_margin_4q_avg": 0,
            "net_income": null,
            "net_income_4q": null,
            "revenue": null,
            "revenue_4q": null,
            "common_shares": null,
            "book_valuer_per_share": null,
            "book_valuer_per_share_4q_avg": 0,
            "equity": null,
            "current_ratio": null,
            "debt_ratio": null,
            "inventory_turnover_ratio": null,
            "account_receivable_turnover_ratio": null,
            "reinvestment_rate": null,
            "research_to_sale_ratio": null,
            "price_fair": 0,
            "eps_avg_yearly": 0,
            "eps_latest_yearly": 0,
            "eps_growth_yearly": 0
        },
        "20014": {
            "year_quarter": 20014,
            "year": 2001,
            "quarter": 4,
            "eps": null,
            "eps_growth_year": null,
            "eps_4q": null,
            "eps_4q_growth_year": null,
            "roe": null,
            "roe_4q": 0,
            "gross_profit": null,
            "gross_margin": null,
            "gross_margin_4q_avg": 0,
            "net_income": null,
            "net_income_4q": null,
            "revenue": null,
            "revenue_4q": null,
            "common_shares": null,
            "book_valuer_per_share": null,
            "book_valuer_per_share_4q_avg": 0,
            "equity": null,
            "current_ratio": null,
            "debt_ratio": null,
            "inventory_turnover_ratio": null,
            "account_receivable_turnover_ratio": null,
            "reinvestment_rate": null,
            "research_to_sale_ratio": null,
            "price_fair": 0,
            "eps_avg_yearly": 0,
            "eps_latest_yearly": 0,
            "eps_growth_yearly": 0
        },
        "20021": {
            "year_quarter": 20021,
            "year": 2002,
            "quarter": 1,
            "eps": null,
            "eps_growth_year": null,
            "eps_4q": null,
            "eps_4q_growth_year": null,
            "roe": null,
            "roe_4q": 0,
            "gross_profit": null,
            "gross_margin": null,
            "gross_margin_4q_avg": 0,
            "net_income": null,
            "net_income_4q": null,
            "revenue": null,
            "revenue_4q": null,
            "common_shares": null,
            "book_valuer_per_share": null,
            "book_valuer_per_share_4q_avg": 0,
            "equity": null,
            "current_ratio": null,
            "debt_ratio": null,
            "inventory_turnover_ratio": null,
            "account_receivable_turnover_ratio": null,
            "reinvestment_rate": null,
            "research_to_sale_ratio": null,
            "price_fair": 0,
            "eps_avg_yearly": 0,
            "eps_latest_yearly": 0,
            "eps_growth_yearly": 0
        },
        "20022": {
            "year_quarter": 20022,
            "year": 2002,
            "quarter": 2,
            "eps": null,
            "eps_growth_year": null,
            "eps_4q": null,
            "eps_4q_growth_year": null,
            "roe": null,
            "roe_4q": 0,
            "gross_profit": null,
            "gross_margin": null,
            "gross_margin_4q_avg": 0,
            "net_income": null,
            "net_income_4q": null,
            "revenue": null,
            "revenue_4q": null,
            "common_shares": null,
            "book_valuer_per_share": null,
            "book_valuer_per_share_4q_avg": 0,
            "equity": null,
            "current_ratio": null,
            "debt_ratio": null,
            "inventory_turnover_ratio": null,
            "account_receivable_turnover_ratio": null,
            "reinvestment_rate": null,
            "research_to_sale_ratio": null,
            "price_fair": 0,
            "eps_avg_yearly": 0,
            "eps_latest_yearly": 0,
            "eps_growth_yearly": 0
        },
        "20023": {
            "year_quarter": 20023,
            "year": 2002,
            "quarter": 3,
            "eps": null,
            "eps_growth_year": null,
            "eps_4q": null,
            "eps_4q_growth_year": null,
            "roe": null,
            "roe_4q": 0,
            "gross_profit": null,
            "gross_margin": null,
            "gross_margin_4q_avg": 0,
            "net_income": null,
            "net_income_4q": null,
            "revenue": null,
            "revenue_4q": null,
            "common_shares": null,
            "book_valuer_per_share": null,
            "book_valuer_per_share_4q_avg": 0,
            "equity": null,
            "current_ratio": null,
            "debt_ratio": null,
            "inventory_turnover_ratio": null,
            "account_receivable_turnover_ratio": null,
            "reinvestment_rate": null,
            "research_to_sale_ratio": null,
            "price_fair": 0,
            "eps_avg_yearly": 0,
            "eps_latest_yearly": 0,
            "eps_growth_yearly": 0
        },
        "20024": {
            "year_quarter": 20024,
            "year": 2002,
            "quarter": 4,
            "eps": null,
            "eps_growth_year": null,
            "eps_4q": null,
            "eps_4q_growth_year": null,
            "roe": null,
            "roe_4q": 0,
            "gross_profit": null,
            "gross_margin": null,
            "gross_margin_4q_avg": 0,
            "net_income": null,
            "net_income_4q": null,
            "revenue": null,
            "revenue_4q": null,
            "common_shares": null,
            "book_valuer_per_share": null,
            "book_valuer_per_share_4q_avg": 0,
            "equity": null,
            "current_ratio": null,
            "debt_ratio": null,
            "inventory_turnover_ratio": null,
            "account_receivable_turnover_ratio": null,
            "reinvestment_rate": null,
            "research_to_sale_ratio": null,
            "price_fair": 0,
            "eps_avg_yearly": 0,
            "eps_latest_yearly": 0,
            "eps_growth_yearly": 0
        },
        "20031": {
            "year_quarter": 20031,
            "year": 2003,
            "quarter": 1,
            "eps": null,
            "eps_growth_year": null,
            "eps_4q": null,
            "eps_4q_growth_year": null,
            "roe": null,
            "roe_4q": 0,
            "gross_profit": null,
            "gross_margin": null,
            "gross_margin_4q_avg": 0,
            "net_income": null,
            "net_income_4q": null,
            "revenue": null,
            "revenue_4q": null,
            "common_shares": null,
            "book_valuer_per_share": null,
            "book_valuer_per_share_4q_avg": 0,
            "equity": null,
            "current_ratio": null,
            "debt_ratio": null,
            "inventory_turnover_ratio": null,
            "account_receivable_turnover_ratio": null,
            "reinvestment_rate": null,
            "research_to_sale_ratio": null,
            "price_fair": 0,
            "eps_avg_yearly": 0,
            "eps_latest_yearly": 0,
            "eps_growth_yearly": 0
        },
        "20032": {
            "year_quarter": 20032,
            "year": 2003,
            "quarter": 2,
            "eps": null,
            "eps_growth_year": null,
            "eps_4q": null,
            "eps_4q_growth_year": null,
            "roe": null,
            "roe_4q": 0,
            "gross_profit": null,
            "gross_margin": null,
            "gross_margin_4q_avg": 0,
            "net_income": null,
            "net_income_4q": null,
            "revenue": null,
            "revenue_4q": null,
            "common_shares": null,
            "book_valuer_per_share": null,
            "book_valuer_per_share_4q_avg": 0,
            "equity": null,
            "current_ratio": null,
            "debt_ratio": null,
            "inventory_turnover_ratio": null,
            "account_receivable_turnover_ratio": null,
            "reinvestment_rate": null,
            "research_to_sale_ratio": null,
            "price_fair": 0,
            "eps_avg_yearly": 0,
            "eps_latest_yearly": 0,
            "eps_growth_yearly": 0
        },
        "20033": {
            "year_quarter": 20033,
            "year": 2003,
            "quarter": 3,
            "eps": null,
            "eps_growth_year": null,
            "eps_4q": null,
            "eps_4q_growth_year": null,
            "roe": null,
            "roe_4q": 0,
            "gross_profit": null,
            "gross_margin": null,
            "gross_margin_4q_avg": 0,
            "net_income": null,
            "net_income_4q": null,
            "revenue": null,
            "revenue_4q": null,
            "common_shares": null,
            "book_valuer_per_share": null,
            "book_valuer_per_share_4q_avg": 0,
            "equity": null,
            "current_ratio": null,
            "debt_ratio": null,
            "inventory_turnover_ratio": null,
            "account_receivable_turnover_ratio": null,
            "reinvestment_rate": null,
            "research_to_sale_ratio": null,
            "price_fair": 0,
            "eps_avg_yearly": 0,
            "eps_latest_yearly": 0,
            "eps_growth_yearly": 0
        },
        "20034": {
            "year_quarter": 20034,
            "year": 2003,
            "quarter": 4,
            "eps": null,
            "eps_growth_year": null,
            "eps_4q": null,
            "eps_4q_growth_year": null,
            "roe": null,
            "roe_4q": 0,
            "gross_profit": null,
            "gross_margin": null,
            "gross_margin_4q_avg": 0,
            "net_income": null,
            "net_income_4q": null,
            "revenue": null,
            "revenue_4q": null,
            "common_shares": null,
            "book_valuer_per_share": null,
            "book_valuer_per_share_4q_avg": 0,
            "equity": null,
            "current_ratio": null,
            "debt_ratio": null,
            "inventory_turnover_ratio": null,
            "account_receivable_turnover_ratio": null,
            "reinvestment_rate": null,
            "research_to_sale_ratio": null,
            "price_fair": 0,
            "eps_avg_yearly": 0,
            "eps_latest_yearly": 0,
            "eps_growth_yearly": 0
        },
        "20041": {
            "year_quarter": 20041,
            "year": 2004,
            "quarter": 1,
            "eps": null,
            "eps_growth_year": null,
            "eps_4q": null,
            "eps_4q_growth_year": null,
            "roe": null,
            "roe_4q": 0,
            "gross_profit": null,
            "gross_margin": null,
            "gross_margin_4q_avg": 0,
            "net_income": null,
            "net_income_4q": null,
            "revenue": null,
            "revenue_4q": null,
            "common_shares": null,
            "book_valuer_per_share": null,
            "book_valuer_per_share_4q_avg": 0,
            "equity": null,
            "current_ratio": null,
            "debt_ratio": null,
            "inventory_turnover_ratio": null,
            "account_receivable_turnover_ratio": null,
            "reinvestment_rate": null,
            "research_to_sale_ratio": null,
            "price_fair": 0,
            "eps_avg_yearly": 0,
            "eps_latest_yearly": 0,
            "eps_growth_yearly": 0
        },
        "20042": {
            "year_quarter": 20042,
            "year": 2004,
            "quarter": 2,
            "eps": null,
            "eps_growth_year": null,
            "eps_4q": null,
            "eps_4q_growth_year": null,
            "roe": null,
            "roe_4q": 0,
            "gross_profit": null,
            "gross_margin": null,
            "gross_margin_4q_avg": 0,
            "net_income": null,
            "net_income_4q": null,
            "revenue": null,
            "revenue_4q": null,
            "common_shares": null,
            "book_valuer_per_share": null,
            "book_valuer_per_share_4q_avg": 0,
            "equity": null,
            "current_ratio": null,
            "debt_ratio": null,
            "inventory_turnover_ratio": null,
            "account_receivable_turnover_ratio": null,
            "reinvestment_rate": null,
            "research_to_sale_ratio": null,
            "price_fair": 0,
            "eps_avg_yearly": 0,
            "eps_latest_yearly": 0,
            "eps_growth_yearly": 0
        },
        "20043": {
            "year_quarter": 20043,
            "year": 2004,
            "quarter": 3,
            "eps": null,
            "eps_growth_year": null,
            "eps_4q": null,
            "eps_4q_growth_year": null,
            "roe": null,
            "roe_4q": 0,
            "gross_profit": null,
            "gross_margin": null,
            "gross_margin_4q_avg": 0,
            "net_income": null,
            "net_income_4q": null,
            "revenue": null,
            "revenue_4q": null,
            "common_shares": null,
            "book_valuer_per_share": null,
            "book_valuer_per_share_4q_avg": 0,
            "equity": null,
            "current_ratio": null,
            "debt_ratio": null,
            "inventory_turnover_ratio": null,
            "account_receivable_turnover_ratio": null,
            "reinvestment_rate": null,
            "research_to_sale_ratio": null,
            "price_fair": 0,
            "eps_avg_yearly": 0,
            "eps_latest_yearly": 0,
            "eps_growth_yearly": 0
        },
        "20044": {
            "year_quarter": 20044,
            "year": 2004,
            "quarter": 4,
            "eps": null,
            "eps_growth_year": null,
            "eps_4q": null,
            "eps_4q_growth_year": null,
            "roe": null,
            "roe_4q": 0,
            "gross_profit": null,
            "gross_margin": null,
            "gross_margin_4q_avg": 0,
            "net_income": null,
            "net_income_4q": null,
            "revenue": null,
            "revenue_4q": null,
            "common_shares": null,
            "book_valuer_per_share": null,
            "book_valuer_per_share_4q_avg": 0,
            "equity": null,
            "current_ratio": null,
            "debt_ratio": null,
            "inventory_turnover_ratio": null,
            "account_receivable_turnover_ratio": null,
            "reinvestment_rate": null,
            "research_to_sale_ratio": null,
            "price_fair": 0,
            "eps_avg_yearly": 0,
            "eps_latest_yearly": 0,
            "eps_growth_yearly": 0
        },
        "20051": {
            "year_quarter": 20051,
            "year": 2005,
            "quarter": 1,
            "eps": null,
            "eps_growth_year": null,
            "eps_4q": null,
            "eps_4q_growth_year": null,
            "roe": null,
            "roe_4q": 0,
            "gross_profit": null,
            "gross_margin": null,
            "gross_margin_4q_avg": 0,
            "net_income": null,
            "net_income_4q": null,
            "revenue": null,
            "revenue_4q": null,
            "common_shares": null,
            "book_valuer_per_share": null,
            "book_valuer_per_share_4q_avg": 0,
            "equity": null,
            "current_ratio": null,
            "debt_ratio": null,
            "inventory_turnover_ratio": null,
            "account_receivable_turnover_ratio": null,
            "reinvestment_rate": null,
            "research_to_sale_ratio": null,
            "price_fair": 0,
            "eps_avg_yearly": 0,
            "eps_latest_yearly": 0,
            "eps_growth_yearly": 0
        },
        "20052": {
            "year_quarter": 20052,
            "year": 2005,
            "quarter": 2,
            "eps": null,
            "eps_growth_year": null,
            "eps_4q": null,
            "eps_4q_growth_year": null,
            "roe": null,
            "roe_4q": 0,
            "gross_profit": null,
            "gross_margin": null,
            "gross_margin_4q_avg": 0,
            "net_income": null,
            "net_income_4q": null,
            "revenue": null,
            "revenue_4q": null,
            "common_shares": null,
            "book_valuer_per_share": null,
            "book_valuer_per_share_4q_avg": 0,
            "equity": null,
            "current_ratio": null,
            "debt_ratio": null,
            "inventory_turnover_ratio": null,
            "account_receivable_turnover_ratio": null,
            "reinvestment_rate": null,
            "research_to_sale_ratio": null,
            "price_fair": 0,
            "eps_avg_yearly": 0,
            "eps_latest_yearly": 0,
            "eps_growth_yearly": 0
        },
        "20053": {
            "year_quarter": 20053,
            "year": 2005,
            "quarter": 3,
            "eps": null,
            "eps_growth_year": null,
            "eps_4q": null,
            "eps_4q_growth_year": null,
            "roe": null,
            "roe_4q": 0,
            "gross_profit": null,
            "gross_margin": null,
            "gross_margin_4q_avg": 0,
            "net_income": null,
            "net_income_4q": null,
            "revenue": null,
            "revenue_4q": null,
            "common_shares": null,
            "book_valuer_per_share": null,
            "book_valuer_per_share_4q_avg": 0,
            "equity": null,
            "current_ratio": null,
            "debt_ratio": null,
            "inventory_turnover_ratio": null,
            "account_receivable_turnover_ratio": null,
            "reinvestment_rate": null,
            "research_to_sale_ratio": null,
            "price_fair": 0,
            "eps_avg_yearly": 0,
            "eps_latest_yearly": 0,
            "eps_growth_yearly": 0
        },
        "20054": {
            "year_quarter": 20054,
            "year": 2005,
            "quarter": 4,
            "eps": null,
            "eps_growth_year": null,
            "eps_4q": null,
            "eps_4q_growth_year": null,
            "roe": null,
            "roe_4q": 0,
            "gross_profit": null,
            "gross_margin": null,
            "gross_margin_4q_avg": 0,
            "net_income": null,
            "net_income_4q": null,
            "revenue": null,
            "revenue_4q": null,
            "common_shares": null,
            "book_valuer_per_share": null,
            "book_valuer_per_share_4q_avg": 0,
            "equity": null,
            "current_ratio": null,
            "debt_ratio": null,
            "inventory_turnover_ratio": null,
            "account_receivable_turnover_ratio": null,
            "reinvestment_rate": null,
            "research_to_sale_ratio": null,
            "price_fair": 0,
            "eps_avg_yearly": 0,
            "eps_latest_yearly": 0,
            "eps_growth_yearly": 0
        },
        "20061": {
            "year_quarter": 20061,
            "year": 2006,
            "quarter": 1,
            "eps": null,
            "eps_growth_year": null,
            "eps_4q": null,
            "eps_4q_growth_year": null,
            "roe": null,
            "roe_4q": 0,
            "gross_profit": null,
            "gross_margin": null,
            "gross_margin_4q_avg": 0,
            "net_income": null,
            "net_income_4q": null,
            "revenue": null,
            "revenue_4q": null,
            "common_shares": null,
            "book_valuer_per_share": null,
            "book_valuer_per_share_4q_avg": 0,
            "equity": null,
            "current_ratio": null,
            "debt_ratio": null,
            "inventory_turnover_ratio": null,
            "account_receivable_turnover_ratio": null,
            "reinvestment_rate": null,
            "research_to_sale_ratio": null,
            "price_fair": 0,
            "eps_avg_yearly": 0,
            "eps_latest_yearly": 0,
            "eps_growth_yearly": 0
        },
        "20062": {
            "year_quarter": 20062,
            "year": 2006,
            "quarter": 2,
            "eps": null,
            "eps_growth_year": null,
            "eps_4q": null,
            "eps_4q_growth_year": null,
            "roe": null,
            "roe_4q": 0,
            "gross_profit": null,
            "gross_margin": null,
            "gross_margin_4q_avg": 0,
            "net_income": null,
            "net_income_4q": null,
            "revenue": null,
            "revenue_4q": null,
            "common_shares": null,
            "book_valuer_per_share": null,
            "book_valuer_per_share_4q_avg": 0,
            "equity": null,
            "current_ratio": null,
            "debt_ratio": null,
            "inventory_turnover_ratio": null,
            "account_receivable_turnover_ratio": null,
            "reinvestment_rate": null,
            "research_to_sale_ratio": null,
            "price_fair": 0,
            "eps_avg_yearly": 0,
            "eps_latest_yearly": 0,
            "eps_growth_yearly": 0
        },
        "20063": {
            "year_quarter": 20063,
            "year": 2006,
            "quarter": 3,
            "eps": null,
            "eps_growth_year": null,
            "eps_4q": null,
            "eps_4q_growth_year": null,
            "roe": null,
            "roe_4q": 0,
            "gross_profit": null,
            "gross_margin": null,
            "gross_margin_4q_avg": 0,
            "net_income": null,
            "net_income_4q": null,
            "revenue": null,
            "revenue_4q": null,
            "common_shares": null,
            "book_valuer_per_share": null,
            "book_valuer_per_share_4q_avg": 0,
            "equity": null,
            "current_ratio": null,
            "debt_ratio": null,
            "inventory_turnover_ratio": null,
            "account_receivable_turnover_ratio": null,
            "reinvestment_rate": null,
            "research_to_sale_ratio": null,
            "price_fair": 0,
            "eps_avg_yearly": 0,
            "eps_latest_yearly": 0,
            "eps_growth_yearly": 0
        },
        "20064": {
            "year_quarter": 20064,
            "year": 2006,
            "quarter": 4,
            "eps": null,
            "eps_growth_year": null,
            "eps_4q": null,
            "eps_4q_growth_year": null,
            "roe": null,
            "roe_4q": 0,
            "gross_profit": null,
            "gross_margin": null,
            "gross_margin_4q_avg": 0,
            "net_income": null,
            "net_income_4q": null,
            "revenue": null,
            "revenue_4q": null,
            "common_shares": null,
            "book_valuer_per_share": null,
            "book_valuer_per_share_4q_avg": 0,
            "equity": null,
            "current_ratio": null,
            "debt_ratio": null,
            "inventory_turnover_ratio": null,
            "account_receivable_turnover_ratio": null,
            "reinvestment_rate": null,
            "research_to_sale_ratio": null,
            "price_fair": 0,
            "eps_avg_yearly": 0,
            "eps_latest_yearly": 0,
            "eps_growth_yearly": 0
        },
        "20071": {
            "year_quarter": 20071,
            "year": 2007,
            "quarter": 1,
            "eps": null,
            "eps_growth_year": null,
            "eps_4q": null,
            "eps_4q_growth_year": null,
            "roe": null,
            "roe_4q": 0,
            "gross_profit": null,
            "gross_margin": null,
            "gross_margin_4q_avg": 0,
            "net_income": null,
            "net_income_4q": null,
            "revenue": null,
            "revenue_4q": null,
            "common_shares": null,
            "book_valuer_per_share": null,
            "book_valuer_per_share_4q_avg": 0,
            "equity": null,
            "current_ratio": null,
            "debt_ratio": null,
            "inventory_turnover_ratio": null,
            "account_receivable_turnover_ratio": null,
            "reinvestment_rate": null,
            "research_to_sale_ratio": null,
            "price_fair": 0,
            "eps_avg_yearly": 0,
            "eps_latest_yearly": 0,
            "eps_growth_yearly": 0
        },
        "20072": {
            "year_quarter": 20072,
            "year": 2007,
            "quarter": 2,
            "eps": null,
            "eps_growth_year": null,
            "eps_4q": null,
            "eps_4q_growth_year": null,
            "roe": null,
            "roe_4q": 0,
            "gross_profit": null,
            "gross_margin": null,
            "gross_margin_4q_avg": 0,
            "net_income": null,
            "net_income_4q": null,
            "revenue": null,
            "revenue_4q": null,
            "common_shares": null,
            "book_valuer_per_share": null,
            "book_valuer_per_share_4q_avg": 0,
            "equity": null,
            "current_ratio": null,
            "debt_ratio": null,
            "inventory_turnover_ratio": null,
            "account_receivable_turnover_ratio": null,
            "reinvestment_rate": null,
            "research_to_sale_ratio": null,
            "price_fair": 0,
            "eps_avg_yearly": 0,
            "eps_latest_yearly": 0,
            "eps_growth_yearly": 0
        },
        "20073": {
            "year_quarter": 20073,
            "year": 2007,
            "quarter": 3,
            "eps": null,
            "eps_growth_year": null,
            "eps_4q": null,
            "eps_4q_growth_year": null,
            "roe": null,
            "roe_4q": 0,
            "gross_profit": null,
            "gross_margin": null,
            "gross_margin_4q_avg": 0,
            "net_income": null,
            "net_income_4q": null,
            "revenue": null,
            "revenue_4q": null,
            "common_shares": null,
            "book_valuer_per_share": null,
            "book_valuer_per_share_4q_avg": 0,
            "equity": null,
            "current_ratio": null,
            "debt_ratio": null,
            "inventory_turnover_ratio": null,
            "account_receivable_turnover_ratio": null,
            "reinvestment_rate": null,
            "research_to_sale_ratio": null,
            "price_fair": 0,
            "eps_avg_yearly": 0,
            "eps_latest_yearly": 0,
            "eps_growth_yearly": 0
        },
        "20074": {
            "year_quarter": 20074,
            "year": 2007,
            "quarter": 4,
            "eps": null,
            "eps_growth_year": null,
            "eps_4q": null,
            "eps_4q_growth_year": null,
            "roe": null,
            "roe_4q": 0,
            "gross_profit": null,
            "gross_margin": null,
            "gross_margin_4q_avg": 0,
            "net_income": null,
            "net_income_4q": null,
            "revenue": null,
            "revenue_4q": null,
            "common_shares": null,
            "book_valuer_per_share": null,
            "book_valuer_per_share_4q_avg": 0,
            "equity": null,
            "current_ratio": null,
            "debt_ratio": null,
            "inventory_turnover_ratio": null,
            "account_receivable_turnover_ratio": null,
            "reinvestment_rate": null,
            "research_to_sale_ratio": null,
            "price_fair": 0,
            "eps_avg_yearly": 0,
            "eps_latest_yearly": 0,
            "eps_growth_yearly": 0
        },
        "20081": {
            "year_quarter": 20081,
            "year": 2008,
            "quarter": 1,
            "eps": null,
            "eps_growth_year": null,
            "eps_4q": null,
            "eps_4q_growth_year": null,
            "roe": null,
            "roe_4q": 0,
            "gross_profit": null,
            "gross_margin": null,
            "gross_margin_4q_avg": 0,
            "net_income": null,
            "net_income_4q": null,
            "revenue": null,
            "revenue_4q": null,
            "common_shares": null,
            "book_valuer_per_share": null,
            "book_valuer_per_share_4q_avg": 0,
            "equity": null,
            "current_ratio": null,
            "debt_ratio": null,
            "inventory_turnover_ratio": null,
            "account_receivable_turnover_ratio": null,
            "reinvestment_rate": null,
            "research_to_sale_ratio": null,
            "price_fair": 0,
            "eps_avg_yearly": 0,
            "eps_latest_yearly": 0,
            "eps_growth_yearly": 0
        },
        "20082": {
            "year_quarter": 20082,
            "year": 2008,
            "quarter": 2,
            "eps": null,
            "eps_growth_year": null,
            "eps_4q": null,
            "eps_4q_growth_year": null,
            "roe": null,
            "roe_4q": 0,
            "gross_profit": null,
            "gross_margin": null,
            "gross_margin_4q_avg": 0,
            "net_income": null,
            "net_income_4q": null,
            "revenue": null,
            "revenue_4q": null,
            "common_shares": null,
            "book_valuer_per_share": null,
            "book_valuer_per_share_4q_avg": 0,
            "equity": null,
            "current_ratio": null,
            "debt_ratio": null,
            "inventory_turnover_ratio": null,
            "account_receivable_turnover_ratio": null,
            "reinvestment_rate": null,
            "research_to_sale_ratio": null,
            "price_fair": 0,
            "eps_avg_yearly": 0,
            "eps_latest_yearly": 0,
            "eps_growth_yearly": 0
        },
        "20083": {
            "year_quarter": 20083,
            "year": 2008,
            "quarter": 3,
            "eps": null,
            "eps_growth_year": null,
            "eps_4q": null,
            "eps_4q_growth_year": null,
            "roe": null,
            "roe_4q": 0,
            "gross_profit": null,
            "gross_margin": null,
            "gross_margin_4q_avg": 0,
            "net_income": null,
            "net_income_4q": null,
            "revenue": null,
            "revenue_4q": null,
            "common_shares": null,
            "book_valuer_per_share": null,
            "book_valuer_per_share_4q_avg": 0,
            "equity": null,
            "current_ratio": null,
            "debt_ratio": null,
            "inventory_turnover_ratio": null,
            "account_receivable_turnover_ratio": null,
            "reinvestment_rate": null,
            "research_to_sale_ratio": null,
            "price_fair": 0,
            "eps_avg_yearly": 0,
            "eps_latest_yearly": 0,
            "eps_growth_yearly": 0
        },
        "20084": {
            "year_quarter": 20084,
            "year": 2008,
            "quarter": 4,
            "eps": null,
            "eps_growth_year": null,
            "eps_4q": null,
            "eps_4q_growth_year": null,
            "roe": null,
            "roe_4q": 0,
            "gross_profit": null,
            "gross_margin": null,
            "gross_margin_4q_avg": 0,
            "net_income": null,
            "net_income_4q": null,
            "revenue": null,
            "revenue_4q": null,
            "common_shares": null,
            "book_valuer_per_share": null,
            "book_valuer_per_share_4q_avg": 0,
            "equity": null,
            "current_ratio": null,
            "debt_ratio": null,
            "inventory_turnover_ratio": null,
            "account_receivable_turnover_ratio": null,
            "reinvestment_rate": null,
            "research_to_sale_ratio": null,
            "price_fair": 0,
            "eps_avg_yearly": 0,
            "eps_latest_yearly": 0,
            "eps_growth_yearly": 0
        },
        "20091": {
            "year_quarter": 20091,
            "year": 2009,
            "quarter": 1,
            "eps": null,
            "eps_growth_year": null,
            "eps_4q": null,
            "eps_4q_growth_year": null,
            "roe": null,
            "roe_4q": 0,
            "gross_profit": null,
            "gross_margin": null,
            "gross_margin_4q_avg": 0,
            "net_income": null,
            "net_income_4q": null,
            "revenue": null,
            "revenue_4q": null,
            "common_shares": null,
            "book_valuer_per_share": null,
            "book_valuer_per_share_4q_avg": 0,
            "equity": null,
            "current_ratio": null,
            "debt_ratio": null,
            "inventory_turnover_ratio": null,
            "account_receivable_turnover_ratio": null,
            "reinvestment_rate": null,
            "research_to_sale_ratio": null,
            "price_fair": 0,
            "eps_avg_yearly": 0,
            "eps_latest_yearly": 0,
            "eps_growth_yearly": 0
        },
        "20092": {
            "year_quarter": 20092,
            "year": 2009,
            "quarter": 2,
            "eps": null,
            "eps_growth_year": null,
            "eps_4q": null,
            "eps_4q_growth_year": null,
            "roe": null,
            "roe_4q": 0,
            "gross_profit": null,
            "gross_margin": null,
            "gross_margin_4q_avg": 0,
            "net_income": null,
            "net_income_4q": null,
            "revenue": null,
            "revenue_4q": null,
            "common_shares": null,
            "book_valuer_per_share": null,
            "book_valuer_per_share_4q_avg": 0,
            "equity": null,
            "current_ratio": null,
            "debt_ratio": null,
            "inventory_turnover_ratio": null,
            "account_receivable_turnover_ratio": null,
            "reinvestment_rate": null,
            "research_to_sale_ratio": null,
            "price_fair": 0,
            "eps_avg_yearly": 0,
            "eps_latest_yearly": 0,
            "eps_growth_yearly": 0
        },
        "20093": {
            "year_quarter": 20093,
            "year": 2009,
            "quarter": 3,
            "eps": null,
            "eps_growth_year": null,
            "eps_4q": null,
            "eps_4q_growth_year": null,
            "roe": null,
            "roe_4q": 0,
            "gross_profit": null,
            "gross_margin": null,
            "gross_margin_4q_avg": 0,
            "net_income": null,
            "net_income_4q": null,
            "revenue": null,
            "revenue_4q": null,
            "common_shares": null,
            "book_valuer_per_share": null,
            "book_valuer_per_share_4q_avg": 0,
            "equity": null,
            "current_ratio": null,
            "debt_ratio": null,
            "inventory_turnover_ratio": null,
            "account_receivable_turnover_ratio": null,
            "reinvestment_rate": null,
            "research_to_sale_ratio": null,
            "price_fair": 0,
            "eps_avg_yearly": 0,
            "eps_latest_yearly": 0,
            "eps_growth_yearly": 0
        },
        "20094": {
            "year_quarter": 20094,
            "year": 2009,
            "quarter": 4,
            "eps": null,
            "eps_growth_year": null,
            "eps_4q": null,
            "eps_4q_growth_year": null,
            "roe": null,
            "roe_4q": 0,
            "gross_profit": null,
            "gross_margin": null,
            "gross_margin_4q_avg": 0,
            "net_income": null,
            "net_income_4q": null,
            "revenue": null,
            "revenue_4q": null,
            "common_shares": null,
            "book_valuer_per_share": null,
            "book_valuer_per_share_4q_avg": 0,
            "equity": null,
            "current_ratio": null,
            "debt_ratio": null,
            "inventory_turnover_ratio": null,
            "account_receivable_turnover_ratio": null,
            "reinvestment_rate": null,
            "research_to_sale_ratio": null,
            "price_fair": 0,
            "eps_avg_yearly": 0,
            "eps_latest_yearly": 0,
            "eps_growth_yearly": 0
        },
        "20101": {
            "year_quarter": 20101,
            "year": 2010,
            "quarter": 1,
            "eps": null,
            "eps_growth_year": null,
            "eps_4q": null,
            "eps_4q_growth_year": null,
            "roe": null,
            "roe_4q": 0,
            "gross_profit": null,
            "gross_margin": null,
            "gross_margin_4q_avg": 0,
            "net_income": null,
            "net_income_4q": null,
            "revenue": null,
            "revenue_4q": null,
            "common_shares": null,
            "book_valuer_per_share": null,
            "book_valuer_per_share_4q_avg": 0,
            "equity": null,
            "current_ratio": null,
            "debt_ratio": null,
            "inventory_turnover_ratio": null,
            "account_receivable_turnover_ratio": null,
            "reinvestment_rate": null,
            "research_to_sale_ratio": null,
            "price_fair": 0,
            "eps_avg_yearly": 0,
            "eps_latest_yearly": 0,
            "eps_growth_yearly": 0
        },
        "20102": {
            "year_quarter": 20102,
            "year": 2010,
            "quarter": 2,
            "eps": null,
            "eps_growth_year": null,
            "eps_4q": null,
            "eps_4q_growth_year": null,
            "roe": null,
            "roe_4q": 0,
            "gross_profit": null,
            "gross_margin": null,
            "gross_margin_4q_avg": 0,
            "net_income": null,
            "net_income_4q": null,
            "revenue": null,
            "revenue_4q": null,
            "common_shares": null,
            "book_valuer_per_share": null,
            "book_valuer_per_share_4q_avg": 0,
            "equity": null,
            "current_ratio": null,
            "debt_ratio": null,
            "inventory_turnover_ratio": null,
            "account_receivable_turnover_ratio": null,
            "reinvestment_rate": null,
            "research_to_sale_ratio": null,
            "price_fair": 0,
            "eps_avg_yearly": 0,
            "eps_latest_yearly": 0,
            "eps_growth_yearly": 0
        },
        "20103": {
            "year_quarter": 20103,
            "year": 2010,
            "quarter": 3,
            "eps": null,
            "eps_growth_year": null,
            "eps_4q": null,
            "eps_4q_growth_year": null,
            "roe": null,
            "roe_4q": 0,
            "gross_profit": null,
            "gross_margin": null,
            "gross_margin_4q_avg": 0,
            "net_income": null,
            "net_income_4q": null,
            "revenue": null,
            "revenue_4q": null,
            "common_shares": null,
            "book_valuer_per_share": null,
            "book_valuer_per_share_4q_avg": 0,
            "equity": null,
            "current_ratio": null,
            "debt_ratio": null,
            "inventory_turnover_ratio": null,
            "account_receivable_turnover_ratio": null,
            "reinvestment_rate": null,
            "research_to_sale_ratio": null,
            "price_fair": 0,
            "eps_avg_yearly": 0,
            "eps_latest_yearly": 0,
            "eps_growth_yearly": 0
        },
        "20104": {
            "year_quarter": 20104,
            "year": 2010,
            "quarter": 4,
            "eps": null,
            "eps_growth_year": null,
            "eps_4q": null,
            "eps_4q_growth_year": null,
            "roe": null,
            "roe_4q": 0,
            "gross_profit": null,
            "gross_margin": null,
            "gross_margin_4q_avg": 0,
            "net_income": null,
            "net_income_4q": null,
            "revenue": null,
            "revenue_4q": null,
            "common_shares": null,
            "book_valuer_per_share": null,
            "book_valuer_per_share_4q_avg": 0,
            "equity": null,
            "current_ratio": null,
            "debt_ratio": null,
            "inventory_turnover_ratio": null,
            "account_receivable_turnover_ratio": null,
            "reinvestment_rate": null,
            "research_to_sale_ratio": null,
            "price_fair": 0,
            "eps_avg_yearly": 0,
            "eps_latest_yearly": 0,
            "eps_growth_yearly": 0
        },
        "20111": {
            "year_quarter": 20111,
            "year": 2011,
            "quarter": 1,
            "eps": null,
            "eps_growth_year": null,
            "eps_4q": null,
            "eps_4q_growth_year": null,
            "roe": null,
            "roe_4q": 0,
            "gross_profit": null,
            "gross_margin": null,
            "gross_margin_4q_avg": 0,
            "net_income": null,
            "net_income_4q": null,
            "revenue": null,
            "revenue_4q": null,
            "common_shares": null,
            "book_valuer_per_share": null,
            "book_valuer_per_share_4q_avg": 0,
            "equity": null,
            "current_ratio": null,
            "debt_ratio": null,
            "inventory_turnover_ratio": null,
            "account_receivable_turnover_ratio": null,
            "reinvestment_rate": null,
            "research_to_sale_ratio": null,
            "price_fair": 0,
            "eps_avg_yearly": 0,
            "eps_latest_yearly": 0,
            "eps_growth_yearly": 0
        },
        "20112": {
            "year_quarter": 20112,
            "year": 2011,
            "quarter": 2,
            "eps": null,
            "eps_growth_year": null,
            "eps_4q": null,
            "eps_4q_growth_year": null,
            "roe": null,
            "roe_4q": 0,
            "gross_profit": null,
            "gross_margin": null,
            "gross_margin_4q_avg": 0,
            "net_income": null,
            "net_income_4q": null,
            "revenue": null,
            "revenue_4q": null,
            "common_shares": null,
            "book_valuer_per_share": null,
            "book_valuer_per_share_4q_avg": 0,
            "equity": null,
            "current_ratio": null,
            "debt_ratio": null,
            "inventory_turnover_ratio": null,
            "account_receivable_turnover_ratio": null,
            "reinvestment_rate": null,
            "research_to_sale_ratio": null,
            "price_fair": 0,
            "eps_avg_yearly": 0,
            "eps_latest_yearly": 0,
            "eps_growth_yearly": 0
        },
        "20113": {
            "year_quarter": 20113,
            "year": 2011,
            "quarter": 3,
            "eps": null,
            "eps_growth_year": null,
            "eps_4q": null,
            "eps_4q_growth_year": null,
            "roe": null,
            "roe_4q": 0,
            "gross_profit": null,
            "gross_margin": null,
            "gross_margin_4q_avg": 0,
            "net_income": null,
            "net_income_4q": null,
            "revenue": null,
            "revenue_4q": null,
            "common_shares": null,
            "book_valuer_per_share": null,
            "book_valuer_per_share_4q_avg": 0,
            "equity": null,
            "current_ratio": null,
            "debt_ratio": null,
            "inventory_turnover_ratio": null,
            "account_receivable_turnover_ratio": null,
            "reinvestment_rate": null,
            "research_to_sale_ratio": null,
            "price_fair": 0,
            "eps_avg_yearly": 0,
            "eps_latest_yearly": 0,
            "eps_growth_yearly": 0
        },
        "20114": {
            "year_quarter": 20114,
            "year": 2011,
            "quarter": 4,
            "eps": null,
            "eps_growth_year": null,
            "eps_4q": null,
            "eps_4q_growth_year": null,
            "roe": null,
            "roe_4q": 0,
            "gross_profit": null,
            "gross_margin": null,
            "gross_margin_4q_avg": 0,
            "net_income": null,
            "net_income_4q": null,
            "revenue": null,
            "revenue_4q": null,
            "common_shares": null,
            "book_valuer_per_share": null,
            "book_valuer_per_share_4q_avg": 0,
            "equity": null,
            "current_ratio": null,
            "debt_ratio": null,
            "inventory_turnover_ratio": null,
            "account_receivable_turnover_ratio": null,
            "reinvestment_rate": null,
            "research_to_sale_ratio": null,
            "price_fair": 0,
            "eps_avg_yearly": 0,
            "eps_latest_yearly": 0,
            "eps_growth_yearly": 0
        },
        "20121": {
            "year_quarter": 20121,
            "year": 2012,
            "quarter": 1,
            "eps": null,
            "eps_growth_year": null,
            "eps_4q": null,
            "eps_4q_growth_year": null,
            "roe": null,
            "roe_4q": 0,
            "gross_profit": null,
            "gross_margin": null,
            "gross_margin_4q_avg": 0,
            "net_income": null,
            "net_income_4q": null,
            "revenue": null,
            "revenue_4q": null,
            "common_shares": null,
            "book_valuer_per_share": null,
            "book_valuer_per_share_4q_avg": 0,
            "equity": null,
            "current_ratio": null,
            "debt_ratio": null,
            "inventory_turnover_ratio": null,
            "account_receivable_turnover_ratio": null,
            "reinvestment_rate": null,
            "research_to_sale_ratio": null,
            "price_fair": 0,
            "eps_avg_yearly": 0,
            "eps_latest_yearly": 0,
            "eps_growth_yearly": 0
        },
        "20122": {
            "year_quarter": 20122,
            "year": 2012,
            "quarter": 2,
            "eps": null,
            "eps_growth_year": null,
            "eps_4q": null,
            "eps_4q_growth_year": null,
            "roe": null,
            "roe_4q": 0,
            "gross_profit": null,
            "gross_margin": null,
            "gross_margin_4q_avg": 0,
            "net_income": null,
            "net_income_4q": null,
            "revenue": null,
            "revenue_4q": null,
            "common_shares": null,
            "book_valuer_per_share": null,
            "book_valuer_per_share_4q_avg": 0,
            "equity": null,
            "current_ratio": null,
            "debt_ratio": null,
            "inventory_turnover_ratio": null,
            "account_receivable_turnover_ratio": null,
            "reinvestment_rate": null,
            "research_to_sale_ratio": null,
            "price_fair": 0,
            "eps_avg_yearly": 0,
            "eps_latest_yearly": 0,
            "eps_growth_yearly": 0
        },
        "20123": {
            "year_quarter": 20123,
            "year": 2012,
            "quarter": 3,
            "eps": null,
            "eps_growth_year": null,
            "eps_4q": null,
            "eps_4q_growth_year": null,
            "roe": null,
            "roe_4q": 0,
            "gross_profit": null,
            "gross_margin": null,
            "gross_margin_4q_avg": 0,
            "net_income": null,
            "net_income_4q": null,
            "revenue": null,
            "revenue_4q": null,
            "common_shares": null,
            "book_valuer_per_share": null,
            "book_valuer_per_share_4q_avg": 0,
            "equity": null,
            "current_ratio": null,
            "debt_ratio": null,
            "inventory_turnover_ratio": null,
            "account_receivable_turnover_ratio": null,
            "reinvestment_rate": null,
            "research_to_sale_ratio": null,
            "price_fair": 0,
            "eps_avg_yearly": 0,
            "eps_latest_yearly": 0,
            "eps_growth_yearly": 0
        },
        "20124": {
            "year_quarter": 20124,
            "year": 2012,
            "quarter": 4,
            "eps": null,
            "eps_growth_year": null,
            "eps_4q": null,
            "eps_4q_growth_year": null,
            "roe": null,
            "roe_4q": 0,
            "gross_profit": null,
            "gross_margin": null,
            "gross_margin_4q_avg": 0,
            "net_income": null,
            "net_income_4q": null,
            "revenue": null,
            "revenue_4q": null,
            "common_shares": 264171,
            "book_valuer_per_share": null,
            "book_valuer_per_share_4q_avg": 0,
            "equity": 308493,
            "current_ratio": null,
            "debt_ratio": null,
            "inventory_turnover_ratio": null,
            "account_receivable_turnover_ratio": null,
            "reinvestment_rate": null,
            "research_to_sale_ratio": null,
            "price_fair": 0,
            "eps_avg_yearly": 0,
            "eps_latest_yearly": 0,
            "eps_growth_yearly": 0
        },
        "20131": {
            "year_quarter": 20131,
            "year": 2013,
            "quarter": 1,
            "eps": null,
            "eps_growth_year": null,
            "eps_4q": null,
            "eps_4q_growth_year": null,
            "roe": null,
            "roe_4q": 0,
            "gross_profit": null,
            "gross_margin": null,
            "gross_margin_4q_avg": 0,
            "net_income": null,
            "net_income_4q": null,
            "revenue": null,
            "revenue_4q": null,
            "common_shares": null,
            "book_valuer_per_share": null,
            "book_valuer_per_share_4q_avg": 0,
            "equity": null,
            "current_ratio": null,
            "debt_ratio": null,
            "inventory_turnover_ratio": null,
            "account_receivable_turnover_ratio": null,
            "reinvestment_rate": null,
            "research_to_sale_ratio": null,
            "price_fair": 0,
            "eps_avg_yearly": 0,
            "eps_latest_yearly": 0,
            "eps_growth_yearly": 0
        },
        "20132": {
            "year_quarter": 20132,
            "year": 2013,
            "quarter": 2,
            "eps": null,
            "eps_growth_year": null,
            "eps_4q": null,
            "eps_4q_growth_year": null,
            "roe": null,
            "roe_4q": 0,
            "gross_profit": null,
            "gross_margin": null,
            "gross_margin_4q_avg": 0,
            "net_income": null,
            "net_income_4q": null,
            "revenue": null,
            "revenue_4q": null,
            "common_shares": null,
            "book_valuer_per_share": null,
            "book_valuer_per_share_4q_avg": 0,
            "equity": null,
            "current_ratio": null,
            "debt_ratio": null,
            "inventory_turnover_ratio": null,
            "account_receivable_turnover_ratio": null,
            "reinvestment_rate": null,
            "research_to_sale_ratio": null,
            "price_fair": 0,
            "eps_avg_yearly": 0,
            "eps_latest_yearly": 0,
            "eps_growth_yearly": 0
        },
        "20133": {
            "year_quarter": 20133,
            "year": 2013,
            "quarter": 3,
            "eps": null,
            "eps_growth_year": null,
            "eps_4q": null,
            "eps_4q_growth_year": null,
            "roe": null,
            "roe_4q": 0,
            "gross_profit": null,
            "gross_margin": null,
            "gross_margin_4q_avg": 0,
            "net_income": null,
            "net_income_4q": null,
            "revenue": null,
            "revenue_4q": null,
            "common_shares": null,
            "book_valuer_per_share": null,
            "book_valuer_per_share_4q_avg": 0,
            "equity": null,
            "current_ratio": null,
            "debt_ratio": null,
            "inventory_turnover_ratio": null,
            "account_receivable_turnover_ratio": null,
            "reinvestment_rate": null,
            "research_to_sale_ratio": null,
            "price_fair": 0,
            "eps_avg_yearly": 0,
            "eps_latest_yearly": 0,
            "eps_growth_yearly": 0
        },
        "20134": {
            "year_quarter": 20134,
            "year": 2013,
            "quarter": 4,
            "eps": null,
            "eps_growth_year": null,
            "eps_4q": null,
            "eps_4q_growth_year": null,
            "roe": null,
            "roe_4q": 0,
            "gross_profit": null,
            "gross_margin": null,
            "gross_margin_4q_avg": 0,
            "net_income": null,
            "net_income_4q": null,
            "revenue": null,
            "revenue_4q": null,
            "common_shares": 264171,
            "book_valuer_per_share": 15.54,
            "book_valuer_per_share_4q_avg": 3.89,
            "equity": 410434,
            "current_ratio": 142.77,
            "debt_ratio": 36.1,
            "inventory_turnover_ratio": null,
            "account_receivable_turnover_ratio": null,
            "reinvestment_rate": null,
            "research_to_sale_ratio": null,
            "price_fair": 0,
            "eps_avg_yearly": 0,
            "eps_latest_yearly": 0,
            "eps_growth_yearly": 0
        },
        "20141": {
            "year_quarter": 20141,
            "year": 2014,
            "quarter": 1,
            "eps": null,
            "eps_growth_year": null,
            "eps_4q": null,
            "eps_4q_growth_year": null,
            "roe": null,
            "roe_4q": 0,
            "gross_profit": null,
            "gross_margin": null,
            "gross_margin_4q_avg": 0,
            "net_income": null,
            "net_income_4q": null,
            "revenue": null,
            "revenue_4q": null,
            "common_shares": null,
            "book_valuer_per_share": null,
            "book_valuer_per_share_4q_avg": 3.89,
            "equity": null,
            "current_ratio": null,
            "debt_ratio": null,
            "inventory_turnover_ratio": null,
            "account_receivable_turnover_ratio": null,
            "reinvestment_rate": null,
            "research_to_sale_ratio": null,
            "price_fair": 0,
            "eps_avg_yearly": 0,
            "eps_latest_yearly": 0,
            "eps_growth_yearly": 0
        },
        "20142": {
            "year_quarter": 20142,
            "year": 2014,
            "quarter": 2,
            "eps": null,
            "eps_growth_year": null,
            "eps_4q": null,
            "eps_4q_growth_year": null,
            "roe": null,
            "roe_4q": 0,
            "gross_profit": null,
            "gross_margin": null,
            "gross_margin_4q_avg": 0,
            "net_income": null,
            "net_income_4q": null,
            "revenue": null,
            "revenue_4q": null,
            "common_shares": 0,
            "book_valuer_per_share": null,
            "book_valuer_per_share_4q_avg": 3.89,
            "equity": 0,
            "current_ratio": null,
            "debt_ratio": null,
            "inventory_turnover_ratio": null,
            "account_receivable_turnover_ratio": null,
            "reinvestment_rate": null,
            "research_to_sale_ratio": null,
            "price_fair": 0,
            "eps_avg_yearly": 0,
            "eps_latest_yearly": 0,
            "eps_growth_yearly": 0
        },
        "20143": {
            "year_quarter": 20143,
            "year": 2014,
            "quarter": 3,
            "eps": null,
            "eps_growth_year": null,
            "eps_4q": null,
            "eps_4q_growth_year": null,
            "roe": null,
            "roe_4q": 0,
            "gross_profit": 0,
            "gross_margin": null,
            "gross_margin_4q_avg": 0,
            "net_income": 0,
            "net_income_4q": null,
            "revenue": 0,
            "revenue_4q": null,
            "common_shares": 100000,
            "book_valuer_per_share": null,
            "book_valuer_per_share_4q_avg": 3.89,
            "equity": 646324,
            "current_ratio": null,
            "debt_ratio": null,
            "inventory_turnover_ratio": null,
            "account_receivable_turnover_ratio": null,
            "reinvestment_rate": null,
            "research_to_sale_ratio": null,
            "price_fair": 0,
            "eps_avg_yearly": 0,
            "eps_latest_yearly": 0,
            "eps_growth_yearly": 0
        },
        "20144": {
            "year_quarter": 20144,
            "year": 2014,
            "quarter": 4,
            "eps": null,
            "eps_growth_year": null,
            "eps_4q": null,
            "eps_4q_growth_year": null,
            "roe": null,
            "roe_4q": 0,
            "gross_profit": 369222,
            "gross_margin": null,
            "gross_margin_4q_avg": 0,
            "net_income": 224035,
            "net_income_4q": null,
            "revenue": 1376124,
            "revenue_4q": null,
            "common_shares": 400000,
            "book_valuer_per_share": 18.15,
            "book_valuer_per_share_4q_avg": 4.54,
            "equity": 726095,
            "current_ratio": 221.74,
            "debt_ratio": 28.52,
            "inventory_turnover_ratio": null,
            "account_receivable_turnover_ratio": null,
            "reinvestment_rate": null,
            "research_to_sale_ratio": null,
            "price_fair": 0,
            "eps_avg_yearly": 0,
            "eps_latest_yearly": 0,
            "eps_growth_yearly": 0
        },
        "20151": {
            "year_quarter": 20151,
            "year": 2015,
            "quarter": 1,
            "eps": null,
            "eps_growth_year": null,
            "eps_4q": null,
            "eps_4q_growth_year": null,
            "roe": null,
            "roe_4q": 0,
            "gross_profit": 93888,
            "gross_margin": null,
            "gross_margin_4q_avg": 0,
            "net_income": 60646,
            "net_income_4q": null,
            "revenue": 344007,
            "revenue_4q": null,
            "common_shares": 410000,
            "book_valuer_per_share": 19.5,
            "book_valuer_per_share_4q_avg": 9.41,
            "equity": 799697,
            "current_ratio": 277.25,
            "debt_ratio": 23.62,
            "inventory_turnover_ratio": null,
            "account_receivable_turnover_ratio": null,
            "reinvestment_rate": null,
            "research_to_sale_ratio": null,
            "price_fair": 0,
            "eps_avg_yearly": 0,
            "eps_latest_yearly": 0,
            "eps_growth_yearly": 0
        },
        "20152": {
            "year_quarter": 20152,
            "year": 2015,
            "quarter": 2,
            "eps": 1.42,
            "eps_growth_year": null,
            "eps_4q": 1.42,
            "eps_4q_growth_year": null,
            "roe": 7.07,
            "roe_4q": 7.07,
            "gross_profit": 100739,
            "gross_margin": 26.16,
            "gross_margin_4q_avg": 6.54,
            "net_income": 58209,
            "net_income_4q": null,
            "revenue": 385092,
            "revenue_4q": null,
            "common_shares": 410000,
            "book_valuer_per_share": 20.65,
            "book_valuer_per_share_4q_avg": 14.58,
            "equity": 846782,
            "current_ratio": 246.85,
            "debt_ratio": 28.43,
            "inventory_turnover_ratio": 1.7,
            "account_receivable_turnover_ratio": 4.35,
            "reinvestment_rate": null,
            "research_to_sale_ratio": null,
            "price_fair": 0,
            "eps_avg_yearly": 0,
            "eps_latest_yearly": 0,
            "eps_growth_yearly": 0
        },
        "20153": {
            "year_quarter": 20153,
            "year": 2015,
            "quarter": 3,
            "eps": 1.64,
            "eps_growth_year": null,
            "eps_4q": 3.06,
            "eps_4q_growth_year": null,
            "roe": 7.48,
            "roe_4q": 14.55,
            "gross_profit": 101024,
            "gross_margin": 28.33,
            "gross_margin_4q_avg": 13.62,
            "net_income": 67232,
            "net_income_4q": null,
            "revenue": 356623,
            "revenue_4q": null,
            "common_shares": 410000,
            "book_valuer_per_share": 23.19,
            "book_valuer_per_share_4q_avg": 20.37,
            "equity": 950721,
            "current_ratio": 247.08,
            "debt_ratio": 29.53,
            "inventory_turnover_ratio": 1.49,
            "account_receivable_turnover_ratio": 1.48,
            "reinvestment_rate": null,
            "research_to_sale_ratio": 0.89,
            "price_fair": 229.6,
            "eps_avg_yearly": 6.56,
            "eps_latest_yearly": 6.56,
            "eps_growth_yearly": 61.97
        },
        "20154": {
            "year_quarter": 20154,
            "year": 2015,
            "quarter": 4,
            "eps": 1.69,
            "eps_growth_year": null,
            "eps_4q": 4.39,
            "eps_4q_growth_year": null,
            "roe": 6.75,
            "roe_4q": 21.3,
            "gross_profit": 100389,
            "gross_margin": 28.44,
            "gross_margin_4q_avg": 20.73,
            "net_income": 78694,
            "net_income_4q": null,
            "revenue": 352993,
            "revenue_4q": null,
            "common_shares": 464800,
            "book_valuer_per_share": 29.72,
            "book_valuer_per_share_4q_avg": 23.27,
            "equity": 1381180,
            "current_ratio": 318.86,
            "debt_ratio": 25.67,
            "inventory_turnover_ratio": 1.27,
            "account_receivable_turnover_ratio": 1.18,
            "reinvestment_rate": null,
            "research_to_sale_ratio": 1.99,
            "price_fair": 233.1,
            "eps_avg_yearly": 6.66,
            "eps_latest_yearly": 6.76,
            "eps_growth_yearly": 37.08
        },
        "20161": {
            "year_quarter": 20161,
            "year": 2016,
            "quarter": 1,
            "eps": 1.32,
            "eps_growth_year": null,
            "eps_4q": 5.72,
            "eps_4q_growth_year": null,
            "roe": 4.37,
            "roe_4q": 25.67,
            "gross_profit": 117393,
            "gross_margin": 28.9,
            "gross_margin_4q_avg": 27.96,
            "net_income": 61535,
            "net_income_4q": null,
            "revenue": 406259,
            "revenue_4q": null,
            "common_shares": 464800,
            "book_valuer_per_share": 30.91,
            "book_valuer_per_share_4q_avg": 26.12,
            "equity": 1436807,
            "current_ratio": 402.81,
            "debt_ratio": 20.55,
            "inventory_turnover_ratio": 1.54,
            "account_receivable_turnover_ratio": 1.58,
            "reinvestment_rate": null,
            "research_to_sale_ratio": 1.35,
            "price_fair": 18.6,
            "eps_avg_yearly": 6.2,
            "eps_latest_yearly": 5.28,
            "eps_growth_yearly": -4.47
        },
        "20162": {
            "year_quarter": 20162,
            "year": 2016,
            "quarter": 2,
            "eps": 1.72,
            "eps_growth_year": 21.15,
            "eps_4q": 6.18,
            "eps_4q_growth_year": 335.41,
            "roe": 5.94,
            "roe_4q": 24.540000000000003,
            "gross_profit": 110890,
            "gross_margin": 27.47,
            "gross_margin_4q_avg": 28.29,
            "net_income": 79862,
            "net_income_4q": null,
            "revenue": 403739,
            "revenue_4q": null,
            "common_shares": 464800,
            "book_valuer_per_share": 26.98,
            "book_valuer_per_share_4q_avg": 27.7,
            "equity": 1254092,
            "current_ratio": 354.18,
            "debt_ratio": 22.6,
            "inventory_turnover_ratio": 1.79,
            "account_receivable_turnover_ratio": 1.9,
            "reinvestment_rate": null,
            "research_to_sale_ratio": 3.3,
            "price_fair": 222.95,
            "eps_avg_yearly": 6.37,
            "eps_latest_yearly": 6.88,
            "eps_growth_yearly": 26.95
        },
        "20163": {
            "year_quarter": 20163,
            "year": 2016,
            "quarter": 3,
            "eps": 1.21,
            "eps_growth_year": -26.22,
            "eps_4q": 5.94,
            "eps_4q_growth_year": 94.2,
            "roe": 4.36,
            "roe_4q": 21.42,
            "gross_profit": 105320,
            "gross_margin": 27.03,
            "gross_margin_4q_avg": 27.96,
            "net_income": 56075,
            "net_income_4q": null,
            "revenue": 389588,
            "revenue_4q": null,
            "common_shares": 464800,
            "book_valuer_per_share": 27.36,
            "book_valuer_per_share_4q_avg": 28.74,
            "equity": 1318585,
            "current_ratio": 879.58,
            "debt_ratio": 8.11,
            "inventory_turnover_ratio": 1.49,
            "account_receivable_turnover_ratio": 2.01,
            "reinvestment_rate": null,
            "research_to_sale_ratio": 2.75,
            "price_fair": 18.19,
            "eps_avg_yearly": 6.06,
            "eps_latest_yearly": 4.84,
            "eps_growth_yearly": -2.16
        },
        "20164": {
            "year_quarter": 20164,
            "year": 2016,
            "quarter": 4,
            "eps": 1.92,
            "eps_growth_year": 13.6,
            "eps_4q": 6.17,
            "eps_4q_growth_year": 40.53,
            "roe": 6.63,
            "roe_4q": 21.3,
            "gross_profit": 103688,
            "gross_margin": 26.83,
            "gross_margin_4q_avg": 27.56,
            "net_income": 89071,
            "net_income_4q": null,
            "revenue": 386534,
            "revenue_4q": null,
            "common_shares": 464800,
            "book_valuer_per_share": 28.46,
            "book_valuer_per_share_4q_avg": 28.43,
            "equity": 1368429,
            "current_ratio": 398.04,
            "debt_ratio": 14.67,
            "inventory_turnover_ratio": 0.97,
            "account_receivable_turnover_ratio": 2.43,
            "reinvestment_rate": null,
            "research_to_sale_ratio": 4.06,
            "price_fair": 221.67,
            "eps_avg_yearly": 6.33,
            "eps_latest_yearly": 7.68,
            "eps_growth_yearly": 37.32
        },
        "20171": {
            "year_quarter": 20171,
            "year": 2017,
            "quarter": 1,
            "eps": 1.31,
            "eps_growth_year": -0.76,
            "eps_4q": 6.16,
            "eps_4q_growth_year": 7.69,
            "roe": 4.41,
            "roe_4q": 21.34,
            "gross_profit": 104956,
            "gross_margin": 26.72,
            "gross_margin_4q_avg": 27.01,
            "net_income": 60324,
            "net_income_4q": null,
            "revenue": 392858,
            "revenue_4q": null,
            "common_shares": 464800,
            "book_valuer_per_share": 28.43,
            "book_valuer_per_share_4q_avg": 27.81,
            "equity": 1364663,
            "current_ratio": 318.84,
            "debt_ratio": 16.71,
            "inventory_turnover_ratio": 0.84,
            "account_receivable_turnover_ratio": 3.38,
            "reinvestment_rate": null,
            "research_to_sale_ratio": 2.52,
            "price_fair": 147.22,
            "eps_avg_yearly": 6.18,
            "eps_latest_yearly": 5.24,
            "eps_growth_yearly": 13.83
        },
        "20172": {
            "year_quarter": 20172,
            "year": 2017,
            "quarter": 2,
            "eps": 0.81,
            "eps_growth_year": -52.91,
            "eps_4q": 5.25,
            "eps_4q_growth_year": -15.14,
            "roe": 2.68,
            "roe_4q": 18.08,
            "gross_profit": 97941,
            "gross_margin": 28.45,
            "gross_margin_4q_avg": 27.26,
            "net_income": 35511,
            "net_income_4q": null,
            "revenue": 344301,
            "revenue_4q": null,
            "common_shares": 464800,
            "book_valuer_per_share": 24.83,
            "book_valuer_per_share_4q_avg": 27.27,
            "equity": 1282145,
            "current_ratio": 222.08,
            "debt_ratio": 48.15,
            "inventory_turnover_ratio": 0.76,
            "account_receivable_turnover_ratio": 2.07,
            "reinvestment_rate": null,
            "research_to_sale_ratio": 4.1,
            "price_fair": 17.43,
            "eps_avg_yearly": 5.81,
            "eps_latest_yearly": 3.24,
            "eps_growth_yearly": -6.98
        },
        "20173": {
            "year_quarter": 20173,
            "year": 2017,
            "quarter": 3,
            "eps": 0.12,
            "eps_growth_year": -90.08,
            "eps_4q": 4.16,
            "eps_4q_growth_year": -29.97,
            "roe": 0.12,
            "roe_4q": 13.84,
            "gross_profit": 103008,
            "gross_margin": 24.04,
            "gross_margin_4q_avg": 26.51,
            "net_income": 1501,
            "net_income_4q": null,
            "revenue": 428510,
            "revenue_4q": null,
            "common_shares": 464800,
            "book_valuer_per_share": 25.31,
            "book_valuer_per_share_4q_avg": 26.76,
            "equity": 1301766,
            "current_ratio": 298.93,
            "debt_ratio": 42.89,
            "inventory_turnover_ratio": 0.86,
            "account_receivable_turnover_ratio": 1.73,
            "reinvestment_rate": null,
            "research_to_sale_ratio": 9.11,
            "price_fair": 15.65,
            "eps_avg_yearly": 5.22,
            "eps_latest_yearly": 0.48,
            "eps_growth_yearly": -44.06
        },
        "20174": {
            "year_quarter": 20174,
            "year": 2017,
            "quarter": 4,
            "eps": 1.46,
            "eps_growth_year": -23.91,
            "eps_4q": 3.7,
            "eps_4q_growth_year": -40.03,
            "roe": 5.14,
            "roe_4q": 12.35,
            "gross_profit": 120130,
            "gross_margin": 20.63,
            "gross_margin_4q_avg": 24.96,
            "net_income": 68836,
            "net_income_4q": null,
            "revenue": 582318,
            "revenue_4q": null,
            "common_shares": 464800,
            "book_valuer_per_share": 27.16,
            "book_valuer_per_share_4q_avg": 26.43,
            "equity": 1375161,
            "current_ratio": 268.48,
            "debt_ratio": 43.58,
            "inventory_turnover_ratio": 1.1,
            "account_receivable_turnover_ratio": 1.8,
            "reinvestment_rate": null,
            "research_to_sale_ratio": 5.9,
            "price_fair": 184.8,
            "eps_avg_yearly": 5.28,
            "eps_latest_yearly": 5.84,
            "eps_growth_yearly": 407.01
        },
        "20181": {
            "year_quarter": 20181,
            "year": 2018,
            "quarter": 1,
            "eps": 1.66,
            "eps_growth_year": 26.72,
            "eps_4q": 4.06,
            "eps_4q_growth_year": -34.08,
            "roe": 5.36,
            "roe_4q": 13.299999999999999,
            "gross_profit": 94173,
            "gross_margin": 21.63,
            "gross_margin_4q_avg": 23.69,
            "net_income": 76420,
            "net_income_4q": null,
            "revenue": 435335,
            "revenue_4q": null,
            "common_shares": 464800,
            "book_valuer_per_share": 29.33,
            "book_valuer_per_share_4q_avg": 26.66,
            "equity": 1476880,
            "current_ratio": 334.91,
            "debt_ratio": 36.98,
            "inventory_turnover_ratio": 0.84,
            "account_receivable_turnover_ratio": 1.25,
            "reinvestment_rate": null,
            "research_to_sale_ratio": 5.78,
            "price_fair": 189.13,
            "eps_avg_yearly": 5.4,
            "eps_latest_yearly": 6.64,
            "eps_growth_yearly": 374.99
        },
        "20182": {
            "year_quarter": 20182,
            "year": 2018,
            "quarter": 2,
            "eps": 0.73,
            "eps_growth_year": -9.88,
            "eps_4q": 3.98,
            "eps_4q_growth_year": -24.17,
            "roe": 2.44,
            "roe_4q": 13.06,
            "gross_profit": 80811,
            "gross_margin": 19.48,
            "gross_margin_4q_avg": 21.45,
            "net_income": 33460,
            "net_income_4q": null,
            "revenue": 414866,
            "revenue_4q": null,
            "common_shares": 464800,
            "book_valuer_per_share": 24.77,
            "book_valuer_per_share_4q_avg": 26.64,
            "equity": 1263206,
            "current_ratio": 211.21,
            "debt_ratio": 46.55,
            "inventory_turnover_ratio": 0.9,
            "account_receivable_turnover_ratio": 1.22,
            "reinvestment_rate": 79.84,
            "research_to_sale_ratio": 7.88,
            "price_fair": 181.88,
            "eps_avg_yearly": 5.2,
            "eps_latest_yearly": 2.92,
            "eps_growth_yearly": 325.07
        },
        "20183": {
            "year_quarter": 20183,
            "year": 2018,
            "quarter": 3,
            "eps": 1.04,
            "eps_growth_year": 766.67,
            "eps_4q": 4.9,
            "eps_4q_growth_year": 17.65,
            "roe": 4.16,
            "roe_4q": 17.1,
            "gross_profit": 113395,
            "gross_margin": 26.79,
            "gross_margin_4q_avg": 22.13,
            "net_income": 52722,
            "net_income_4q": null,
            "revenue": 423277,
            "revenue_4q": null,
            "common_shares": 464800,
            "book_valuer_per_share": 24.95,
            "book_valuer_per_share_4q_avg": 26.55,
            "equity": 1271988,
            "current_ratio": 251.51,
            "debt_ratio": 43.34,
            "inventory_turnover_ratio": 0.92,
            "account_receivable_turnover_ratio": 1.2,
            "reinvestment_rate": 49.54,
            "research_to_sale_ratio": 6.14,
            "price_fair": 179.09,
            "eps_avg_yearly": 5.12,
            "eps_latest_yearly": 4.16,
            "eps_growth_yearly": 313.13
        },
        "20184": {
            "year_quarter": 20184,
            "year": 2018,
            "quarter": 4,
            "eps": 1.41,
            "eps_growth_year": -3.58,
            "eps_4q": 4.84,
            "eps_4q_growth_year": 30.86,
            "roe": 4.8,
            "roe_4q": 16.76,
            "gross_profit": 132976,
            "gross_margin": 28.55,
            "gross_margin_4q_avg": 24.11,
            "net_income": 61489,
            "net_income_4q": null,
            "revenue": 465716,
            "revenue_4q": null,
            "common_shares": 464800,
            "book_valuer_per_share": 25.43,
            "book_valuer_per_share_4q_avg": 26.12,
            "equity": 1291447,
            "current_ratio": 233.11,
            "debt_ratio": 44.25,
            "inventory_turnover_ratio": 1.02,
            "account_receivable_turnover_ratio": 1.42,
            "reinvestment_rate": 61.31,
            "research_to_sale_ratio": 5.72,
            "price_fair": 180.4,
            "eps_avg_yearly": 5.15,
            "eps_latest_yearly": 5.64,
            "eps_growth_yearly": 300.93
        },
        "20191": {
            "year_quarter": 20191,
            "year": 2019,
            "quarter": 1,
            "eps": 1.52,
            "eps_growth_year": -8.43,
            "eps_4q": 4.73,
            "eps_4q_growth_year": 16.56,
            "roe": 4.87,
            "roe_4q": 16.27,
            "gross_profit": 119669,
            "gross_margin": 26.14,
            "gross_margin_4q_avg": 25.24,
            "net_income": 65140,
            "net_income_4q": null,
            "revenue": 457740,
            "revenue_4q": null,
            "common_shares": 464800,
            "book_valuer_per_share": 27.61,
            "book_valuer_per_share_4q_avg": 25.69,
            "equity": 1386301,
            "current_ratio": 246.67,
            "debt_ratio": 41.4,
            "inventory_turnover_ratio": 1.08,
            "account_receivable_turnover_ratio": 1.33,
            "reinvestment_rate": 62.15,
            "research_to_sale_ratio": 6.54,
            "price_fair": 182.56,
            "eps_avg_yearly": 5.22,
            "eps_latest_yearly": 6.08,
            "eps_growth_yearly": 282.94
        },
        "20192": {
            "year_quarter": 20192,
            "year": 2019,
            "quarter": 2,
            "eps": 1.22,
            "eps_growth_year": 67.12,
            "eps_4q": 5.22,
            "eps_4q_growth_year": 31.13,
            "roe": 4.48,
            "roe_4q": 18.310000000000002,
            "gross_profit": 169404,
            "gross_margin": 30.84,
            "gross_margin_4q_avg": 28.08,
            "net_income": 58902,
            "net_income_4q": null,
            "revenue": 549330,
            "revenue_4q": null,
            "common_shares": 464800,
            "book_valuer_per_share": 24.47,
            "book_valuer_per_share_4q_avg": 25.62,
            "equity": 1243042,
            "current_ratio": 109.98,
            "debt_ratio": 48.96,
            "inventory_turnover_ratio": 1.28,
            "account_receivable_turnover_ratio": 1.31,
            "reinvestment_rate": 62.16,
            "research_to_sale_ratio": 3.52,
            "price_fair": 181.83,
            "eps_avg_yearly": 5.2,
            "eps_latest_yearly": 4.88,
            "eps_growth_yearly": 260.33
        },
        "20193": {
            "year_quarter": 20193,
            "year": 2019,
            "quarter": 3,
            "eps": 2.01,
            "eps_growth_year": 93.27,
            "eps_4q": 5.8,
            "eps_4q_growth_year": 18.41,
            "roe": 8.33,
            "roe_4q": 22.48,
            "gross_profit": 170639,
            "gross_margin": 30.4,
            "gross_margin_4q_avg": 28.98,
            "net_income": 105351,
            "net_income_4q": null,
            "revenue": 561260,
            "revenue_4q": null,
            "common_shares": 510767,
            "book_valuer_per_share": 23.15,
            "book_valuer_per_share_4q_avg": 25.17,
            "equity": 1285218,
            "current_ratio": 118.63,
            "debt_ratio": 47.44,
            "inventory_turnover_ratio": 1.39,
            "account_receivable_turnover_ratio": 1.24,
            "reinvestment_rate": 56.87,
            "research_to_sale_ratio": 4.01,
            "price_fair": 185.06,
            "eps_avg_yearly": 5.29,
            "eps_latest_yearly": 8.04,
            "eps_growth_yearly": 272.64
        },
        "20194": {
            "year_quarter": 20194,
            "year": 2019,
            "quarter": 4,
            "eps": 2.02,
            "eps_growth_year": 43.2,
            "eps_4q": 6.52,
            "eps_4q_growth_year": 34.63,
            "roe": 7.66,
            "roe_4q": 25.34,
            "gross_profit": 213517,
            "gross_margin": 35.2,
            "gross_margin_4q_avg": 30.65,
            "net_income": 101864,
            "net_income_4q": null,
            "revenue": 606660,
            "revenue_4q": null,
            "common_shares": 510767,
            "book_valuer_per_share": 24.91,
            "book_valuer_per_share_4q_avg": 25.04,
            "equity": 1372684,
            "current_ratio": 127.04,
            "debt_ratio": 46.92,
            "inventory_turnover_ratio": 1.53,
            "account_receivable_turnover_ratio": 1.38,
            "reinvestment_rate": 55.79,
            "research_to_sale_ratio": 4.1,
            "price_fair": 187.95,
            "eps_avg_yearly": 5.37,
            "eps_latest_yearly": 8.08,
            "eps_growth_yearly": 272
        },
        "20201": {
            "year_quarter": 20201,
            "year": 2020,
            "quarter": 1,
            "eps": 2.5,
            "eps_growth_year": 64.47,
            "eps_4q": 7.71,
            "eps_4q_growth_year": 62.97,
            "roe": 9.11,
            "roe_4q": 29.580000000000002,
            "gross_profit": 173297,
            "gross_margin": 33.05,
            "gross_margin_4q_avg": 32.37,
            "net_income": 128099,
            "net_income_4q": null,
            "revenue": 524292,
            "revenue_4q": null,
            "common_shares": 510767,
            "book_valuer_per_share": 26.46,
            "book_valuer_per_share_4q_avg": 24.75,
            "equity": 1438829,
            "current_ratio": 134.21,
            "debt_ratio": 46.17,
            "inventory_turnover_ratio": 1.33,
            "account_receivable_turnover_ratio": 1.07,
            "reinvestment_rate": 50.43,
            "research_to_sale_ratio": 3.45,
            "price_fair": 198.28,
            "eps_avg_yearly": 5.67,
            "eps_latest_yearly": 10,
            "eps_growth_yearly": 283.42
        },
        "20202": {
            "year_quarter": 20202,
            "year": 2020,
            "quarter": 2,
            "eps": 1.96,
            "eps_growth_year": 60.66,
            "eps_4q": 8.56,
            "eps_4q_growth_year": 64.13,
            "roe": 7.2,
            "roe_4q": 32.3,
            "gross_profit": 191636,
            "gross_margin": 35.24,
            "gross_margin_4q_avg": 33.47,
            "net_income": 97415,
            "net_income_4q": null,
            "revenue": 543738,
            "revenue_4q": null,
            "common_shares": 510767,
            "book_valuer_per_share": 23.1,
            "book_valuer_per_share_4q_avg": 24.41,
            "equity": 1265763,
            "current_ratio": 115.93,
            "debt_ratio": 52.06,
            "inventory_turnover_ratio": 1.28,
            "account_receivable_turnover_ratio": 1,
            "reinvestment_rate": 51.52,
            "research_to_sale_ratio": 4.18,
            "price_fair": 200.38,
            "eps_avg_yearly": 5.73,
            "eps_latest_yearly": 7.84,
            "eps_growth_yearly": 270.44
        },
        "20203": {
            "year_quarter": 20203,
            "year": 2020,
            "quarter": 3,
            "eps": 1.62,
            "eps_growth_year": -19.4,
            "eps_4q": 8.15,
            "eps_4q_growth_year": 40.62,
            "roe": 6.4,
            "roe_4q": 30.37,
            "gross_profit": 198867,
            "gross_margin": 32.04,
            "gross_margin_4q_avg": 33.88,
            "net_income": 84400,
            "net_income_4q": null,
            "revenue": 620647,
            "revenue_4q": null,
            "common_shares": 510767,
            "book_valuer_per_share": 25.14,
            "book_valuer_per_share_4q_avg": 24.9,
            "equity": 1372782,
            "current_ratio": 180.79,
            "debt_ratio": 55.15,
            "inventory_turnover_ratio": 1.79,
            "account_receivable_turnover_ratio": 1.11,
            "reinvestment_rate": 52.46,
            "research_to_sale_ratio": 5.09,
            "price_fair": 203.96,
            "eps_avg_yearly": 5.83,
            "eps_latest_yearly": 6.48,
            "eps_growth_yearly": 273.52
        },
        "20204": {
            "year_quarter": 20204,
            "year": 2020,
            "quarter": 4,
            "eps": 3.99,
            "eps_growth_year": 97.24,
            "eps_4q": 10.09,
            "eps_4q_growth_year": 54.79,
            "roe": 13.4,
            "roe_4q": 36.11,
            "gross_profit": 224727,
            "gross_margin": 33.81,
            "gross_margin_4q_avg": 33.54,
            "net_income": 199667,
            "net_income_4q": null,
            "revenue": 664703,
            "revenue_4q": null,
            "common_shares": 510767,
            "book_valuer_per_share": 29.79,
            "book_valuer_per_share_4q_avg": 26.12,
            "equity": 1608411,
            "current_ratio": 208.79,
            "debt_ratio": 48.27,
            "inventory_turnover_ratio": 2.06,
            "account_receivable_turnover_ratio": 1.08,
            "reinvestment_rate": 46.99,
            "research_to_sale_ratio": 3.77,
            "price_fair": 222.08,
            "eps_avg_yearly": 6.35,
            "eps_latest_yearly": 15.96,
            "eps_growth_yearly": 295.42
        },
        "20211": {
            "year_quarter": 20211,
            "year": 2021,
            "quarter": 1,
            "eps": 1.62,
            "eps_growth_year": -35.2,
            "eps_4q": 9.19,
            "eps_4q_growth_year": 19.22,
            "roe": 4.96,
            "roe_4q": 31.959999999999997,
            "gross_profit": 200139,
            "gross_margin": 31.7,
            "gross_margin_4q_avg": 33.2,
            "net_income": 81438,
            "net_income_4q": null,
            "revenue": 631301,
            "revenue_4q": null,
            "common_shares": 510767,
            "book_valuer_per_share": 31.15,
            "book_valuer_per_share_4q_avg": 27.3,
            "equity": 1675908,
            "current_ratio": 198.13,
            "debt_ratio": 47.56,
            "inventory_turnover_ratio": 1.74,
            "account_receivable_turnover_ratio": 0.98,
            "reinvestment_rate": 47.79,
            "research_to_sale_ratio": 6.21,
            "price_fair": 224.79,
            "eps_avg_yearly": 6.42,
            "eps_latest_yearly": 6.48,
            "eps_growth_yearly": 288.52
        },
        "20212": {
            "year_quarter": 20212,
            "year": 2021,
            "quarter": 2,
            "eps": 1.91,
            "eps_growth_year": -2.55,
            "eps_4q": 8.2,
            "eps_4q_growth_year": -4.24,
            "roe": 7,
            "roe_4q": 31.759999999999998,
            "gross_profit": 202995,
            "gross_margin": 30.08,
            "gross_margin_4q_avg": 31.91,
            "net_income": 110994,
            "net_income_4q": null,
            "revenue": 674868,
            "revenue_4q": null,
            "common_shares": 585756,
            "book_valuer_per_share": 23.94,
            "book_valuer_per_share_4q_avg": 27.51,
            "equity": 1494851,
            "current_ratio": 145.22,
            "debt_ratio": 54.66,
            "inventory_turnover_ratio": 1.79,
            "account_receivable_turnover_ratio": 1.06,
            "reinvestment_rate": 22.96,
            "research_to_sale_ratio": 4.83,
            "price_fair": 234.41,
            "eps_avg_yearly": 6.7,
            "eps_latest_yearly": 7.64,
            "eps_growth_yearly": 302.53
        },
        "20213": {
            "year_quarter": 20213,
            "year": 2021,
            "quarter": 3,
            "eps": 1.84,
            "eps_growth_year": 13.58,
            "eps_4q": 8.64,
            "eps_4q_growth_year": 5.97,
            "roe": 6.95,
            "roe_4q": 32.31,
            "gross_profit": 188947,
            "gross_margin": 29.56,
            "gross_margin_4q_avg": 31.29,
            "net_income": 107273,
            "net_income_4q": null,
            "revenue": 639306,
            "revenue_4q": null,
            "common_shares": 585756,
            "book_valuer_per_share": 25.63,
            "book_valuer_per_share_4q_avg": 27.63,
            "equity": 1591184,
            "current_ratio": 162.16,
            "debt_ratio": 52.95,
            "inventory_turnover_ratio": 1.84,
            "account_receivable_turnover_ratio": 1.1,
            "reinvestment_rate": 28.55,
            "research_to_sale_ratio": 4.85,
            "price_fair": 249.46,
            "eps_avg_yearly": 7.13,
            "eps_latest_yearly": 7.36,
            "eps_growth_yearly": 322.91
        },
        "20214": {
            "year_quarter": 20214,
            "year": 2021,
            "quarter": 4,
            "eps": 1.07,
            "eps_growth_year": -73.18,
            "eps_4q": 6.26,
            "eps_4q_growth_year": -37.98,
            "roe": 3.75,
            "roe_4q": 22.66,
            "gross_profit": 223004,
            "gross_margin": 28.98,
            "gross_margin_4q_avg": 30.08,
            "net_income": 60494,
            "net_income_4q": null,
            "revenue": 769391,
            "revenue_4q": null,
            "common_shares": 585756,
            "book_valuer_per_share": 26.56,
            "book_valuer_per_share_4q_avg": 26.82,
            "equity": 1637526,
            "current_ratio": 156.39,
            "debt_ratio": 54.95,
            "inventory_turnover_ratio": 1.76,
            "account_receivable_turnover_ratio": 1.6,
            "reinvestment_rate": 30.56,
            "research_to_sale_ratio": 11.39,
            "price_fair": 246.05,
            "eps_avg_yearly": 7.03,
            "eps_latest_yearly": 4.28,
            "eps_growth_yearly": 33.28
        },
        "20221": {
            "year_quarter": 20221,
            "year": 2022,
            "quarter": 1,
            "eps": 6.82,
            "eps_growth_year": 320.99,
            "eps_4q": 11.65,
            "eps_4q_growth_year": 26.83,
            "roe": 20.81,
            "roe_4q": 38.51,
            "gross_profit": 252843,
            "gross_margin": 31.46,
            "gross_margin_4q_avg": 30.02,
            "net_income": 389437,
            "net_income_4q": null,
            "revenue": 803659,
            "revenue_4q": null,
            "common_shares": 580626,
            "book_valuer_per_share": 34.67,
            "book_valuer_per_share_4q_avg": 27.7,
            "equity": 2105210,
            "current_ratio": 183.42,
            "debt_ratio": 48.01,
            "inventory_turnover_ratio": 1.28,
            "account_receivable_turnover_ratio": 1.83,
            "reinvestment_rate": 28.8,
            "research_to_sale_ratio": 5.23,
            "price_fair": 291.2,
            "eps_avg_yearly": 8.32,
            "eps_latest_yearly": 27.28,
            "eps_growth_yearly": 164.2
        },
        "20222": {
            "year_quarter": 20222,
            "year": 2022,
            "quarter": 2,
            "eps": 3.54,
            "eps_growth_year": 85.34,
            "eps_4q": 13.15,
            "eps_4q_growth_year": 60.41,
            "roe": 10.25,
            "roe_4q": 41.760000000000005,
            "gross_profit": 377369,
            "gross_margin": 36.27,
            "gross_margin_4q_avg": 31.57,
            "net_income": 211394,
            "net_income_4q": null,
            "revenue": 1040450,
            "revenue_4q": null,
            "common_shares": 586050,
            "book_valuer_per_share": 32.72,
            "book_valuer_per_share_4q_avg": 29.9,
            "equity": 2018989,
            "current_ratio": 218.89,
            "debt_ratio": 53.31,
            "inventory_turnover_ratio": 1.44,
            "account_receivable_turnover_ratio": 2.24,
            "reinvestment_rate": 30.26,
            "research_to_sale_ratio": 3.64,
            "price_fair": 315.79,
            "eps_avg_yearly": 9.02,
            "eps_latest_yearly": 14.16,
            "eps_growth_yearly": 166.19
        },
        "20223": {
            "year_quarter": 20223,
            "year": 2022,
            "quarter": 3,
            "eps": 5.23,
            "eps_growth_year": 184.24,
            "eps_4q": 14.87,
            "eps_4q_growth_year": 72.19,
            "roe": 12.77,
            "roe_4q": 47.58,
            "gross_profit": 460923,
            "gross_margin": 38.55,
            "gross_margin_4q_avg": 33.82,
            "net_income": 312585,
            "net_income_4q": null,
            "revenue": 1195639,
            "revenue_4q": null,
            "common_shares": 654568,
            "book_valuer_per_share": 42.4,
            "book_valuer_per_share_4q_avg": 34.09,
            "equity": 2874834,
            "current_ratio": 170.24,
            "debt_ratio": 40.78,
            "inventory_turnover_ratio": 1.87,
            "account_receivable_turnover_ratio": 2.31,
            "reinvestment_rate": 30.3,
            "research_to_sale_ratio": 3.74,
            "price_fair": 352.45,
            "eps_avg_yearly": 10.07,
            "eps_latest_yearly": 20.92,
            "eps_growth_yearly": 167.51
        },
        "20224": {
            "year_quarter": 20224,
            "year": 2022,
            "quarter": 4,
            "eps": 5.06,
            "eps_growth_year": 373.33,
            "eps_4q": 17.99,
            "eps_4q_growth_year": 187.37,
            "roe": 11.06,
            "roe_4q": 54.89,
            "gross_profit": 592435,
            "gross_margin": 48.18,
            "gross_margin_4q_avg": 38.62,
            "net_income": 360972,
            "net_income_4q": null,
            "revenue": 1229643,
            "revenue_4q": null,
            "common_shares": 703263,
            "book_valuer_per_share": 50.45,
            "book_valuer_per_share_4q_avg": 40.06,
            "equity": 3652526,
            "current_ratio": 199.78,
            "debt_ratio": 32.51,
            "inventory_turnover_ratio": 1.76,
            "account_receivable_turnover_ratio": 3.25,
            "reinvestment_rate": 26.4,
            "research_to_sale_ratio": 3.79,
            "price_fair": 384.39,
            "eps_avg_yearly": 10.98,
            "eps_latest_yearly": 20.24,
            "eps_growth_yearly": 157.8
        },
        "20231": {
            "year_quarter": 20231,
            "year": 2023,
            "quarter": 1,
            "eps": 7.44,
            "eps_growth_year": 9.09,
            "eps_4q": 19.55,
            "eps_4q_growth_year": 67.72,
            "roe": 13.25,
            "roe_4q": 47.33,
            "gross_profit": 847680,
            "gross_margin": 54.31,
            "gross_margin_4q_avg": 44.33,
            "net_income": 533441,
            "net_income_4q": null,
            "revenue": 1560866,
            "revenue_4q": null,
            "common_shares": 713329,
            "book_valuer_per_share": 59.92,
            "book_valuer_per_share_4q_avg": 46.37,
            "equity": 4401837,
            "current_ratio": 207.76,
            "debt_ratio": 31.13,
            "inventory_turnover_ratio": 1.39,
            "account_receivable_turnover_ratio": 6.76,
            "reinvestment_rate": 38.14,
            "research_to_sale_ratio": 2.25,
            "price_fair": 436.19,
            "eps_avg_yearly": 12.46,
            "eps_latest_yearly": 29.76,
            "eps_growth_yearly": 167.61
        },
        "20232": {
            "year_quarter": 20232,
            "year": 2023,
            "quarter": 2,
            "eps": 15.25,
            "eps_growth_year": 330.79,
            "eps_4q": 27.75,
            "eps_4q_growth_year": 111.03,
            "roe": 23.28,
            "roe_4q": 60.36,
            "gross_profit": 1435080,
            "gross_margin": 60.64,
            "gross_margin_4q_avg": 50.42,
            "net_income": 1089524,
            "net_income_4q": null,
            "revenue": 2366682,
            "revenue_4q": null,
            "common_shares": 712061,
            "book_valuer_per_share": 67.64,
            "book_valuer_per_share_4q_avg": 55.1,
            "equity": 4959731,
            "current_ratio": 223.08,
            "debt_ratio": 31.87,
            "inventory_turnover_ratio": 1.5,
            "account_receivable_turnover_ratio": 7.58,
            "reinvestment_rate": 25.15,
            "research_to_sale_ratio": 1.05,
            "price_fair": 558.95,
            "eps_avg_yearly": 15.97,
            "eps_latest_yearly": 61,
            "eps_growth_yearly": 198.79
        },
        "20233": {
            "year_quarter": 20233,
            "year": 2023,
            "quarter": 3,
            "eps": 19.7,
            "eps_growth_year": 276.67,
            "eps_4q": 42,
            "eps_4q_growth_year": 182.39,
            "roe": 24.44,
            "roe_4q": 72.03,
            "gross_profit": 2023635,
            "gross_margin": 62.05,
            "gross_margin_4q_avg": 56.3,
            "net_income": 1656505,
            "net_income_4q": null,
            "revenue": 3261319,
            "revenue_4q": null,
            "common_shares": 753228,
            "book_valuer_per_share": 112.16,
            "book_valuer_per_share_4q_avg": 72.54,
            "equity": 8597172,
            "current_ratio": 330.8,
            "debt_ratio": 24.61,
            "inventory_turnover_ratio": 1.97,
            "account_receivable_turnover_ratio": 9.39,
            "reinvestment_rate": 17.92,
            "research_to_sale_ratio": 1.04,
            "price_fair": 713.74,
            "eps_avg_yearly": 20.39,
            "eps_latest_yearly": 78.8,
            "eps_growth_yearly": 189.89
        },
        "20234": {
            "year_quarter": 20234,
            "year": 2023,
            "quarter": 4,
            "eps": 22.53,
            "eps_growth_year": 345.44,
            "eps_4q": 60.25,
            "eps_4q_growth_year": 234.93,
            "roe": 20.54,
            "roe_4q": 81.51,
            "gross_profit": 2582297,
            "gross_margin": 67.3,
            "gross_margin_4q_avg": 61.08,
            "net_income": 1943365,
            "net_income_4q": null,
            "revenue": 3836775,
            "revenue_4q": null,
            "common_shares": 862861,
            "book_valuer_per_share": 118.73,
            "book_valuer_per_share_4q_avg": 89.61,
            "equity": 10322817,
            "current_ratio": 587.9,
            "debt_ratio": 13.97,
            "inventory_turnover_ratio": 2.18,
            "account_receivable_turnover_ratio": 11.5,
            "reinvestment_rate": 12.85,
            "research_to_sale_ratio": 2.44,
            "price_fair": 893.2,
            "eps_avg_yearly": 25.52,
            "eps_latest_yearly": 90.12,
            "eps_growth_yearly": 193.36
        }
    },
    "months": {
        "2015-11": {
            "month": "2015-11",
            "price": "127.75",
            "revenue": 108890
        },
        "2015-12": {
            "month": "2015-12",
            "price": "96.61",
            "revenue": 117210
        },
        "2016-01": {
            "month": "2016-01",
            "price": "95.92",
            "revenue": 114614
        },
        "2016-02": {
            "month": "2016-02",
            "price": "106.69",
            "revenue": 142784
        },
        "2016-03": {
            "month": "2016-03",
            "price": "118.59",
            "revenue": 148789
        },
        "2016-04": {
            "month": "2016-04",
            "price": "112.61",
            "revenue": 119141
        },
        "2016-05": {
            "month": "2016-05",
            "price": "103.76",
            "revenue": 142268
        },
        "2016-06": {
            "month": "2016-06",
            "price": "109.07",
            "revenue": 143060
        },
        "2016-07": {
            "month": "2016-07",
            "price": "113.10",
            "revenue": 130554
        },
        "2016-08": {
            "month": "2016-08",
            "price": "107.78",
            "revenue": 134024
        },
        "2016-09": {
            "month": "2016-09",
            "price": "108.97",
            "revenue": 125049
        },
        "2016-10": {
            "month": "2016-10",
            "price": "116.02",
            "revenue": 125165
        },
        "2016-11": {
            "month": "2016-11",
            "price": "112.73",
            "revenue": 136935
        },
        "2016-12": {
            "month": "2016-12",
            "price": "118.23",
            "revenue": 124837
        },
        "2017-01": {
            "month": "2017-01",
            "price": "128.94",
            "revenue": 122484
        },
        "2017-02": {
            "month": "2017-02",
            "price": "142.94",
            "revenue": 135025
        },
        "2017-03": {
            "month": "2017-03",
            "price": "145.52",
            "revenue": 135592
        },
        "2017-04": {
            "month": "2017-04",
            "price": "163.69",
            "revenue": 120404
        },
        "2017-05": {
            "month": "2017-05",
            "price": "164.38",
            "revenue": 114795
        },
        "2017-06": {
            "month": "2017-06",
            "price": "174.80",
            "revenue": 116210
        },
        "2017-07": {
            "month": "2017-07",
            "price": "175.26",
            "revenue": 122308
        },
        "2017-08": {
            "month": "2017-08",
            "price": "171.28",
            "revenue": 143325
        },
        "2017-09": {
            "month": "2017-09",
            "price": "178.48",
            "revenue": 156421
        },
        "2017-10": {
            "month": "2017-10",
            "price": "185.24",
            "revenue": 169777
        },
        "2017-11": {
            "month": "2017-11",
            "price": "172.25",
            "revenue": 197392
        },
        "2017-12": {
            "month": "2017-12",
            "price": "165.81",
            "revenue": 209129
        },
        "2018-01": {
            "month": "2018-01",
            "price": "169.75",
            "revenue": 157374
        },
        "2018-02": {
            "month": "2018-02",
            "price": "137.62",
            "revenue": 121140
        },
        "2018-03": {
            "month": "2018-03",
            "price": "123.78",
            "revenue": 156821
        },
        "2018-04": {
            "month": "2018-04",
            "price": "127.78",
            "revenue": 143849
        },
        "2018-05": {
            "month": "2018-05",
            "price": "122.25",
            "revenue": 144092
        },
        "2018-06": {
            "month": "2018-06",
            "price": "121.48",
            "revenue": 125719
        },
        "2018-07": {
            "month": "2018-07",
            "price": "122.70",
            "revenue": 135048
        },
        "2018-08": {
            "month": "2018-08",
            "price": "126.78",
            "revenue": 142369
        },
        "2018-09": {
            "month": "2018-09",
            "price": "127.61",
            "revenue": 145872
        },
        "2018-10": {
            "month": "2018-10",
            "price": "121.57",
            "revenue": 155229
        },
        "2018-11": {
            "month": "2018-11",
            "price": "122.98",
            "revenue": 150337
        },
        "2018-12": {
            "month": "2018-12",
            "price": "129.50",
            "revenue": 160311
        },
        "2019-01": {
            "month": "2019-01",
            "price": "129.05",
            "revenue": 165556
        },
        "2019-02": {
            "month": "2019-02",
            "price": "134.65",
            "revenue": 124139
        },
        "2019-03": {
            "month": "2019-03",
            "price": "132.45",
            "revenue": 168310
        },
        "2019-04": {
            "month": "2019-04",
            "price": "139.60",
            "revenue": 176308
        },
        "2019-05": {
            "month": "2019-05",
            "price": "147.41",
            "revenue": 188654
        },
        "2019-06": {
            "month": "2019-06",
            "price": "159.74",
            "revenue": 184346
        },
        "2019-07": {
            "month": "2019-07",
            "price": "146.80",
            "revenue": 187136
        },
        "2019-08": {
            "month": "2019-08",
            "price": "143.62",
            "revenue": 185149
        },
        "2019-09": {
            "month": "2019-09",
            "price": "128.79",
            "revenue": 189019
        },
        "2019-10": {
            "month": "2019-10",
            "price": "124.90",
            "revenue": 189607
        },
        "2019-11": {
            "month": "2019-11",
            "price": "119.60",
            "revenue": 205323
        },
        "2019-12": {
            "month": "2019-12",
            "price": "119.98",
            "revenue": 211711
        },
        "2020-01": {
            "month": "2020-01",
            "price": "128.83",
            "revenue": 155455
        },
        "2020-02": {
            "month": "2020-02",
            "price": "131.03",
            "revenue": 176434
        },
        "2020-03": {
            "month": "2020-03",
            "price": "108.36",
            "revenue": 192402
        },
        "2020-04": {
            "month": "2020-04",
            "price": "104.70",
            "revenue": 152037
        },
        "2020-05": {
            "month": "2020-05",
            "price": "122.02",
            "revenue": 181557
        },
        "2020-06": {
            "month": "2020-06",
            "price": "123.30",
            "revenue": 210144
        },
        "2020-07": {
            "month": "2020-07",
            "price": "128.13",
            "revenue": 202662
        },
        "2020-08": {
            "month": "2020-08",
            "price": "127.24",
            "revenue": 202819
        },
        "2020-09": {
            "month": "2020-09",
            "price": "133.82",
            "revenue": 215166
        },
        "2020-10": {
            "month": "2020-10",
            "price": "138.89",
            "revenue": 216368
        },
        "2020-11": {
            "month": "2020-11",
            "price": "128.17",
            "revenue": 217724
        },
        "2020-12": {
            "month": "2020-12",
            "price": "125.80",
            "revenue": 230605
        },
        "2021-01": {
            "month": "2021-01",
            "price": "123.68",
            "revenue": 230499
        },
        "2021-02": {
            "month": "2021-02",
            "price": "123.19",
            "revenue": 168781
        },
        "2021-03": {
            "month": "2021-03",
            "price": "131.68",
            "revenue": 232021
        },
        "2021-04": {
            "month": "2021-04",
            "price": "133.97",
            "revenue": 223355
        },
        "2021-05": {
            "month": "2021-05",
            "price": "119.88",
            "revenue": 219753
        },
        "2021-06": {
            "month": "2021-06",
            "price": "107.74",
            "revenue": 231760
        },
        "2021-07": {
            "month": "2021-07",
            "price": "103.01",
            "revenue": 210040
        },
        "2021-08": {
            "month": "2021-08",
            "price": "97.91",
            "revenue": 210207
        },
        "2021-09": {
            "month": "2021-09",
            "price": "101.94",
            "revenue": 219060
        },
        "2021-10": {
            "month": "2021-10",
            "price": "99.30",
            "revenue": 225528
        },
        "2021-11": {
            "month": "2021-11",
            "price": "99.46",
            "revenue": 266811
        },
        "2021-12": {
            "month": "2021-12",
            "price": "102.23",
            "revenue": 277052
        },
        "2022-01": {
            "month": "2022-01",
            "price": "106.56",
            "revenue": 272487
        },
        "2022-02": {
            "month": "2022-02",
            "price": "112.17",
            "revenue": 194744
        },
        "2022-03": {
            "month": "2022-03",
            "price": "97.74",
            "revenue": 336427
        },
        "2022-04": {
            "month": "2022-04",
            "price": "99.24",
            "revenue": 337102
        },
        "2022-05": {
            "month": "2022-05",
            "price": "99.75",
            "revenue": 350708
        },
        "2022-06": {
            "month": "2022-06",
            "price": "112.07",
            "revenue": 352641
        },
        "2022-07": {
            "month": "2022-07",
            "price": "108.60",
            "revenue": 372572
        },
        "2022-08": {
            "month": "2022-08",
            "price": "116.74",
            "revenue": 416873
        },
        "2022-09": {
            "month": "2022-09",
            "price": "133.19",
            "revenue": 406194
        },
        "2022-10": {
            "month": "2022-10",
            "price": "117.98",
            "revenue": 412447
        },
        "2022-11": {
            "month": "2022-11",
            "price": "143.09",
            "revenue": 415632
        },
        "2022-12": {
            "month": "2022-12",
            "price": "175.07",
            "revenue": 401564
        },
        "2023-01": {
            "month": "2023-01",
            "price": "246.58",
            "revenue": 431757
        },
        "2023-02": {
            "month": "2023-02",
            "price": "299.56",
            "revenue": 458932
        },
        "2023-03": {
            "month": "2023-03",
            "price": "323.11",
            "revenue": 670178
        },
        "2023-04": {
            "month": "2023-04",
            "price": "441.47",
            "revenue": 756503
        },
        "2023-05": {
            "month": "2023-05",
            "price": "543.32",
            "revenue": 772555
        },
        "2023-06": {
            "month": "2023-06",
            "price": "534.25",
            "revenue": 837624
        },
        "2023-07": {
            "month": "2023-07",
            "price": "764.52",
            "revenue": 921801
        },
        "2023-08": {
            "month": "2023-08",
            "price": "824.82",
            "revenue": 1122987
        },
        "2023-09": {
            "month": "2023-09",
            "price": "1083.60",
            "revenue": 1216530
        },
        "2023-10": {
            "month": "2023-10",
            "price": "1134.65",
            "revenue": 1241760
        },
        "2023-11": {
            "month": "2023-11",
            "price": "940.55",
            "revenue": 1244175
        },
        "2023-12": {
            "month": "2023-12",
            "price": "811.57",
            "revenue": 1350840
        },
        "2024-01": {
            "month": "2024-01",
            "price": "843.09",
            "revenue": 1281484
        },
        "2024-02": {
            "month": "2024-02",
            "price": "878.77",
            "revenue": 929559
        }
    }
}
