{
    "summary": {
        "stock_name": "VHQ-KY",
        "stock_id": "4803",
        "category": "文化創意",
        "main_business": "電視廣告、電影、動漫等多媒體創意、後製及特效等相關服務。",
        "website_url": "https://cn.investor.vhqmedia.com/",
        "ceo": "劉國華",
        "pe_ratio": -0,
        "report_year_from": 2015,
        "report_year_to": 2021,
        "age": 9,
        "eps_negative_percentage": 33,
        "eps_growth_avg": {
            "last_all": -8.49,
            "last_2y": -57.82,
            "last_4y": -8.49,
            "last_8y": null,
            "last_12y": null,
            "last_16y": null,
            "last_20y": null,
            "at_2006_last_3y": null,
            "at_2007_last_3y": null,
            "at_2008_last_3y": null,
            "at_2009_last_3y": null,
            "at_2010_last_3y": null,
            "at_2011_last_3y": null,
            "at_2012_last_3y": null,
            "at_2013_last_3y": null,
            "at_2014_last_3y": null,
            "at_2015_last_3y": null,
            "at_2016_last_3y": null,
            "at_2017_last_3y": null,
            "at_2018_last_3y": null,
            "at_2019_last_3y": null,
            "at_2020_last_3y": -8.49,
            "at_2021_last_3y": -25.84,
            "at_2022_last_3y": -25.84,
            "at_2023_last_3y": -25.84,
            "at_2024_last_3y": -25.84,
            "at_2006_last_all": null,
            "at_2007_last_all": null,
            "at_2008_last_all": null,
            "at_2009_last_all": null,
            "at_2010_last_all": null,
            "at_2011_last_all": null,
            "at_2012_last_all": null,
            "at_2013_last_all": null,
            "at_2014_last_all": null,
            "at_2015_last_all": null,
            "at_2016_last_all": null,
            "at_2017_last_all": null,
            "at_2018_last_all": 40.84,
            "at_2019_last_all": 22.02,
            "at_2020_last_all": -8.49,
            "at_2021_last_all": -8.49,
            "at_2022_last_all": -8.49,
            "at_2023_last_all": -8.49,
            "at_2024_last_all": -8.49
        },
        "latest_eps": -19.22,
        "latest_price": 3.6,
        "latest_roe": -191.04,
        "latest_gross_margin": 11.82,
        "latest_equity": 22274,
        "latest_revenue": 240468,
        "latest_gross_profit": 28428,
        "latest_net_income": -213318,
        "latest_debt_ratio": 99.23,
        "latest_current_ratio": 85.48,
        "latest_account_receivable_turnover_ratio": 1.02,
        "latest_inventory_turnover_ratio": null,
        "latest_reinvestment_rate": null,
        "latest_research_to_sale_ratio": null
    },
    "eps_dividends": {
        "2001": {
            "cash": 0,
            "stock": 0,
            "eps": 0
        },
        "2002": {
            "cash": 0,
            "stock": 0,
            "eps": 0
        },
        "2003": {
            "cash": 0,
            "stock": 0,
            "eps": 0
        },
        "2004": {
            "cash": 0,
            "stock": 0,
            "eps": 0
        },
        "2005": {
            "cash": 0,
            "stock": 0,
            "eps": 0
        },
        "2006": {
            "cash": 0,
            "stock": 0,
            "eps": 0
        },
        "2007": {
            "cash": 0,
            "stock": 0,
            "eps": 0
        },
        "2008": {
            "cash": 0,
            "stock": 0,
            "eps": 0
        },
        "2009": {
            "cash": 0,
            "stock": 0,
            "eps": 0
        },
        "2010": {
            "cash": 0,
            "stock": 0,
            "eps": 0
        },
        "2011": {
            "cash": 0,
            "stock": 0,
            "eps": 0
        },
        "2012": {
            "cash": 0,
            "stock": 0,
            "eps": 0
        },
        "2013": {
            "cash": 0,
            "stock": 0,
            "eps": 0
        },
        "2014": {
            "cash": 0,
            "stock": 0,
            "eps": 0
        },
        "2015": {
            "cash": 0,
            "stock": 0,
            "eps": 0
        },
        "2016": {
            "cash": 1,
            "stock": 0,
            "eps": 7
        },
        "2017": {
            "cash": 2,
            "stock": 0,
            "eps": 10.05
        },
        "2018": {
            "cash": 3.3,
            "stock": 0,
            "eps": 13.88
        },
        "2019": {
            "cash": 7,
            "stock": 0,
            "eps": 11.71
        },
        "2020": {
            "cash": 0.6,
            "stock": 5,
            "eps": -29.13
        },
        "2021": {
            "cash": 0,
            "stock": 0,
            "eps": -12.49
        }
    },
    "dividends": {
        "2016-09-06": {
            "cash": 1,
            "stock": 0
        },
        "2017-08-25": {
            "cash": 2,
            "stock": 0
        },
        "2018-09-03": {
            "cash": 3.3,
            "stock": 0
        },
        "2019-09-30": {
            "cash": 7,
            "stock": 0
        },
        "2020-11-26": {
            "cash": 0.6,
            "stock": 5
        }
    },
    "prices": {
        "200101": "無",
        "200102": "無",
        "200103": "無",
        "200104": "無",
        "200105": "無",
        "200106": "無",
        "200107": "無",
        "200108": "無",
        "200109": "無",
        "200110": "無",
        "200111": "無",
        "200112": "無",
        "200201": "無",
        "200202": "無",
        "200203": "無",
        "200204": "無",
        "200205": "無",
        "200206": "無",
        "200207": "無",
        "200208": "無",
        "200209": "無",
        "200210": "無",
        "200211": "無",
        "200212": "無",
        "200301": "無",
        "200302": "無",
        "200303": "無",
        "200304": "無",
        "200305": "無",
        "200306": "無",
        "200307": "無",
        "200308": "無",
        "200309": "無",
        "200310": "無",
        "200311": "無",
        "200312": "無",
        "200401": "無",
        "200402": "無",
        "200403": "無",
        "200404": "無",
        "200405": "無",
        "200406": "無",
        "200407": "無",
        "200408": "無",
        "200409": "無",
        "200410": "無",
        "200411": "無",
        "200412": "無",
        "200501": "無",
        "200502": "無",
        "200503": "無",
        "200504": "無",
        "200505": "無",
        "200506": "無",
        "200507": "無",
        "200508": "無",
        "200509": "無",
        "200510": "無",
        "200511": "無",
        "200512": "無",
        "200601": "無",
        "200602": "無",
        "200603": "無",
        "200604": "無",
        "200605": "無",
        "200606": "無",
        "200607": "無",
        "200608": "無",
        "200609": "無",
        "200610": "無",
        "200611": "無",
        "200612": "無",
        "200701": "無",
        "200702": "無",
        "200703": "無",
        "200704": "無",
        "200705": "無",
        "200706": "無",
        "200707": "無",
        "200708": "無",
        "200709": "無",
        "200710": "無",
        "200711": "無",
        "200712": "無",
        "200801": "無",
        "200802": "無",
        "200803": "無",
        "200804": "無",
        "200805": "無",
        "200806": "無",
        "200807": "無",
        "200808": "無",
        "200809": "無",
        "200810": "無",
        "200811": "無",
        "200812": "無",
        "200901": "無",
        "200902": "無",
        "200903": "無",
        "200904": "無",
        "200905": "無",
        "200906": "無",
        "200907": "無",
        "200908": "無",
        "200909": "無",
        "200910": "無",
        "200911": "無",
        "200912": "無",
        "201001": "無",
        "201002": "無",
        "201003": "無",
        "201004": "無",
        "201005": "無",
        "201006": "無",
        "201007": "無",
        "201008": "無",
        "201009": "無",
        "201010": "無",
        "201011": "無",
        "201012": "無",
        "201101": "無",
        "201102": "無",
        "201103": "無",
        "201104": "無",
        "201105": "無",
        "201106": "無",
        "201107": "無",
        "201108": "無",
        "201109": "無",
        "201110": "無",
        "201111": "無",
        "201112": "無",
        "201201": "無",
        "201202": "無",
        "201203": "無",
        "201204": "無",
        "201205": "無",
        "201206": "無",
        "201207": "無",
        "201208": "無",
        "201209": "無",
        "201210": "無",
        "201211": "無",
        "201212": "無",
        "201301": "無",
        "201302": "無",
        "201303": "無",
        "201304": "無",
        "201305": "無",
        "201306": "無",
        "201307": "無",
        "201308": "無",
        "201309": "無",
        "201310": "無",
        "201311": "無",
        "201312": "無",
        "201401": "無",
        "201402": "無",
        "201403": "無",
        "201404": "無",
        "201405": "無",
        "201406": "無",
        "201407": "無",
        "201408": "無",
        "201409": "無",
        "201410": "無",
        "201411": "無",
        "201412": "無",
        "201501": "無",
        "201502": "無",
        "201503": "無",
        "201504": "無",
        "201505": "無",
        "201506": "無",
        "201507": "無",
        "201508": "無",
        "201509": "無",
        "201510": "無",
        "201511": "無",
        "201512": "157.83",
        "201601": "121.57",
        "201602": "139.85",
        "201603": "161.48",
        "201604": "169.37",
        "201605": "173.21",
        "201606": "163.52",
        "201607": "153.05",
        "201608": "147.24",
        "201609": "174.03",
        "201610": "197.85",
        "201611": "184.68",
        "201612": "175.43",
        "201701": "168.84",
        "201702": "163.58",
        "201703": "167.09",
        "201704": "175.47",
        "201705": "170.25",
        "201706": "153.74",
        "201707": "145.26",
        "201708": "139.59",
        "201709": "141.93",
        "201710": "139.89",
        "201711": "145.41",
        "201712": "163.10",
        "201801": "175.95",
        "201802": "167.42",
        "201803": "166.87",
        "201804": "196.97",
        "201805": "209.93",
        "201806": "168.32",
        "201807": "162.70",
        "201808": "153.78",
        "201809": "163.37",
        "201810": "123.78",
        "201811": "118.09",
        "201812": "141.48",
        "201901": "159.60",
        "201902": "167.31",
        "201903": "168.98",
        "201904": "137.52",
        "201905": "128.32",
        "201906": "131.03",
        "201907": "137.98",
        "201908": "137.19",
        "201909": "121.97",
        "201910": "119.98",
        "201911": "119.93",
        "201912": "109.23",
        "202001": "111.03",
        "202002": "92.20",
        "202003": "77.81",
        "202004": "79.84",
        "202005": "76.46",
        "202006": "72.68",
        "202007": "65.38",
        "202008": "55.11",
        "202009": "54.50",
        "202010": "58.96",
        "202011": "40.30",
        "202012": "37.48",
        "202101": "37.12",
        "202102": "37.12",
        "202103": "38.56",
        "202104": "39.46",
        "202105": "30.06",
        "202106": "29.92",
        "202107": "27.60",
        "202108": "18.40",
        "202109": "11.34",
        "202110": "12.54",
        "202111": "8.04",
        "202112": "2.84",
        "202201": "無",
        "202202": "無",
        "202203": "無",
        "202204": "無",
        "202205": "無",
        "202206": "無",
        "202207": "無",
        "202208": "無",
        "202209": "無",
        "202210": "無",
        "202211": "無",
        "202212": "無",
        "202301": "無",
        "202302": "無",
        "202303": "無",
        "202304": "無",
        "202305": "無",
        "202306": "無",
        "202307": "無",
        "202308": "無",
        "202309": "無",
        "202310": "無",
        "202311": "無",
        "202312": "無"
    },
    "quarters": {
        "20011": {
            "year_quarter": 20011,
            "year": 2001,
            "quarter": 1,
            "eps": null,
            "eps_growth_year": null,
            "eps_4q": null,
            "eps_4q_growth_year": null,
            "roe": null,
            "roe_4q": 0,
            "gross_profit": null,
            "gross_margin": null,
            "gross_margin_4q_avg": 0,
            "net_income": null,
            "net_income_4q": null,
            "revenue": null,
            "revenue_4q": null,
            "common_shares": null,
            "book_valuer_per_share": null,
            "book_valuer_per_share_4q_avg": 0,
            "equity": null,
            "current_ratio": null,
            "debt_ratio": null,
            "inventory_turnover_ratio": null,
            "account_receivable_turnover_ratio": null,
            "reinvestment_rate": null,
            "research_to_sale_ratio": null,
            "price_fair": 0,
            "eps_avg_yearly": 0,
            "eps_latest_yearly": 0,
            "eps_growth_yearly": 0
        },
        "20012": {
            "year_quarter": 20012,
            "year": 2001,
            "quarter": 2,
            "eps": null,
            "eps_growth_year": null,
            "eps_4q": null,
            "eps_4q_growth_year": null,
            "roe": null,
            "roe_4q": 0,
            "gross_profit": null,
            "gross_margin": null,
            "gross_margin_4q_avg": 0,
            "net_income": null,
            "net_income_4q": null,
            "revenue": null,
            "revenue_4q": null,
            "common_shares": null,
            "book_valuer_per_share": null,
            "book_valuer_per_share_4q_avg": 0,
            "equity": null,
            "current_ratio": null,
            "debt_ratio": null,
            "inventory_turnover_ratio": null,
            "account_receivable_turnover_ratio": null,
            "reinvestment_rate": null,
            "research_to_sale_ratio": null,
            "price_fair": 0,
            "eps_avg_yearly": 0,
            "eps_latest_yearly": 0,
            "eps_growth_yearly": 0
        },
        "20013": {
            "year_quarter": 20013,
            "year": 2001,
            "quarter": 3,
            "eps": null,
            "eps_growth_year": null,
            "eps_4q": null,
            "eps_4q_growth_year": null,
            "roe": null,
            "roe_4q": 0,
            "gross_profit": null,
            "gross_margin": null,
            "gross_margin_4q_avg": 0,
            "net_income": null,
            "net_income_4q": null,
            "revenue": null,
            "revenue_4q": null,
            "common_shares": null,
            "book_valuer_per_share": null,
            "book_valuer_per_share_4q_avg": 0,
            "equity": null,
            "current_ratio": null,
            "debt_ratio": null,
            "inventory_turnover_ratio": null,
            "account_receivable_turnover_ratio": null,
            "reinvestment_rate": null,
            "research_to_sale_ratio": null,
            "price_fair": 0,
            "eps_avg_yearly": 0,
            "eps_latest_yearly": 0,
            "eps_growth_yearly": 0
        },
        "20014": {
            "year_quarter": 20014,
            "year": 2001,
            "quarter": 4,
            "eps": null,
            "eps_growth_year": null,
            "eps_4q": null,
            "eps_4q_growth_year": null,
            "roe": null,
            "roe_4q": 0,
            "gross_profit": null,
            "gross_margin": null,
            "gross_margin_4q_avg": 0,
            "net_income": null,
            "net_income_4q": null,
            "revenue": null,
            "revenue_4q": null,
            "common_shares": null,
            "book_valuer_per_share": null,
            "book_valuer_per_share_4q_avg": 0,
            "equity": null,
            "current_ratio": null,
            "debt_ratio": null,
            "inventory_turnover_ratio": null,
            "account_receivable_turnover_ratio": null,
            "reinvestment_rate": null,
            "research_to_sale_ratio": null,
            "price_fair": 0,
            "eps_avg_yearly": 0,
            "eps_latest_yearly": 0,
            "eps_growth_yearly": 0
        },
        "20021": {
            "year_quarter": 20021,
            "year": 2002,
            "quarter": 1,
            "eps": null,
            "eps_growth_year": null,
            "eps_4q": null,
            "eps_4q_growth_year": null,
            "roe": null,
            "roe_4q": 0,
            "gross_profit": null,
            "gross_margin": null,
            "gross_margin_4q_avg": 0,
            "net_income": null,
            "net_income_4q": null,
            "revenue": null,
            "revenue_4q": null,
            "common_shares": null,
            "book_valuer_per_share": null,
            "book_valuer_per_share_4q_avg": 0,
            "equity": null,
            "current_ratio": null,
            "debt_ratio": null,
            "inventory_turnover_ratio": null,
            "account_receivable_turnover_ratio": null,
            "reinvestment_rate": null,
            "research_to_sale_ratio": null,
            "price_fair": 0,
            "eps_avg_yearly": 0,
            "eps_latest_yearly": 0,
            "eps_growth_yearly": 0
        },
        "20022": {
            "year_quarter": 20022,
            "year": 2002,
            "quarter": 2,
            "eps": null,
            "eps_growth_year": null,
            "eps_4q": null,
            "eps_4q_growth_year": null,
            "roe": null,
            "roe_4q": 0,
            "gross_profit": null,
            "gross_margin": null,
            "gross_margin_4q_avg": 0,
            "net_income": null,
            "net_income_4q": null,
            "revenue": null,
            "revenue_4q": null,
            "common_shares": null,
            "book_valuer_per_share": null,
            "book_valuer_per_share_4q_avg": 0,
            "equity": null,
            "current_ratio": null,
            "debt_ratio": null,
            "inventory_turnover_ratio": null,
            "account_receivable_turnover_ratio": null,
            "reinvestment_rate": null,
            "research_to_sale_ratio": null,
            "price_fair": 0,
            "eps_avg_yearly": 0,
            "eps_latest_yearly": 0,
            "eps_growth_yearly": 0
        },
        "20023": {
            "year_quarter": 20023,
            "year": 2002,
            "quarter": 3,
            "eps": null,
            "eps_growth_year": null,
            "eps_4q": null,
            "eps_4q_growth_year": null,
            "roe": null,
            "roe_4q": 0,
            "gross_profit": null,
            "gross_margin": null,
            "gross_margin_4q_avg": 0,
            "net_income": null,
            "net_income_4q": null,
            "revenue": null,
            "revenue_4q": null,
            "common_shares": null,
            "book_valuer_per_share": null,
            "book_valuer_per_share_4q_avg": 0,
            "equity": null,
            "current_ratio": null,
            "debt_ratio": null,
            "inventory_turnover_ratio": null,
            "account_receivable_turnover_ratio": null,
            "reinvestment_rate": null,
            "research_to_sale_ratio": null,
            "price_fair": 0,
            "eps_avg_yearly": 0,
            "eps_latest_yearly": 0,
            "eps_growth_yearly": 0
        },
        "20024": {
            "year_quarter": 20024,
            "year": 2002,
            "quarter": 4,
            "eps": null,
            "eps_growth_year": null,
            "eps_4q": null,
            "eps_4q_growth_year": null,
            "roe": null,
            "roe_4q": 0,
            "gross_profit": null,
            "gross_margin": null,
            "gross_margin_4q_avg": 0,
            "net_income": null,
            "net_income_4q": null,
            "revenue": null,
            "revenue_4q": null,
            "common_shares": null,
            "book_valuer_per_share": null,
            "book_valuer_per_share_4q_avg": 0,
            "equity": null,
            "current_ratio": null,
            "debt_ratio": null,
            "inventory_turnover_ratio": null,
            "account_receivable_turnover_ratio": null,
            "reinvestment_rate": null,
            "research_to_sale_ratio": null,
            "price_fair": 0,
            "eps_avg_yearly": 0,
            "eps_latest_yearly": 0,
            "eps_growth_yearly": 0
        },
        "20031": {
            "year_quarter": 20031,
            "year": 2003,
            "quarter": 1,
            "eps": null,
            "eps_growth_year": null,
            "eps_4q": null,
            "eps_4q_growth_year": null,
            "roe": null,
            "roe_4q": 0,
            "gross_profit": null,
            "gross_margin": null,
            "gross_margin_4q_avg": 0,
            "net_income": null,
            "net_income_4q": null,
            "revenue": null,
            "revenue_4q": null,
            "common_shares": null,
            "book_valuer_per_share": null,
            "book_valuer_per_share_4q_avg": 0,
            "equity": null,
            "current_ratio": null,
            "debt_ratio": null,
            "inventory_turnover_ratio": null,
            "account_receivable_turnover_ratio": null,
            "reinvestment_rate": null,
            "research_to_sale_ratio": null,
            "price_fair": 0,
            "eps_avg_yearly": 0,
            "eps_latest_yearly": 0,
            "eps_growth_yearly": 0
        },
        "20032": {
            "year_quarter": 20032,
            "year": 2003,
            "quarter": 2,
            "eps": null,
            "eps_growth_year": null,
            "eps_4q": null,
            "eps_4q_growth_year": null,
            "roe": null,
            "roe_4q": 0,
            "gross_profit": null,
            "gross_margin": null,
            "gross_margin_4q_avg": 0,
            "net_income": null,
            "net_income_4q": null,
            "revenue": null,
            "revenue_4q": null,
            "common_shares": null,
            "book_valuer_per_share": null,
            "book_valuer_per_share_4q_avg": 0,
            "equity": null,
            "current_ratio": null,
            "debt_ratio": null,
            "inventory_turnover_ratio": null,
            "account_receivable_turnover_ratio": null,
            "reinvestment_rate": null,
            "research_to_sale_ratio": null,
            "price_fair": 0,
            "eps_avg_yearly": 0,
            "eps_latest_yearly": 0,
            "eps_growth_yearly": 0
        },
        "20033": {
            "year_quarter": 20033,
            "year": 2003,
            "quarter": 3,
            "eps": null,
            "eps_growth_year": null,
            "eps_4q": null,
            "eps_4q_growth_year": null,
            "roe": null,
            "roe_4q": 0,
            "gross_profit": null,
            "gross_margin": null,
            "gross_margin_4q_avg": 0,
            "net_income": null,
            "net_income_4q": null,
            "revenue": null,
            "revenue_4q": null,
            "common_shares": null,
            "book_valuer_per_share": null,
            "book_valuer_per_share_4q_avg": 0,
            "equity": null,
            "current_ratio": null,
            "debt_ratio": null,
            "inventory_turnover_ratio": null,
            "account_receivable_turnover_ratio": null,
            "reinvestment_rate": null,
            "research_to_sale_ratio": null,
            "price_fair": 0,
            "eps_avg_yearly": 0,
            "eps_latest_yearly": 0,
            "eps_growth_yearly": 0
        },
        "20034": {
            "year_quarter": 20034,
            "year": 2003,
            "quarter": 4,
            "eps": null,
            "eps_growth_year": null,
            "eps_4q": null,
            "eps_4q_growth_year": null,
            "roe": null,
            "roe_4q": 0,
            "gross_profit": null,
            "gross_margin": null,
            "gross_margin_4q_avg": 0,
            "net_income": null,
            "net_income_4q": null,
            "revenue": null,
            "revenue_4q": null,
            "common_shares": null,
            "book_valuer_per_share": null,
            "book_valuer_per_share_4q_avg": 0,
            "equity": null,
            "current_ratio": null,
            "debt_ratio": null,
            "inventory_turnover_ratio": null,
            "account_receivable_turnover_ratio": null,
            "reinvestment_rate": null,
            "research_to_sale_ratio": null,
            "price_fair": 0,
            "eps_avg_yearly": 0,
            "eps_latest_yearly": 0,
            "eps_growth_yearly": 0
        },
        "20041": {
            "year_quarter": 20041,
            "year": 2004,
            "quarter": 1,
            "eps": null,
            "eps_growth_year": null,
            "eps_4q": null,
            "eps_4q_growth_year": null,
            "roe": null,
            "roe_4q": 0,
            "gross_profit": null,
            "gross_margin": null,
            "gross_margin_4q_avg": 0,
            "net_income": null,
            "net_income_4q": null,
            "revenue": null,
            "revenue_4q": null,
            "common_shares": null,
            "book_valuer_per_share": null,
            "book_valuer_per_share_4q_avg": 0,
            "equity": null,
            "current_ratio": null,
            "debt_ratio": null,
            "inventory_turnover_ratio": null,
            "account_receivable_turnover_ratio": null,
            "reinvestment_rate": null,
            "research_to_sale_ratio": null,
            "price_fair": 0,
            "eps_avg_yearly": 0,
            "eps_latest_yearly": 0,
            "eps_growth_yearly": 0
        },
        "20042": {
            "year_quarter": 20042,
            "year": 2004,
            "quarter": 2,
            "eps": null,
            "eps_growth_year": null,
            "eps_4q": null,
            "eps_4q_growth_year": null,
            "roe": null,
            "roe_4q": 0,
            "gross_profit": null,
            "gross_margin": null,
            "gross_margin_4q_avg": 0,
            "net_income": null,
            "net_income_4q": null,
            "revenue": null,
            "revenue_4q": null,
            "common_shares": null,
            "book_valuer_per_share": null,
            "book_valuer_per_share_4q_avg": 0,
            "equity": null,
            "current_ratio": null,
            "debt_ratio": null,
            "inventory_turnover_ratio": null,
            "account_receivable_turnover_ratio": null,
            "reinvestment_rate": null,
            "research_to_sale_ratio": null,
            "price_fair": 0,
            "eps_avg_yearly": 0,
            "eps_latest_yearly": 0,
            "eps_growth_yearly": 0
        },
        "20043": {
            "year_quarter": 20043,
            "year": 2004,
            "quarter": 3,
            "eps": null,
            "eps_growth_year": null,
            "eps_4q": null,
            "eps_4q_growth_year": null,
            "roe": null,
            "roe_4q": 0,
            "gross_profit": null,
            "gross_margin": null,
            "gross_margin_4q_avg": 0,
            "net_income": null,
            "net_income_4q": null,
            "revenue": null,
            "revenue_4q": null,
            "common_shares": null,
            "book_valuer_per_share": null,
            "book_valuer_per_share_4q_avg": 0,
            "equity": null,
            "current_ratio": null,
            "debt_ratio": null,
            "inventory_turnover_ratio": null,
            "account_receivable_turnover_ratio": null,
            "reinvestment_rate": null,
            "research_to_sale_ratio": null,
            "price_fair": 0,
            "eps_avg_yearly": 0,
            "eps_latest_yearly": 0,
            "eps_growth_yearly": 0
        },
        "20044": {
            "year_quarter": 20044,
            "year": 2004,
            "quarter": 4,
            "eps": null,
            "eps_growth_year": null,
            "eps_4q": null,
            "eps_4q_growth_year": null,
            "roe": null,
            "roe_4q": 0,
            "gross_profit": null,
            "gross_margin": null,
            "gross_margin_4q_avg": 0,
            "net_income": null,
            "net_income_4q": null,
            "revenue": null,
            "revenue_4q": null,
            "common_shares": null,
            "book_valuer_per_share": null,
            "book_valuer_per_share_4q_avg": 0,
            "equity": null,
            "current_ratio": null,
            "debt_ratio": null,
            "inventory_turnover_ratio": null,
            "account_receivable_turnover_ratio": null,
            "reinvestment_rate": null,
            "research_to_sale_ratio": null,
            "price_fair": 0,
            "eps_avg_yearly": 0,
            "eps_latest_yearly": 0,
            "eps_growth_yearly": 0
        },
        "20051": {
            "year_quarter": 20051,
            "year": 2005,
            "quarter": 1,
            "eps": null,
            "eps_growth_year": null,
            "eps_4q": null,
            "eps_4q_growth_year": null,
            "roe": null,
            "roe_4q": 0,
            "gross_profit": null,
            "gross_margin": null,
            "gross_margin_4q_avg": 0,
            "net_income": null,
            "net_income_4q": null,
            "revenue": null,
            "revenue_4q": null,
            "common_shares": null,
            "book_valuer_per_share": null,
            "book_valuer_per_share_4q_avg": 0,
            "equity": null,
            "current_ratio": null,
            "debt_ratio": null,
            "inventory_turnover_ratio": null,
            "account_receivable_turnover_ratio": null,
            "reinvestment_rate": null,
            "research_to_sale_ratio": null,
            "price_fair": 0,
            "eps_avg_yearly": 0,
            "eps_latest_yearly": 0,
            "eps_growth_yearly": 0
        },
        "20052": {
            "year_quarter": 20052,
            "year": 2005,
            "quarter": 2,
            "eps": null,
            "eps_growth_year": null,
            "eps_4q": null,
            "eps_4q_growth_year": null,
            "roe": null,
            "roe_4q": 0,
            "gross_profit": null,
            "gross_margin": null,
            "gross_margin_4q_avg": 0,
            "net_income": null,
            "net_income_4q": null,
            "revenue": null,
            "revenue_4q": null,
            "common_shares": null,
            "book_valuer_per_share": null,
            "book_valuer_per_share_4q_avg": 0,
            "equity": null,
            "current_ratio": null,
            "debt_ratio": null,
            "inventory_turnover_ratio": null,
            "account_receivable_turnover_ratio": null,
            "reinvestment_rate": null,
            "research_to_sale_ratio": null,
            "price_fair": 0,
            "eps_avg_yearly": 0,
            "eps_latest_yearly": 0,
            "eps_growth_yearly": 0
        },
        "20053": {
            "year_quarter": 20053,
            "year": 2005,
            "quarter": 3,
            "eps": null,
            "eps_growth_year": null,
            "eps_4q": null,
            "eps_4q_growth_year": null,
            "roe": null,
            "roe_4q": 0,
            "gross_profit": null,
            "gross_margin": null,
            "gross_margin_4q_avg": 0,
            "net_income": null,
            "net_income_4q": null,
            "revenue": null,
            "revenue_4q": null,
            "common_shares": null,
            "book_valuer_per_share": null,
            "book_valuer_per_share_4q_avg": 0,
            "equity": null,
            "current_ratio": null,
            "debt_ratio": null,
            "inventory_turnover_ratio": null,
            "account_receivable_turnover_ratio": null,
            "reinvestment_rate": null,
            "research_to_sale_ratio": null,
            "price_fair": 0,
            "eps_avg_yearly": 0,
            "eps_latest_yearly": 0,
            "eps_growth_yearly": 0
        },
        "20054": {
            "year_quarter": 20054,
            "year": 2005,
            "quarter": 4,
            "eps": null,
            "eps_growth_year": null,
            "eps_4q": null,
            "eps_4q_growth_year": null,
            "roe": null,
            "roe_4q": 0,
            "gross_profit": null,
            "gross_margin": null,
            "gross_margin_4q_avg": 0,
            "net_income": null,
            "net_income_4q": null,
            "revenue": null,
            "revenue_4q": null,
            "common_shares": null,
            "book_valuer_per_share": null,
            "book_valuer_per_share_4q_avg": 0,
            "equity": null,
            "current_ratio": null,
            "debt_ratio": null,
            "inventory_turnover_ratio": null,
            "account_receivable_turnover_ratio": null,
            "reinvestment_rate": null,
            "research_to_sale_ratio": null,
            "price_fair": 0,
            "eps_avg_yearly": 0,
            "eps_latest_yearly": 0,
            "eps_growth_yearly": 0
        },
        "20061": {
            "year_quarter": 20061,
            "year": 2006,
            "quarter": 1,
            "eps": null,
            "eps_growth_year": null,
            "eps_4q": null,
            "eps_4q_growth_year": null,
            "roe": null,
            "roe_4q": 0,
            "gross_profit": null,
            "gross_margin": null,
            "gross_margin_4q_avg": 0,
            "net_income": null,
            "net_income_4q": null,
            "revenue": null,
            "revenue_4q": null,
            "common_shares": null,
            "book_valuer_per_share": null,
            "book_valuer_per_share_4q_avg": 0,
            "equity": null,
            "current_ratio": null,
            "debt_ratio": null,
            "inventory_turnover_ratio": null,
            "account_receivable_turnover_ratio": null,
            "reinvestment_rate": null,
            "research_to_sale_ratio": null,
            "price_fair": 0,
            "eps_avg_yearly": 0,
            "eps_latest_yearly": 0,
            "eps_growth_yearly": 0
        },
        "20062": {
            "year_quarter": 20062,
            "year": 2006,
            "quarter": 2,
            "eps": null,
            "eps_growth_year": null,
            "eps_4q": null,
            "eps_4q_growth_year": null,
            "roe": null,
            "roe_4q": 0,
            "gross_profit": null,
            "gross_margin": null,
            "gross_margin_4q_avg": 0,
            "net_income": null,
            "net_income_4q": null,
            "revenue": null,
            "revenue_4q": null,
            "common_shares": null,
            "book_valuer_per_share": null,
            "book_valuer_per_share_4q_avg": 0,
            "equity": null,
            "current_ratio": null,
            "debt_ratio": null,
            "inventory_turnover_ratio": null,
            "account_receivable_turnover_ratio": null,
            "reinvestment_rate": null,
            "research_to_sale_ratio": null,
            "price_fair": 0,
            "eps_avg_yearly": 0,
            "eps_latest_yearly": 0,
            "eps_growth_yearly": 0
        },
        "20063": {
            "year_quarter": 20063,
            "year": 2006,
            "quarter": 3,
            "eps": null,
            "eps_growth_year": null,
            "eps_4q": null,
            "eps_4q_growth_year": null,
            "roe": null,
            "roe_4q": 0,
            "gross_profit": null,
            "gross_margin": null,
            "gross_margin_4q_avg": 0,
            "net_income": null,
            "net_income_4q": null,
            "revenue": null,
            "revenue_4q": null,
            "common_shares": null,
            "book_valuer_per_share": null,
            "book_valuer_per_share_4q_avg": 0,
            "equity": null,
            "current_ratio": null,
            "debt_ratio": null,
            "inventory_turnover_ratio": null,
            "account_receivable_turnover_ratio": null,
            "reinvestment_rate": null,
            "research_to_sale_ratio": null,
            "price_fair": 0,
            "eps_avg_yearly": 0,
            "eps_latest_yearly": 0,
            "eps_growth_yearly": 0
        },
        "20064": {
            "year_quarter": 20064,
            "year": 2006,
            "quarter": 4,
            "eps": null,
            "eps_growth_year": null,
            "eps_4q": null,
            "eps_4q_growth_year": null,
            "roe": null,
            "roe_4q": 0,
            "gross_profit": null,
            "gross_margin": null,
            "gross_margin_4q_avg": 0,
            "net_income": null,
            "net_income_4q": null,
            "revenue": null,
            "revenue_4q": null,
            "common_shares": null,
            "book_valuer_per_share": null,
            "book_valuer_per_share_4q_avg": 0,
            "equity": null,
            "current_ratio": null,
            "debt_ratio": null,
            "inventory_turnover_ratio": null,
            "account_receivable_turnover_ratio": null,
            "reinvestment_rate": null,
            "research_to_sale_ratio": null,
            "price_fair": 0,
            "eps_avg_yearly": 0,
            "eps_latest_yearly": 0,
            "eps_growth_yearly": 0
        },
        "20071": {
            "year_quarter": 20071,
            "year": 2007,
            "quarter": 1,
            "eps": null,
            "eps_growth_year": null,
            "eps_4q": null,
            "eps_4q_growth_year": null,
            "roe": null,
            "roe_4q": 0,
            "gross_profit": null,
            "gross_margin": null,
            "gross_margin_4q_avg": 0,
            "net_income": null,
            "net_income_4q": null,
            "revenue": null,
            "revenue_4q": null,
            "common_shares": null,
            "book_valuer_per_share": null,
            "book_valuer_per_share_4q_avg": 0,
            "equity": null,
            "current_ratio": null,
            "debt_ratio": null,
            "inventory_turnover_ratio": null,
            "account_receivable_turnover_ratio": null,
            "reinvestment_rate": null,
            "research_to_sale_ratio": null,
            "price_fair": 0,
            "eps_avg_yearly": 0,
            "eps_latest_yearly": 0,
            "eps_growth_yearly": 0
        },
        "20072": {
            "year_quarter": 20072,
            "year": 2007,
            "quarter": 2,
            "eps": null,
            "eps_growth_year": null,
            "eps_4q": null,
            "eps_4q_growth_year": null,
            "roe": null,
            "roe_4q": 0,
            "gross_profit": null,
            "gross_margin": null,
            "gross_margin_4q_avg": 0,
            "net_income": null,
            "net_income_4q": null,
            "revenue": null,
            "revenue_4q": null,
            "common_shares": null,
            "book_valuer_per_share": null,
            "book_valuer_per_share_4q_avg": 0,
            "equity": null,
            "current_ratio": null,
            "debt_ratio": null,
            "inventory_turnover_ratio": null,
            "account_receivable_turnover_ratio": null,
            "reinvestment_rate": null,
            "research_to_sale_ratio": null,
            "price_fair": 0,
            "eps_avg_yearly": 0,
            "eps_latest_yearly": 0,
            "eps_growth_yearly": 0
        },
        "20073": {
            "year_quarter": 20073,
            "year": 2007,
            "quarter": 3,
            "eps": null,
            "eps_growth_year": null,
            "eps_4q": null,
            "eps_4q_growth_year": null,
            "roe": null,
            "roe_4q": 0,
            "gross_profit": null,
            "gross_margin": null,
            "gross_margin_4q_avg": 0,
            "net_income": null,
            "net_income_4q": null,
            "revenue": null,
            "revenue_4q": null,
            "common_shares": null,
            "book_valuer_per_share": null,
            "book_valuer_per_share_4q_avg": 0,
            "equity": null,
            "current_ratio": null,
            "debt_ratio": null,
            "inventory_turnover_ratio": null,
            "account_receivable_turnover_ratio": null,
            "reinvestment_rate": null,
            "research_to_sale_ratio": null,
            "price_fair": 0,
            "eps_avg_yearly": 0,
            "eps_latest_yearly": 0,
            "eps_growth_yearly": 0
        },
        "20074": {
            "year_quarter": 20074,
            "year": 2007,
            "quarter": 4,
            "eps": null,
            "eps_growth_year": null,
            "eps_4q": null,
            "eps_4q_growth_year": null,
            "roe": null,
            "roe_4q": 0,
            "gross_profit": null,
            "gross_margin": null,
            "gross_margin_4q_avg": 0,
            "net_income": null,
            "net_income_4q": null,
            "revenue": null,
            "revenue_4q": null,
            "common_shares": null,
            "book_valuer_per_share": null,
            "book_valuer_per_share_4q_avg": 0,
            "equity": null,
            "current_ratio": null,
            "debt_ratio": null,
            "inventory_turnover_ratio": null,
            "account_receivable_turnover_ratio": null,
            "reinvestment_rate": null,
            "research_to_sale_ratio": null,
            "price_fair": 0,
            "eps_avg_yearly": 0,
            "eps_latest_yearly": 0,
            "eps_growth_yearly": 0
        },
        "20081": {
            "year_quarter": 20081,
            "year": 2008,
            "quarter": 1,
            "eps": null,
            "eps_growth_year": null,
            "eps_4q": null,
            "eps_4q_growth_year": null,
            "roe": null,
            "roe_4q": 0,
            "gross_profit": null,
            "gross_margin": null,
            "gross_margin_4q_avg": 0,
            "net_income": null,
            "net_income_4q": null,
            "revenue": null,
            "revenue_4q": null,
            "common_shares": null,
            "book_valuer_per_share": null,
            "book_valuer_per_share_4q_avg": 0,
            "equity": null,
            "current_ratio": null,
            "debt_ratio": null,
            "inventory_turnover_ratio": null,
            "account_receivable_turnover_ratio": null,
            "reinvestment_rate": null,
            "research_to_sale_ratio": null,
            "price_fair": 0,
            "eps_avg_yearly": 0,
            "eps_latest_yearly": 0,
            "eps_growth_yearly": 0
        },
        "20082": {
            "year_quarter": 20082,
            "year": 2008,
            "quarter": 2,
            "eps": null,
            "eps_growth_year": null,
            "eps_4q": null,
            "eps_4q_growth_year": null,
            "roe": null,
            "roe_4q": 0,
            "gross_profit": null,
            "gross_margin": null,
            "gross_margin_4q_avg": 0,
            "net_income": null,
            "net_income_4q": null,
            "revenue": null,
            "revenue_4q": null,
            "common_shares": null,
            "book_valuer_per_share": null,
            "book_valuer_per_share_4q_avg": 0,
            "equity": null,
            "current_ratio": null,
            "debt_ratio": null,
            "inventory_turnover_ratio": null,
            "account_receivable_turnover_ratio": null,
            "reinvestment_rate": null,
            "research_to_sale_ratio": null,
            "price_fair": 0,
            "eps_avg_yearly": 0,
            "eps_latest_yearly": 0,
            "eps_growth_yearly": 0
        },
        "20083": {
            "year_quarter": 20083,
            "year": 2008,
            "quarter": 3,
            "eps": null,
            "eps_growth_year": null,
            "eps_4q": null,
            "eps_4q_growth_year": null,
            "roe": null,
            "roe_4q": 0,
            "gross_profit": null,
            "gross_margin": null,
            "gross_margin_4q_avg": 0,
            "net_income": null,
            "net_income_4q": null,
            "revenue": null,
            "revenue_4q": null,
            "common_shares": null,
            "book_valuer_per_share": null,
            "book_valuer_per_share_4q_avg": 0,
            "equity": null,
            "current_ratio": null,
            "debt_ratio": null,
            "inventory_turnover_ratio": null,
            "account_receivable_turnover_ratio": null,
            "reinvestment_rate": null,
            "research_to_sale_ratio": null,
            "price_fair": 0,
            "eps_avg_yearly": 0,
            "eps_latest_yearly": 0,
            "eps_growth_yearly": 0
        },
        "20084": {
            "year_quarter": 20084,
            "year": 2008,
            "quarter": 4,
            "eps": null,
            "eps_growth_year": null,
            "eps_4q": null,
            "eps_4q_growth_year": null,
            "roe": null,
            "roe_4q": 0,
            "gross_profit": null,
            "gross_margin": null,
            "gross_margin_4q_avg": 0,
            "net_income": null,
            "net_income_4q": null,
            "revenue": null,
            "revenue_4q": null,
            "common_shares": null,
            "book_valuer_per_share": null,
            "book_valuer_per_share_4q_avg": 0,
            "equity": null,
            "current_ratio": null,
            "debt_ratio": null,
            "inventory_turnover_ratio": null,
            "account_receivable_turnover_ratio": null,
            "reinvestment_rate": null,
            "research_to_sale_ratio": null,
            "price_fair": 0,
            "eps_avg_yearly": 0,
            "eps_latest_yearly": 0,
            "eps_growth_yearly": 0
        },
        "20091": {
            "year_quarter": 20091,
            "year": 2009,
            "quarter": 1,
            "eps": null,
            "eps_growth_year": null,
            "eps_4q": null,
            "eps_4q_growth_year": null,
            "roe": null,
            "roe_4q": 0,
            "gross_profit": null,
            "gross_margin": null,
            "gross_margin_4q_avg": 0,
            "net_income": null,
            "net_income_4q": null,
            "revenue": null,
            "revenue_4q": null,
            "common_shares": null,
            "book_valuer_per_share": null,
            "book_valuer_per_share_4q_avg": 0,
            "equity": null,
            "current_ratio": null,
            "debt_ratio": null,
            "inventory_turnover_ratio": null,
            "account_receivable_turnover_ratio": null,
            "reinvestment_rate": null,
            "research_to_sale_ratio": null,
            "price_fair": 0,
            "eps_avg_yearly": 0,
            "eps_latest_yearly": 0,
            "eps_growth_yearly": 0
        },
        "20092": {
            "year_quarter": 20092,
            "year": 2009,
            "quarter": 2,
            "eps": null,
            "eps_growth_year": null,
            "eps_4q": null,
            "eps_4q_growth_year": null,
            "roe": null,
            "roe_4q": 0,
            "gross_profit": null,
            "gross_margin": null,
            "gross_margin_4q_avg": 0,
            "net_income": null,
            "net_income_4q": null,
            "revenue": null,
            "revenue_4q": null,
            "common_shares": null,
            "book_valuer_per_share": null,
            "book_valuer_per_share_4q_avg": 0,
            "equity": null,
            "current_ratio": null,
            "debt_ratio": null,
            "inventory_turnover_ratio": null,
            "account_receivable_turnover_ratio": null,
            "reinvestment_rate": null,
            "research_to_sale_ratio": null,
            "price_fair": 0,
            "eps_avg_yearly": 0,
            "eps_latest_yearly": 0,
            "eps_growth_yearly": 0
        },
        "20093": {
            "year_quarter": 20093,
            "year": 2009,
            "quarter": 3,
            "eps": null,
            "eps_growth_year": null,
            "eps_4q": null,
            "eps_4q_growth_year": null,
            "roe": null,
            "roe_4q": 0,
            "gross_profit": null,
            "gross_margin": null,
            "gross_margin_4q_avg": 0,
            "net_income": null,
            "net_income_4q": null,
            "revenue": null,
            "revenue_4q": null,
            "common_shares": null,
            "book_valuer_per_share": null,
            "book_valuer_per_share_4q_avg": 0,
            "equity": null,
            "current_ratio": null,
            "debt_ratio": null,
            "inventory_turnover_ratio": null,
            "account_receivable_turnover_ratio": null,
            "reinvestment_rate": null,
            "research_to_sale_ratio": null,
            "price_fair": 0,
            "eps_avg_yearly": 0,
            "eps_latest_yearly": 0,
            "eps_growth_yearly": 0
        },
        "20094": {
            "year_quarter": 20094,
            "year": 2009,
            "quarter": 4,
            "eps": null,
            "eps_growth_year": null,
            "eps_4q": null,
            "eps_4q_growth_year": null,
            "roe": null,
            "roe_4q": 0,
            "gross_profit": null,
            "gross_margin": null,
            "gross_margin_4q_avg": 0,
            "net_income": null,
            "net_income_4q": null,
            "revenue": null,
            "revenue_4q": null,
            "common_shares": null,
            "book_valuer_per_share": null,
            "book_valuer_per_share_4q_avg": 0,
            "equity": null,
            "current_ratio": null,
            "debt_ratio": null,
            "inventory_turnover_ratio": null,
            "account_receivable_turnover_ratio": null,
            "reinvestment_rate": null,
            "research_to_sale_ratio": null,
            "price_fair": 0,
            "eps_avg_yearly": 0,
            "eps_latest_yearly": 0,
            "eps_growth_yearly": 0
        },
        "20101": {
            "year_quarter": 20101,
            "year": 2010,
            "quarter": 1,
            "eps": null,
            "eps_growth_year": null,
            "eps_4q": null,
            "eps_4q_growth_year": null,
            "roe": null,
            "roe_4q": 0,
            "gross_profit": null,
            "gross_margin": null,
            "gross_margin_4q_avg": 0,
            "net_income": null,
            "net_income_4q": null,
            "revenue": null,
            "revenue_4q": null,
            "common_shares": null,
            "book_valuer_per_share": null,
            "book_valuer_per_share_4q_avg": 0,
            "equity": null,
            "current_ratio": null,
            "debt_ratio": null,
            "inventory_turnover_ratio": null,
            "account_receivable_turnover_ratio": null,
            "reinvestment_rate": null,
            "research_to_sale_ratio": null,
            "price_fair": 0,
            "eps_avg_yearly": 0,
            "eps_latest_yearly": 0,
            "eps_growth_yearly": 0
        },
        "20102": {
            "year_quarter": 20102,
            "year": 2010,
            "quarter": 2,
            "eps": null,
            "eps_growth_year": null,
            "eps_4q": null,
            "eps_4q_growth_year": null,
            "roe": null,
            "roe_4q": 0,
            "gross_profit": null,
            "gross_margin": null,
            "gross_margin_4q_avg": 0,
            "net_income": null,
            "net_income_4q": null,
            "revenue": null,
            "revenue_4q": null,
            "common_shares": null,
            "book_valuer_per_share": null,
            "book_valuer_per_share_4q_avg": 0,
            "equity": null,
            "current_ratio": null,
            "debt_ratio": null,
            "inventory_turnover_ratio": null,
            "account_receivable_turnover_ratio": null,
            "reinvestment_rate": null,
            "research_to_sale_ratio": null,
            "price_fair": 0,
            "eps_avg_yearly": 0,
            "eps_latest_yearly": 0,
            "eps_growth_yearly": 0
        },
        "20103": {
            "year_quarter": 20103,
            "year": 2010,
            "quarter": 3,
            "eps": null,
            "eps_growth_year": null,
            "eps_4q": null,
            "eps_4q_growth_year": null,
            "roe": null,
            "roe_4q": 0,
            "gross_profit": null,
            "gross_margin": null,
            "gross_margin_4q_avg": 0,
            "net_income": null,
            "net_income_4q": null,
            "revenue": null,
            "revenue_4q": null,
            "common_shares": null,
            "book_valuer_per_share": null,
            "book_valuer_per_share_4q_avg": 0,
            "equity": null,
            "current_ratio": null,
            "debt_ratio": null,
            "inventory_turnover_ratio": null,
            "account_receivable_turnover_ratio": null,
            "reinvestment_rate": null,
            "research_to_sale_ratio": null,
            "price_fair": 0,
            "eps_avg_yearly": 0,
            "eps_latest_yearly": 0,
            "eps_growth_yearly": 0
        },
        "20104": {
            "year_quarter": 20104,
            "year": 2010,
            "quarter": 4,
            "eps": null,
            "eps_growth_year": null,
            "eps_4q": null,
            "eps_4q_growth_year": null,
            "roe": null,
            "roe_4q": 0,
            "gross_profit": null,
            "gross_margin": null,
            "gross_margin_4q_avg": 0,
            "net_income": null,
            "net_income_4q": null,
            "revenue": null,
            "revenue_4q": null,
            "common_shares": null,
            "book_valuer_per_share": null,
            "book_valuer_per_share_4q_avg": 0,
            "equity": null,
            "current_ratio": null,
            "debt_ratio": null,
            "inventory_turnover_ratio": null,
            "account_receivable_turnover_ratio": null,
            "reinvestment_rate": null,
            "research_to_sale_ratio": null,
            "price_fair": 0,
            "eps_avg_yearly": 0,
            "eps_latest_yearly": 0,
            "eps_growth_yearly": 0
        },
        "20111": {
            "year_quarter": 20111,
            "year": 2011,
            "quarter": 1,
            "eps": null,
            "eps_growth_year": null,
            "eps_4q": null,
            "eps_4q_growth_year": null,
            "roe": null,
            "roe_4q": 0,
            "gross_profit": null,
            "gross_margin": null,
            "gross_margin_4q_avg": 0,
            "net_income": null,
            "net_income_4q": null,
            "revenue": null,
            "revenue_4q": null,
            "common_shares": null,
            "book_valuer_per_share": null,
            "book_valuer_per_share_4q_avg": 0,
            "equity": null,
            "current_ratio": null,
            "debt_ratio": null,
            "inventory_turnover_ratio": null,
            "account_receivable_turnover_ratio": null,
            "reinvestment_rate": null,
            "research_to_sale_ratio": null,
            "price_fair": 0,
            "eps_avg_yearly": 0,
            "eps_latest_yearly": 0,
            "eps_growth_yearly": 0
        },
        "20112": {
            "year_quarter": 20112,
            "year": 2011,
            "quarter": 2,
            "eps": null,
            "eps_growth_year": null,
            "eps_4q": null,
            "eps_4q_growth_year": null,
            "roe": null,
            "roe_4q": 0,
            "gross_profit": null,
            "gross_margin": null,
            "gross_margin_4q_avg": 0,
            "net_income": null,
            "net_income_4q": null,
            "revenue": null,
            "revenue_4q": null,
            "common_shares": null,
            "book_valuer_per_share": null,
            "book_valuer_per_share_4q_avg": 0,
            "equity": null,
            "current_ratio": null,
            "debt_ratio": null,
            "inventory_turnover_ratio": null,
            "account_receivable_turnover_ratio": null,
            "reinvestment_rate": null,
            "research_to_sale_ratio": null,
            "price_fair": 0,
            "eps_avg_yearly": 0,
            "eps_latest_yearly": 0,
            "eps_growth_yearly": 0
        },
        "20113": {
            "year_quarter": 20113,
            "year": 2011,
            "quarter": 3,
            "eps": null,
            "eps_growth_year": null,
            "eps_4q": null,
            "eps_4q_growth_year": null,
            "roe": null,
            "roe_4q": 0,
            "gross_profit": null,
            "gross_margin": null,
            "gross_margin_4q_avg": 0,
            "net_income": null,
            "net_income_4q": null,
            "revenue": null,
            "revenue_4q": null,
            "common_shares": null,
            "book_valuer_per_share": null,
            "book_valuer_per_share_4q_avg": 0,
            "equity": null,
            "current_ratio": null,
            "debt_ratio": null,
            "inventory_turnover_ratio": null,
            "account_receivable_turnover_ratio": null,
            "reinvestment_rate": null,
            "research_to_sale_ratio": null,
            "price_fair": 0,
            "eps_avg_yearly": 0,
            "eps_latest_yearly": 0,
            "eps_growth_yearly": 0
        },
        "20114": {
            "year_quarter": 20114,
            "year": 2011,
            "quarter": 4,
            "eps": null,
            "eps_growth_year": null,
            "eps_4q": null,
            "eps_4q_growth_year": null,
            "roe": null,
            "roe_4q": 0,
            "gross_profit": null,
            "gross_margin": null,
            "gross_margin_4q_avg": 0,
            "net_income": null,
            "net_income_4q": null,
            "revenue": null,
            "revenue_4q": null,
            "common_shares": null,
            "book_valuer_per_share": null,
            "book_valuer_per_share_4q_avg": 0,
            "equity": null,
            "current_ratio": null,
            "debt_ratio": null,
            "inventory_turnover_ratio": null,
            "account_receivable_turnover_ratio": null,
            "reinvestment_rate": null,
            "research_to_sale_ratio": null,
            "price_fair": 0,
            "eps_avg_yearly": 0,
            "eps_latest_yearly": 0,
            "eps_growth_yearly": 0
        },
        "20121": {
            "year_quarter": 20121,
            "year": 2012,
            "quarter": 1,
            "eps": null,
            "eps_growth_year": null,
            "eps_4q": null,
            "eps_4q_growth_year": null,
            "roe": null,
            "roe_4q": 0,
            "gross_profit": null,
            "gross_margin": null,
            "gross_margin_4q_avg": 0,
            "net_income": null,
            "net_income_4q": null,
            "revenue": null,
            "revenue_4q": null,
            "common_shares": null,
            "book_valuer_per_share": null,
            "book_valuer_per_share_4q_avg": 0,
            "equity": null,
            "current_ratio": null,
            "debt_ratio": null,
            "inventory_turnover_ratio": null,
            "account_receivable_turnover_ratio": null,
            "reinvestment_rate": null,
            "research_to_sale_ratio": null,
            "price_fair": 0,
            "eps_avg_yearly": 0,
            "eps_latest_yearly": 0,
            "eps_growth_yearly": 0
        },
        "20122": {
            "year_quarter": 20122,
            "year": 2012,
            "quarter": 2,
            "eps": null,
            "eps_growth_year": null,
            "eps_4q": null,
            "eps_4q_growth_year": null,
            "roe": null,
            "roe_4q": 0,
            "gross_profit": null,
            "gross_margin": null,
            "gross_margin_4q_avg": 0,
            "net_income": null,
            "net_income_4q": null,
            "revenue": null,
            "revenue_4q": null,
            "common_shares": null,
            "book_valuer_per_share": null,
            "book_valuer_per_share_4q_avg": 0,
            "equity": null,
            "current_ratio": null,
            "debt_ratio": null,
            "inventory_turnover_ratio": null,
            "account_receivable_turnover_ratio": null,
            "reinvestment_rate": null,
            "research_to_sale_ratio": null,
            "price_fair": 0,
            "eps_avg_yearly": 0,
            "eps_latest_yearly": 0,
            "eps_growth_yearly": 0
        },
        "20123": {
            "year_quarter": 20123,
            "year": 2012,
            "quarter": 3,
            "eps": null,
            "eps_growth_year": null,
            "eps_4q": null,
            "eps_4q_growth_year": null,
            "roe": null,
            "roe_4q": 0,
            "gross_profit": null,
            "gross_margin": null,
            "gross_margin_4q_avg": 0,
            "net_income": null,
            "net_income_4q": null,
            "revenue": null,
            "revenue_4q": null,
            "common_shares": null,
            "book_valuer_per_share": null,
            "book_valuer_per_share_4q_avg": 0,
            "equity": null,
            "current_ratio": null,
            "debt_ratio": null,
            "inventory_turnover_ratio": null,
            "account_receivable_turnover_ratio": null,
            "reinvestment_rate": null,
            "research_to_sale_ratio": null,
            "price_fair": 0,
            "eps_avg_yearly": 0,
            "eps_latest_yearly": 0,
            "eps_growth_yearly": 0
        },
        "20124": {
            "year_quarter": 20124,
            "year": 2012,
            "quarter": 4,
            "eps": null,
            "eps_growth_year": null,
            "eps_4q": null,
            "eps_4q_growth_year": null,
            "roe": null,
            "roe_4q": 0,
            "gross_profit": null,
            "gross_margin": null,
            "gross_margin_4q_avg": 0,
            "net_income": null,
            "net_income_4q": null,
            "revenue": null,
            "revenue_4q": null,
            "common_shares": null,
            "book_valuer_per_share": null,
            "book_valuer_per_share_4q_avg": 0,
            "equity": null,
            "current_ratio": null,
            "debt_ratio": null,
            "inventory_turnover_ratio": null,
            "account_receivable_turnover_ratio": null,
            "reinvestment_rate": null,
            "research_to_sale_ratio": null,
            "price_fair": 0,
            "eps_avg_yearly": 0,
            "eps_latest_yearly": 0,
            "eps_growth_yearly": 0
        },
        "20131": {
            "year_quarter": 20131,
            "year": 2013,
            "quarter": 1,
            "eps": null,
            "eps_growth_year": null,
            "eps_4q": null,
            "eps_4q_growth_year": null,
            "roe": null,
            "roe_4q": 0,
            "gross_profit": null,
            "gross_margin": null,
            "gross_margin_4q_avg": 0,
            "net_income": null,
            "net_income_4q": null,
            "revenue": null,
            "revenue_4q": null,
            "common_shares": null,
            "book_valuer_per_share": null,
            "book_valuer_per_share_4q_avg": 0,
            "equity": null,
            "current_ratio": null,
            "debt_ratio": null,
            "inventory_turnover_ratio": null,
            "account_receivable_turnover_ratio": null,
            "reinvestment_rate": null,
            "research_to_sale_ratio": null,
            "price_fair": 0,
            "eps_avg_yearly": 0,
            "eps_latest_yearly": 0,
            "eps_growth_yearly": 0
        },
        "20132": {
            "year_quarter": 20132,
            "year": 2013,
            "quarter": 2,
            "eps": null,
            "eps_growth_year": null,
            "eps_4q": null,
            "eps_4q_growth_year": null,
            "roe": null,
            "roe_4q": 0,
            "gross_profit": null,
            "gross_margin": null,
            "gross_margin_4q_avg": 0,
            "net_income": null,
            "net_income_4q": null,
            "revenue": null,
            "revenue_4q": null,
            "common_shares": null,
            "book_valuer_per_share": null,
            "book_valuer_per_share_4q_avg": 0,
            "equity": null,
            "current_ratio": null,
            "debt_ratio": null,
            "inventory_turnover_ratio": null,
            "account_receivable_turnover_ratio": null,
            "reinvestment_rate": null,
            "research_to_sale_ratio": null,
            "price_fair": 0,
            "eps_avg_yearly": 0,
            "eps_latest_yearly": 0,
            "eps_growth_yearly": 0
        },
        "20133": {
            "year_quarter": 20133,
            "year": 2013,
            "quarter": 3,
            "eps": null,
            "eps_growth_year": null,
            "eps_4q": null,
            "eps_4q_growth_year": null,
            "roe": null,
            "roe_4q": 0,
            "gross_profit": null,
            "gross_margin": null,
            "gross_margin_4q_avg": 0,
            "net_income": null,
            "net_income_4q": null,
            "revenue": null,
            "revenue_4q": null,
            "common_shares": null,
            "book_valuer_per_share": null,
            "book_valuer_per_share_4q_avg": 0,
            "equity": null,
            "current_ratio": null,
            "debt_ratio": null,
            "inventory_turnover_ratio": null,
            "account_receivable_turnover_ratio": null,
            "reinvestment_rate": null,
            "research_to_sale_ratio": null,
            "price_fair": 0,
            "eps_avg_yearly": 0,
            "eps_latest_yearly": 0,
            "eps_growth_yearly": 0
        },
        "20134": {
            "year_quarter": 20134,
            "year": 2013,
            "quarter": 4,
            "eps": null,
            "eps_growth_year": null,
            "eps_4q": null,
            "eps_4q_growth_year": null,
            "roe": null,
            "roe_4q": 0,
            "gross_profit": null,
            "gross_margin": null,
            "gross_margin_4q_avg": 0,
            "net_income": null,
            "net_income_4q": null,
            "revenue": null,
            "revenue_4q": null,
            "common_shares": null,
            "book_valuer_per_share": null,
            "book_valuer_per_share_4q_avg": 0,
            "equity": null,
            "current_ratio": null,
            "debt_ratio": null,
            "inventory_turnover_ratio": null,
            "account_receivable_turnover_ratio": null,
            "reinvestment_rate": null,
            "research_to_sale_ratio": null,
            "price_fair": 0,
            "eps_avg_yearly": 0,
            "eps_latest_yearly": 0,
            "eps_growth_yearly": 0
        },
        "20141": {
            "year_quarter": 20141,
            "year": 2014,
            "quarter": 1,
            "eps": null,
            "eps_growth_year": null,
            "eps_4q": null,
            "eps_4q_growth_year": null,
            "roe": null,
            "roe_4q": 0,
            "gross_profit": 44948,
            "gross_margin": null,
            "gross_margin_4q_avg": 0,
            "net_income": 1166,
            "net_income_4q": null,
            "revenue": 122145,
            "revenue_4q": null,
            "common_shares": 193500,
            "book_valuer_per_share": 26.93,
            "book_valuer_per_share_4q_avg": 6.73,
            "equity": 526661,
            "current_ratio": 279.82,
            "debt_ratio": 35.87,
            "inventory_turnover_ratio": null,
            "account_receivable_turnover_ratio": null,
            "reinvestment_rate": null,
            "research_to_sale_ratio": null,
            "price_fair": 0,
            "eps_avg_yearly": 0,
            "eps_latest_yearly": 0,
            "eps_growth_yearly": 0
        },
        "20142": {
            "year_quarter": 20142,
            "year": 2014,
            "quarter": 2,
            "eps": null,
            "eps_growth_year": null,
            "eps_4q": null,
            "eps_4q_growth_year": null,
            "roe": null,
            "roe_4q": 0,
            "gross_profit": 70766,
            "gross_margin": null,
            "gross_margin_4q_avg": 0,
            "net_income": 2811,
            "net_income_4q": null,
            "revenue": 158238,
            "revenue_4q": null,
            "common_shares": 193500,
            "book_valuer_per_share": 26.74,
            "book_valuer_per_share_4q_avg": 13.42,
            "equity": 557349,
            "current_ratio": 344.21,
            "debt_ratio": 31.15,
            "inventory_turnover_ratio": null,
            "account_receivable_turnover_ratio": null,
            "reinvestment_rate": null,
            "research_to_sale_ratio": null,
            "price_fair": 0,
            "eps_avg_yearly": 0,
            "eps_latest_yearly": 0,
            "eps_growth_yearly": 0
        },
        "20143": {
            "year_quarter": 20143,
            "year": 2014,
            "quarter": 3,
            "eps": null,
            "eps_growth_year": null,
            "eps_4q": null,
            "eps_4q_growth_year": null,
            "roe": null,
            "roe_4q": 0,
            "gross_profit": 58145,
            "gross_margin": null,
            "gross_margin_4q_avg": 0,
            "net_income": 20618,
            "net_income_4q": null,
            "revenue": 119389,
            "revenue_4q": null,
            "common_shares": 286900,
            "book_valuer_per_share": 20.06,
            "book_valuer_per_share_4q_avg": 18.43,
            "equity": 615301,
            "current_ratio": 396.18,
            "debt_ratio": 26.22,
            "inventory_turnover_ratio": null,
            "account_receivable_turnover_ratio": null,
            "reinvestment_rate": null,
            "research_to_sale_ratio": null,
            "price_fair": 0,
            "eps_avg_yearly": 0,
            "eps_latest_yearly": 0,
            "eps_growth_yearly": 0
        },
        "20144": {
            "year_quarter": 20144,
            "year": 2014,
            "quarter": 4,
            "eps": null,
            "eps_growth_year": null,
            "eps_4q": null,
            "eps_4q_growth_year": null,
            "roe": null,
            "roe_4q": 0,
            "gross_profit": 85454,
            "gross_margin": null,
            "gross_margin_4q_avg": 0,
            "net_income": 42073,
            "net_income_4q": null,
            "revenue": 163273,
            "revenue_4q": null,
            "common_shares": 286900,
            "book_valuer_per_share": 21.94,
            "book_valuer_per_share_4q_avg": 23.92,
            "equity": 659157,
            "current_ratio": 439.66,
            "debt_ratio": 24.26,
            "inventory_turnover_ratio": null,
            "account_receivable_turnover_ratio": null,
            "reinvestment_rate": null,
            "research_to_sale_ratio": null,
            "price_fair": 0,
            "eps_avg_yearly": 0,
            "eps_latest_yearly": 0,
            "eps_growth_yearly": 0
        },
        "20151": {
            "year_quarter": 20151,
            "year": 2015,
            "quarter": 1,
            "eps": null,
            "eps_growth_year": null,
            "eps_4q": null,
            "eps_4q_growth_year": null,
            "roe": null,
            "roe_4q": 0,
            "gross_profit": 30838,
            "gross_margin": null,
            "gross_margin_4q_avg": 0,
            "net_income": -24353,
            "net_income_4q": null,
            "revenue": 137369,
            "revenue_4q": null,
            "common_shares": 286900,
            "book_valuer_per_share": 20.27,
            "book_valuer_per_share_4q_avg": 22.25,
            "equity": 606339,
            "current_ratio": 386.99,
            "debt_ratio": 23.26,
            "inventory_turnover_ratio": null,
            "account_receivable_turnover_ratio": null,
            "reinvestment_rate": null,
            "research_to_sale_ratio": null,
            "price_fair": 0,
            "eps_avg_yearly": 0,
            "eps_latest_yearly": 0,
            "eps_growth_yearly": 0
        },
        "20152": {
            "year_quarter": 20152,
            "year": 2015,
            "quarter": 2,
            "eps": null,
            "eps_growth_year": null,
            "eps_4q": null,
            "eps_4q_growth_year": null,
            "roe": null,
            "roe_4q": 0,
            "gross_profit": 86074,
            "gross_margin": null,
            "gross_margin_4q_avg": 0,
            "net_income": 21247,
            "net_income_4q": null,
            "revenue": 180210,
            "revenue_4q": null,
            "common_shares": 286900,
            "book_valuer_per_share": 20.48,
            "book_valuer_per_share_4q_avg": 20.69,
            "equity": 607015,
            "current_ratio": 289.92,
            "debt_ratio": 28.95,
            "inventory_turnover_ratio": null,
            "account_receivable_turnover_ratio": null,
            "reinvestment_rate": null,
            "research_to_sale_ratio": null,
            "price_fair": 0,
            "eps_avg_yearly": 0,
            "eps_latest_yearly": 0,
            "eps_growth_yearly": 0
        },
        "20153": {
            "year_quarter": 20153,
            "year": 2015,
            "quarter": 3,
            "eps": null,
            "eps_growth_year": null,
            "eps_4q": null,
            "eps_4q_growth_year": null,
            "roe": null,
            "roe_4q": 0,
            "gross_profit": 137109,
            "gross_margin": null,
            "gross_margin_4q_avg": 0,
            "net_income": 70172,
            "net_income_4q": null,
            "revenue": 236086,
            "revenue_4q": null,
            "common_shares": 286900,
            "book_valuer_per_share": 22.54,
            "book_valuer_per_share_4q_avg": 21.31,
            "equity": 676327,
            "current_ratio": 357.42,
            "debt_ratio": 25.23,
            "inventory_turnover_ratio": null,
            "account_receivable_turnover_ratio": null,
            "reinvestment_rate": null,
            "research_to_sale_ratio": null,
            "price_fair": 0,
            "eps_avg_yearly": 0,
            "eps_latest_yearly": 0,
            "eps_growth_yearly": 0
        },
        "20154": {
            "year_quarter": 20154,
            "year": 2015,
            "quarter": 4,
            "eps": null,
            "eps_growth_year": null,
            "eps_4q": null,
            "eps_4q_growth_year": null,
            "roe": null,
            "roe_4q": 0,
            "gross_profit": 126791,
            "gross_margin": null,
            "gross_margin_4q_avg": 0,
            "net_income": 64061,
            "net_income_4q": null,
            "revenue": 217072,
            "revenue_4q": null,
            "common_shares": 322770,
            "book_valuer_per_share": 31.11,
            "book_valuer_per_share_4q_avg": 23.6,
            "equity": 1115974,
            "current_ratio": 476.13,
            "debt_ratio": 20.04,
            "inventory_turnover_ratio": null,
            "account_receivable_turnover_ratio": null,
            "reinvestment_rate": null,
            "research_to_sale_ratio": null,
            "price_fair": 0,
            "eps_avg_yearly": 0,
            "eps_latest_yearly": 0,
            "eps_growth_yearly": 0
        },
        "20161": {
            "year_quarter": 20161,
            "year": 2016,
            "quarter": 1,
            "eps": 0.54,
            "eps_growth_year": null,
            "eps_4q": 0.54,
            "eps_4q_growth_year": null,
            "roe": 3.08,
            "roe_4q": 3.08,
            "gross_profit": 118751,
            "gross_margin": 50.85,
            "gross_margin_4q_avg": 12.71,
            "net_income": 35365,
            "net_income_4q": null,
            "revenue": 233533,
            "revenue_4q": null,
            "common_shares": 322770,
            "book_valuer_per_share": 32.5,
            "book_valuer_per_share_4q_avg": 26.66,
            "equity": 1178458,
            "current_ratio": 729.45,
            "debt_ratio": 13.62,
            "inventory_turnover_ratio": null,
            "account_receivable_turnover_ratio": 0.43,
            "reinvestment_rate": null,
            "research_to_sale_ratio": null,
            "price_fair": 0,
            "eps_avg_yearly": 0,
            "eps_latest_yearly": 0,
            "eps_growth_yearly": 0
        },
        "20162": {
            "year_quarter": 20162,
            "year": 2016,
            "quarter": 2,
            "eps": 1.22,
            "eps_growth_year": null,
            "eps_4q": 1.76,
            "eps_4q_growth_year": null,
            "roe": 3.89,
            "roe_4q": 6.970000000000001,
            "gross_profit": 106244,
            "gross_margin": 41.94,
            "gross_margin_4q_avg": 23.2,
            "net_income": 46018,
            "net_income_4q": null,
            "revenue": 253347,
            "revenue_4q": null,
            "common_shares": 322770,
            "book_valuer_per_share": 32.63,
            "book_valuer_per_share_4q_avg": 29.7,
            "equity": 1185621,
            "current_ratio": 524.74,
            "debt_ratio": 17.41,
            "inventory_turnover_ratio": null,
            "account_receivable_turnover_ratio": 0.41,
            "reinvestment_rate": null,
            "research_to_sale_ratio": null,
            "price_fair": 170.8,
            "eps_avg_yearly": 4.88,
            "eps_latest_yearly": 4.88,
            "eps_growth_yearly": 503.7
        },
        "20163": {
            "year_quarter": 20163,
            "year": 2016,
            "quarter": 3,
            "eps": 3.27,
            "eps_growth_year": null,
            "eps_4q": 5.03,
            "eps_4q_growth_year": null,
            "roe": 8.47,
            "roe_4q": 15.440000000000001,
            "gross_profit": 158167,
            "gross_margin": 52.36,
            "gross_margin_4q_avg": 36.29,
            "net_income": 104623,
            "net_income_4q": null,
            "revenue": 302061,
            "revenue_4q": null,
            "common_shares": 322770,
            "book_valuer_per_share": 35.88,
            "book_valuer_per_share_4q_avg": 33.03,
            "equity": 1285963,
            "current_ratio": 650.33,
            "debt_ratio": 42.97,
            "inventory_turnover_ratio": null,
            "account_receivable_turnover_ratio": 0.44,
            "reinvestment_rate": null,
            "research_to_sale_ratio": null,
            "price_fair": 314.3,
            "eps_avg_yearly": 8.98,
            "eps_latest_yearly": 13.08,
            "eps_growth_yearly": 587.92
        },
        "20164": {
            "year_quarter": 20164,
            "year": 2016,
            "quarter": 4,
            "eps": 1.97,
            "eps_growth_year": null,
            "eps_4q": 7.01,
            "eps_4q_growth_year": null,
            "roe": 5.72,
            "roe_4q": 21.160000000000004,
            "gross_profit": 110243,
            "gross_margin": 45.6,
            "gross_margin_4q_avg": 47.69,
            "net_income": 73811,
            "net_income_4q": null,
            "revenue": 241759,
            "revenue_4q": null,
            "common_shares": 322770,
            "book_valuer_per_share": 35.95,
            "book_valuer_per_share_4q_avg": 34.24,
            "equity": 1296743,
            "current_ratio": 531.89,
            "debt_ratio": 49,
            "inventory_turnover_ratio": null,
            "account_receivable_turnover_ratio": 0.38,
            "reinvestment_rate": null,
            "research_to_sale_ratio": null,
            "price_fair": 301.47,
            "eps_avg_yearly": 8.61,
            "eps_latest_yearly": 7.88,
            "eps_growth_yearly": 338.94
        },
        "20171": {
            "year_quarter": 20171,
            "year": 2017,
            "quarter": 1,
            "eps": 2.54,
            "eps_growth_year": 370.37,
            "eps_4q": 9.01,
            "eps_4q_growth_year": 1564.61,
            "roe": 8.58,
            "roe_4q": 26.660000000000004,
            "gross_profit": 153051,
            "gross_margin": 50.21,
            "gross_margin_4q_avg": 47.53,
            "net_income": 85678,
            "net_income_4q": null,
            "revenue": 304827,
            "revenue_4q": null,
            "common_shares": 322770,
            "book_valuer_per_share": 20.37,
            "book_valuer_per_share_4q_avg": 31.21,
            "equity": 700356,
            "current_ratio": 276.99,
            "debt_ratio": 65.39,
            "inventory_turnover_ratio": null,
            "account_receivable_turnover_ratio": 0.48,
            "reinvestment_rate": null,
            "research_to_sale_ratio": null,
            "price_fair": 315,
            "eps_avg_yearly": 9,
            "eps_latest_yearly": 10.16,
            "eps_growth_yearly": 283.14
        },
        "20172": {
            "year_quarter": 20172,
            "year": 2017,
            "quarter": 2,
            "eps": 3.02,
            "eps_growth_year": 147.54,
            "eps_4q": 10.81,
            "eps_4q_growth_year": 512.33,
            "roe": 14.45,
            "roe_4q": 37.22,
            "gross_profit": 170451,
            "gross_margin": 55.14,
            "gross_margin_4q_avg": 50.83,
            "net_income": 106039,
            "net_income_4q": null,
            "revenue": 309140,
            "revenue_4q": null,
            "common_shares": 322770,
            "book_valuer_per_share": 22.16,
            "book_valuer_per_share_4q_avg": 28.59,
            "equity": 767679,
            "current_ratio": 299.72,
            "debt_ratio": 63.32,
            "inventory_turnover_ratio": null,
            "account_receivable_turnover_ratio": 0.43,
            "reinvestment_rate": null,
            "research_to_sale_ratio": null,
            "price_fair": 336.56,
            "eps_avg_yearly": 9.62,
            "eps_latest_yearly": 12.08,
            "eps_growth_yearly": 241.63
        },
        "20173": {
            "year_quarter": 20173,
            "year": 2017,
            "quarter": 3,
            "eps": 2.76,
            "eps_growth_year": -15.6,
            "eps_4q": 10.3,
            "eps_4q_growth_year": 104.59,
            "roe": 10.86,
            "roe_4q": 39.61,
            "gross_profit": 194525,
            "gross_margin": 55.87,
            "gross_margin_4q_avg": 51.71,
            "net_income": 88972,
            "net_income_4q": null,
            "revenue": 348150,
            "revenue_4q": null,
            "common_shares": 322770,
            "book_valuer_per_share": 25.34,
            "book_valuer_per_share_4q_avg": 25.96,
            "equity": 870835,
            "current_ratio": 104.33,
            "debt_ratio": 61.91,
            "inventory_turnover_ratio": null,
            "account_receivable_turnover_ratio": 0.45,
            "reinvestment_rate": null,
            "research_to_sale_ratio": null,
            "price_fair": 344.87,
            "eps_avg_yearly": 9.85,
            "eps_latest_yearly": 11.04,
            "eps_growth_yearly": 195.62
        },
        "20174": {
            "year_quarter": 20174,
            "year": 2017,
            "quarter": 4,
            "eps": 1.73,
            "eps_growth_year": -12.44,
            "eps_4q": 10.05,
            "eps_4q_growth_year": 43.43,
            "roe": 6.91,
            "roe_4q": 40.8,
            "gross_profit": 173069,
            "gross_margin": 51.77,
            "gross_margin_4q_avg": 53.25,
            "net_income": 62408,
            "net_income_4q": null,
            "revenue": 334333,
            "revenue_4q": null,
            "common_shares": 322770,
            "book_valuer_per_share": 27.15,
            "book_valuer_per_share_4q_avg": 23.76,
            "equity": 936115,
            "current_ratio": 117.24,
            "debt_ratio": 60.28,
            "inventory_turnover_ratio": null,
            "account_receivable_turnover_ratio": 0.36,
            "reinvestment_rate": 81.03,
            "research_to_sale_ratio": null,
            "price_fair": 330.2,
            "eps_avg_yearly": 9.43,
            "eps_latest_yearly": 6.92,
            "eps_growth_yearly": 146.35
        },
        "20181": {
            "year_quarter": 20181,
            "year": 2018,
            "quarter": 1,
            "eps": 2.74,
            "eps_growth_year": 7.87,
            "eps_4q": 8.74,
            "eps_4q_growth_year": -2.99,
            "roe": 6.96,
            "roe_4q": 39.18,
            "gross_profit": 198286,
            "gross_margin": 55.25,
            "gross_margin_4q_avg": 54.51,
            "net_income": 97667,
            "net_income_4q": null,
            "revenue": 358860,
            "revenue_4q": null,
            "common_shares": 380407,
            "book_valuer_per_share": 47.33,
            "book_valuer_per_share_4q_avg": 30.5,
            "equity": 1868538,
            "current_ratio": 217.21,
            "debt_ratio": 42.32,
            "inventory_turnover_ratio": null,
            "account_receivable_turnover_ratio": 0.53,
            "reinvestment_rate": 79.93,
            "research_to_sale_ratio": null,
            "price_fair": 336.88,
            "eps_avg_yearly": 9.63,
            "eps_latest_yearly": 10.96,
            "eps_growth_yearly": 157.24
        },
        "20182": {
            "year_quarter": 20182,
            "year": 2018,
            "quarter": 2,
            "eps": 3.55,
            "eps_growth_year": 17.55,
            "eps_4q": 9.27,
            "eps_4q_growth_year": -14.24,
            "roe": 8.37,
            "roe_4q": 33.099999999999994,
            "gross_profit": 252644,
            "gross_margin": 62.44,
            "gross_margin_4q_avg": 56.33,
            "net_income": 141564,
            "net_income_4q": null,
            "revenue": 404591,
            "revenue_4q": null,
            "common_shares": 391262,
            "book_valuer_per_share": 38.67,
            "book_valuer_per_share_4q_avg": 34.62,
            "equity": 1513142,
            "current_ratio": 149.88,
            "debt_ratio": 58.93,
            "inventory_turnover_ratio": null,
            "account_receivable_turnover_ratio": 1.07,
            "reinvestment_rate": 72.45,
            "research_to_sale_ratio": null,
            "price_fair": 354.67,
            "eps_avg_yearly": 10.13,
            "eps_latest_yearly": 14.2,
            "eps_growth_yearly": 152.91
        },
        "20183": {
            "year_quarter": 20183,
            "year": 2018,
            "quarter": 3,
            "eps": 4.28,
            "eps_growth_year": 55.07,
            "eps_4q": 11.03,
            "eps_4q_growth_year": 7.16,
            "roe": 9.83,
            "roe_4q": 32.07,
            "gross_profit": 246723,
            "gross_margin": 59.35,
            "gross_margin_4q_avg": 57.2,
            "net_income": 158182,
            "net_income_4q": null,
            "revenue": 415699,
            "revenue_4q": null,
            "common_shares": 391262,
            "book_valuer_per_share": 43.62,
            "book_valuer_per_share_4q_avg": 39.19,
            "equity": 1706757,
            "current_ratio": 245.52,
            "debt_ratio": 45.64,
            "inventory_turnover_ratio": null,
            "account_receivable_turnover_ratio": 0.79,
            "reinvestment_rate": 57.93,
            "research_to_sale_ratio": null,
            "price_fair": 379.12,
            "eps_avg_yearly": 10.83,
            "eps_latest_yearly": 17.12,
            "eps_growth_yearly": 145.85
        },
        "20184": {
            "year_quarter": 20184,
            "year": 2018,
            "quarter": 4,
            "eps": 3.31,
            "eps_growth_year": 91.64,
            "eps_4q": 12.92,
            "eps_4q_growth_year": 28.56,
            "roe": 8.43,
            "roe_4q": 33.589999999999996,
            "gross_profit": 339747,
            "gross_margin": 50.67,
            "gross_margin_4q_avg": 56.93,
            "net_income": 156151,
            "net_income_4q": null,
            "revenue": 670476,
            "revenue_4q": null,
            "common_shares": 391262,
            "book_valuer_per_share": 47.02,
            "book_valuer_per_share_4q_avg": 44.16,
            "equity": 1995998,
            "current_ratio": 208.34,
            "debt_ratio": 48.82,
            "inventory_turnover_ratio": null,
            "account_receivable_turnover_ratio": 1.08,
            "reinvestment_rate": 55.62,
            "research_to_sale_ratio": null,
            "price_fair": 386.78,
            "eps_avg_yearly": 11.05,
            "eps_latest_yearly": 13.24,
            "eps_growth_yearly": 124.35
        },
        "20191": {
            "year_quarter": 20191,
            "year": 2019,
            "quarter": 1,
            "eps": 2.87,
            "eps_growth_year": 4.74,
            "eps_4q": 13.4,
            "eps_4q_growth_year": 53.31,
            "roe": 5.13,
            "roe_4q": 31.759999999999998,
            "gross_profit": 239063,
            "gross_margin": 58.89,
            "gross_margin_4q_avg": 57.84,
            "net_income": 109131,
            "net_income_4q": null,
            "revenue": 405937,
            "revenue_4q": null,
            "common_shares": 393795,
            "book_valuer_per_share": 51.36,
            "book_valuer_per_share_4q_avg": 45.17,
            "equity": 2255602,
            "current_ratio": 263.08,
            "debt_ratio": 44.47,
            "inventory_turnover_ratio": null,
            "account_receivable_turnover_ratio": 0.86,
            "reinvestment_rate": 43.37,
            "research_to_sale_ratio": null,
            "price_fair": 388.03,
            "eps_avg_yearly": 11.09,
            "eps_latest_yearly": 11.48,
            "eps_growth_yearly": 109.55
        },
        "20192": {
            "year_quarter": 20192,
            "year": 2019,
            "quarter": 2,
            "eps": 2.62,
            "eps_growth_year": -26.2,
            "eps_4q": 12.77,
            "eps_4q_growth_year": 37.85,
            "roe": 4.57,
            "roe_4q": 27.96,
            "gross_profit": 280816,
            "gross_margin": 57.49,
            "gross_margin_4q_avg": 56.6,
            "net_income": 100246,
            "net_income_4q": null,
            "revenue": 488494,
            "revenue_4q": null,
            "common_shares": 393795,
            "book_valuer_per_share": 48.38,
            "book_valuer_per_share_4q_avg": 47.6,
            "equity": 2134316,
            "current_ratio": 259.72,
            "debt_ratio": 56.24,
            "inventory_turnover_ratio": null,
            "account_receivable_turnover_ratio": 0.85,
            "reinvestment_rate": 42.45,
            "research_to_sale_ratio": null,
            "price_fair": 386.4,
            "eps_avg_yearly": 11.04,
            "eps_latest_yearly": 10.48,
            "eps_growth_yearly": 98.45
        },
        "20193": {
            "year_quarter": 20193,
            "year": 2019,
            "quarter": 3,
            "eps": 3.08,
            "eps_growth_year": -28.04,
            "eps_4q": 11.83,
            "eps_4q_growth_year": 7.25,
            "roe": 5.61,
            "roe_4q": 23.74,
            "gross_profit": 283618,
            "gross_margin": 57.78,
            "gross_margin_4q_avg": 56.21,
            "net_income": 118692,
            "net_income_4q": null,
            "revenue": 490842,
            "revenue_4q": null,
            "common_shares": 393795,
            "book_valuer_per_share": 48.6,
            "book_valuer_per_share_4q_avg": 48.84,
            "equity": 2097834,
            "current_ratio": 186.36,
            "debt_ratio": 53.67,
            "inventory_turnover_ratio": null,
            "account_receivable_turnover_ratio": 0.64,
            "reinvestment_rate": 38.68,
            "research_to_sale_ratio": null,
            "price_fair": 389.6,
            "eps_avg_yearly": 11.13,
            "eps_latest_yearly": 12.32,
            "eps_growth_yearly": 96.43
        },
        "20194": {
            "year_quarter": 20194,
            "year": 2019,
            "quarter": 4,
            "eps": 3.14,
            "eps_growth_year": -5.38,
            "eps_4q": 11.68,
            "eps_4q_growth_year": -9.63,
            "roe": 5.63,
            "roe_4q": 20.94,
            "gross_profit": 315180,
            "gross_margin": 64.42,
            "gross_margin_4q_avg": 59.65,
            "net_income": 121311,
            "net_income_4q": null,
            "revenue": 489246,
            "revenue_4q": null,
            "common_shares": 393795,
            "book_valuer_per_share": 51.62,
            "book_valuer_per_share_4q_avg": 49.99,
            "equity": 2213852,
            "current_ratio": 249.12,
            "debt_ratio": 54.16,
            "inventory_turnover_ratio": null,
            "account_receivable_turnover_ratio": 0.65,
            "reinvestment_rate": 46.2,
            "research_to_sale_ratio": null,
            "price_fair": 392.93,
            "eps_avg_yearly": 11.23,
            "eps_latest_yearly": 12.56,
            "eps_growth_yearly": 90.52
        },
        "20201": {
            "year_quarter": 20201,
            "year": 2020,
            "quarter": 1,
            "eps": -3.68,
            "eps_growth_year": -228.22,
            "eps_4q": 5.15,
            "eps_4q_growth_year": -61.59,
            "roe": -7.09,
            "roe_4q": 8.72,
            "gross_profit": 66543,
            "gross_margin": 25.44,
            "gross_margin_4q_avg": 51.28,
            "net_income": -149311,
            "net_income_4q": null,
            "revenue": 261564,
            "revenue_4q": null,
            "common_shares": 393795,
            "book_valuer_per_share": 46.24,
            "book_valuer_per_share_4q_avg": 48.71,
            "equity": 1996269,
            "current_ratio": 233.23,
            "debt_ratio": 56.77,
            "inventory_turnover_ratio": null,
            "account_receivable_turnover_ratio": 0.36,
            "reinvestment_rate": 47.48,
            "research_to_sale_ratio": null,
            "price_fair": 392.93,
            "eps_avg_yearly": 11.23,
            "eps_latest_yearly": 12.56,
            "eps_growth_yearly": 90.52
        },
        "20202": {
            "year_quarter": 20202,
            "year": 2020,
            "quarter": 2,
            "eps": -5.28,
            "eps_growth_year": -301.53,
            "eps_4q": -2.74,
            "eps_4q_growth_year": -121.47,
            "roe": -11.76,
            "roe_4q": -7.610000000000002,
            "gross_profit": 95170,
            "gross_margin": 36.57,
            "gross_margin_4q_avg": 46.05,
            "net_income": -220709,
            "net_income_4q": null,
            "revenue": 260237,
            "revenue_4q": null,
            "common_shares": 393795,
            "book_valuer_per_share": 40.51,
            "book_valuer_per_share_4q_avg": 46.74,
            "equity": 1756697,
            "current_ratio": 162.82,
            "debt_ratio": 60.99,
            "inventory_turnover_ratio": null,
            "account_receivable_turnover_ratio": 0.46,
            "reinvestment_rate": 51.72,
            "research_to_sale_ratio": null,
            "price_fair": 408.8,
            "eps_avg_yearly": 11.68,
            "eps_latest_yearly": 12.56,
            "eps_growth_yearly": 61.01
        },
        "20203": {
            "year_quarter": 20203,
            "year": 2020,
            "quarter": 3,
            "eps": -13.43,
            "eps_growth_year": -536.04,
            "eps_4q": -12.83,
            "eps_4q_growth_year": -208.42,
            "roe": -36.45,
            "roe_4q": -49.669999999999995,
            "gross_profit": 88290,
            "gross_margin": 31.06,
            "gross_margin_4q_avg": 39.37,
            "net_income": -545715,
            "net_income_4q": null,
            "revenue": 284284,
            "revenue_4q": null,
            "common_shares": 393795,
            "book_valuer_per_share": 27.72,
            "book_valuer_per_share_4q_avg": 41.52,
            "equity": 1237455,
            "current_ratio": 149.16,
            "debt_ratio": 69.05,
            "inventory_turnover_ratio": null,
            "account_receivable_turnover_ratio": 0.72,
            "reinvestment_rate": 125.64,
            "research_to_sale_ratio": null,
            "price_fair": 277.71,
            "eps_avg_yearly": 11.57,
            "eps_latest_yearly": 12.56,
            "eps_growth_yearly": 14
        },
        "20204": {
            "year_quarter": 20204,
            "year": 2020,
            "quarter": 4,
            "eps": -6.74,
            "eps_growth_year": -314.81,
            "eps_4q": -21.66,
            "eps_4q_growth_year": -285.45,
            "roe": -37.91,
            "roe_4q": -93.21000000000001,
            "gross_profit": 67639,
            "gross_margin": 24.94,
            "gross_margin_4q_avg": 29.5,
            "net_income": -398844,
            "net_income_4q": null,
            "revenue": 271216,
            "revenue_4q": null,
            "common_shares": 590693,
            "book_valuer_per_share": 12.19,
            "book_valuer_per_share_4q_avg": 31.67,
            "equity": 866484,
            "current_ratio": 114.49,
            "debt_ratio": 76.58,
            "inventory_turnover_ratio": null,
            "account_receivable_turnover_ratio": 0.87,
            "reinvestment_rate": 2099.03,
            "research_to_sale_ratio": null,
            "price_fair": 415.8,
            "eps_avg_yearly": 11.88,
            "eps_latest_yearly": 12.56,
            "eps_growth_yearly": 28.42
        },
        "20211": {
            "year_quarter": 20211,
            "year": 2021,
            "quarter": 1,
            "eps": -3.34,
            "eps_growth_year": null,
            "eps_4q": -22.54,
            "eps_4q_growth_year": -537.92,
            "roe": -26.07,
            "roe_4q": -112.19000000000001,
            "gross_profit": 3446,
            "gross_margin": 1.48,
            "gross_margin_4q_avg": 23.51,
            "net_income": -197965,
            "net_income_4q": null,
            "revenue": 233404,
            "revenue_4q": null,
            "common_shares": 590693,
            "book_valuer_per_share": 8.59,
            "book_valuer_per_share_4q_avg": 22.25,
            "equity": 652300,
            "current_ratio": 103.55,
            "debt_ratio": 81.45,
            "inventory_turnover_ratio": null,
            "account_receivable_turnover_ratio": 0.93,
            "reinvestment_rate": null,
            "research_to_sale_ratio": null,
            "price_fair": 366.84,
            "eps_avg_yearly": 12.04,
            "eps_latest_yearly": 12.56,
            "eps_growth_yearly": 20.48
        },
        "20212": {
            "year_quarter": 20212,
            "year": 2021,
            "quarter": 2,
            "eps": -5.55,
            "eps_growth_year": null,
            "eps_4q": -24.57,
            "eps_4q_growth_year": null,
            "roe": -87.66,
            "roe_4q": -188.08999999999997,
            "gross_profit": 10036,
            "gross_margin": 4.06,
            "gross_margin_4q_avg": 15.39,
            "net_income": -393146,
            "net_income_4q": null,
            "revenue": 246938,
            "revenue_4q": null,
            "common_shares": 590693,
            "book_valuer_per_share": 2.8,
            "book_valuer_per_share_4q_avg": 12.83,
            "equity": 244682,
            "current_ratio": 96.2,
            "debt_ratio": 92.17,
            "inventory_turnover_ratio": null,
            "account_receivable_turnover_ratio": 1.07,
            "reinvestment_rate": null,
            "research_to_sale_ratio": null,
            "price_fair": 300.4,
            "eps_avg_yearly": 12.03,
            "eps_latest_yearly": 12.56,
            "eps_growth_yearly": 14.97
        },
        "20213": {
            "year_quarter": 20213,
            "year": 2021,
            "quarter": 3,
            "eps": -3.6,
            "eps_growth_year": null,
            "eps_4q": -19.22,
            "eps_4q_growth_year": null,
            "roe": -159.82,
            "roe_4q": -311.46000000000004,
            "gross_profit": 28428,
            "gross_margin": 11.82,
            "gross_margin_4q_avg": 10.58,
            "net_income": -213318,
            "net_income_4q": null,
            "revenue": 240468,
            "revenue_4q": null,
            "common_shares": 590693,
            "book_valuer_per_share": -0.95,
            "book_valuer_per_share_4q_avg": 5.66,
            "equity": 22274,
            "current_ratio": 85.48,
            "debt_ratio": 99.23,
            "inventory_turnover_ratio": null,
            "account_receivable_turnover_ratio": 1.02,
            "reinvestment_rate": null,
            "research_to_sale_ratio": null,
            "price_fair": 369.8,
            "eps_avg_yearly": 12.14,
            "eps_latest_yearly": 12.56,
            "eps_growth_yearly": 20.46
        }
    },
    "months": {
        "2015-12": {
            "month": "2015-12",
            "price": "157.83",
            "revenue": 66999
        },
        "2016-01": {
            "month": "2016-01",
            "price": "121.57",
            "revenue": 82951
        },
        "2016-02": {
            "month": "2016-02",
            "price": "139.85",
            "revenue": 71672
        },
        "2016-03": {
            "month": "2016-03",
            "price": "161.48",
            "revenue": 74886
        },
        "2016-04": {
            "month": "2016-04",
            "price": "169.37",
            "revenue": 82312
        },
        "2016-05": {
            "month": "2016-05",
            "price": "173.21",
            "revenue": 87429
        },
        "2016-06": {
            "month": "2016-06",
            "price": "163.52",
            "revenue": 78039
        },
        "2016-07": {
            "month": "2016-07",
            "price": "153.05",
            "revenue": 100882
        },
        "2016-08": {
            "month": "2016-08",
            "price": "147.24",
            "revenue": 96279
        },
        "2016-09": {
            "month": "2016-09",
            "price": "174.03",
            "revenue": 112044
        },
        "2016-10": {
            "month": "2016-10",
            "price": "197.85",
            "revenue": 84358
        },
        "2016-11": {
            "month": "2016-11",
            "price": "184.68",
            "revenue": 90931
        },
        "2016-12": {
            "month": "2016-12",
            "price": "175.43",
            "revenue": 81917
        },
        "2017-01": {
            "month": "2017-01",
            "price": "168.84",
            "revenue": 83092
        },
        "2017-02": {
            "month": "2017-02",
            "price": "163.58",
            "revenue": 81203
        },
        "2017-03": {
            "month": "2017-03",
            "price": "167.09",
            "revenue": 140715
        },
        "2017-04": {
            "month": "2017-04",
            "price": "175.47",
            "revenue": 100223
        },
        "2017-05": {
            "month": "2017-05",
            "price": "170.25",
            "revenue": 103565
        },
        "2017-06": {
            "month": "2017-06",
            "price": "153.74",
            "revenue": 107644
        },
        "2017-07": {
            "month": "2017-07",
            "price": "145.26",
            "revenue": 101581
        },
        "2017-08": {
            "month": "2017-08",
            "price": "139.59",
            "revenue": 108434
        },
        "2017-09": {
            "month": "2017-09",
            "price": "141.93",
            "revenue": 136128
        },
        "2017-10": {
            "month": "2017-10",
            "price": "139.89",
            "revenue": 100917
        },
        "2017-11": {
            "month": "2017-11",
            "price": "145.41",
            "revenue": 100475
        },
        "2017-12": {
            "month": "2017-12",
            "price": "163.10",
            "revenue": 114865
        },
        "2018-01": {
            "month": "2018-01",
            "price": "175.95",
            "revenue": 95809
        },
        "2018-02": {
            "month": "2018-02",
            "price": "167.42",
            "revenue": 106273
        },
        "2018-03": {
            "month": "2018-03",
            "price": "166.87",
            "revenue": 159663
        },
        "2018-04": {
            "month": "2018-04",
            "price": "196.97",
            "revenue": 108101
        },
        "2018-05": {
            "month": "2018-05",
            "price": "209.93",
            "revenue": 134606
        },
        "2018-06": {
            "month": "2018-06",
            "price": "168.32",
            "revenue": 144827
        },
        "2018-07": {
            "month": "2018-07",
            "price": "162.70",
            "revenue": 143010
        },
        "2018-08": {
            "month": "2018-08",
            "price": "153.78",
            "revenue": 146500
        },
        "2018-09": {
            "month": "2018-09",
            "price": "163.37",
            "revenue": 141962
        },
        "2018-10": {
            "month": "2018-10",
            "price": "123.78",
            "revenue": 140676
        },
        "2018-11": {
            "month": "2018-11",
            "price": "118.09",
            "revenue": 149627
        },
        "2018-12": {
            "month": "2018-12",
            "price": "141.48",
            "revenue": 376284
        },
        "2019-01": {
            "month": "2019-01",
            "price": "159.60",
            "revenue": 105576
        },
        "2019-02": {
            "month": "2019-02",
            "price": "167.31",
            "revenue": 117518
        },
        "2019-03": {
            "month": "2019-03",
            "price": "168.98",
            "revenue": 175312
        },
        "2019-04": {
            "month": "2019-04",
            "price": "137.52",
            "revenue": 156501
        },
        "2019-05": {
            "month": "2019-05",
            "price": "128.32",
            "revenue": 158287
        },
        "2019-06": {
            "month": "2019-06",
            "price": "131.03",
            "revenue": 170939
        },
        "2019-07": {
            "month": "2019-07",
            "price": "137.98",
            "revenue": 167659
        },
        "2019-08": {
            "month": "2019-08",
            "price": "137.19",
            "revenue": 169772
        },
        "2019-09": {
            "month": "2019-09",
            "price": "121.97",
            "revenue": 162179
        },
        "2019-10": {
            "month": "2019-10",
            "price": "119.98",
            "revenue": 160283
        },
        "2019-11": {
            "month": "2019-11",
            "price": "119.93",
            "revenue": 165673
        },
        "2019-12": {
            "month": "2019-12",
            "price": "109.23",
            "revenue": 169929
        },
        "2020-01": {
            "month": "2020-01",
            "price": "111.03",
            "revenue": 95924
        },
        "2020-02": {
            "month": "2020-02",
            "price": "92.20",
            "revenue": 81325
        },
        "2020-03": {
            "month": "2020-03",
            "price": "77.81",
            "revenue": 84269
        },
        "2020-04": {
            "month": "2020-04",
            "price": "79.84",
            "revenue": 85340
        },
        "2020-05": {
            "month": "2020-05",
            "price": "76.46",
            "revenue": 87239
        },
        "2020-06": {
            "month": "2020-06",
            "price": "72.68",
            "revenue": 88195
        },
        "2020-07": {
            "month": "2020-07",
            "price": "65.38",
            "revenue": 92788
        },
        "2020-08": {
            "month": "2020-08",
            "price": "55.11",
            "revenue": 95492
        },
        "2020-09": {
            "month": "2020-09",
            "price": "54.50",
            "revenue": 96871
        },
        "2020-10": {
            "month": "2020-10",
            "price": "58.96",
            "revenue": 83335
        },
        "2020-11": {
            "month": "2020-11",
            "price": "40.30",
            "revenue": 93549
        },
        "2020-12": {
            "month": "2020-12",
            "price": "37.48",
            "revenue": 95377
        },
        "2021-01": {
            "month": "2021-01",
            "price": "37.12",
            "revenue": 80671
        },
        "2021-02": {
            "month": "2021-02",
            "price": "37.12",
            "revenue": 70162
        },
        "2021-03": {
            "month": "2021-03",
            "price": "38.56",
            "revenue": 83491
        },
        "2021-04": {
            "month": "2021-04",
            "price": "39.46",
            "revenue": 84026
        },
        "2021-05": {
            "month": "2021-05",
            "price": "30.06",
            "revenue": 82542
        },
        "2021-06": {
            "month": "2021-06",
            "price": "29.92",
            "revenue": 83045
        },
        "2021-07": {
            "month": "2021-07",
            "price": "27.60",
            "revenue": 70406
        },
        "2021-08": {
            "month": "2021-08",
            "price": "18.40",
            "revenue": 88110
        },
        "2021-09": {
            "month": "2021-09",
            "price": "11.34",
            "revenue": 91005
        },
        "2021-10": {
            "month": "2021-10",
            "price": "12.54",
            "revenue": 77029
        },
        "2021-11": {
            "month": "2021-11",
            "price": "8.04",
            "revenue": 65485
        }
    }
}
