{
    "summary": {
        "stock_name": "聯光通",
        "stock_id": "4903",
        "category": "通信網路",
        "main_business": "光纖電纜及配合材料<br>數據產品傳輸設備<br>光通信工程等",
        "website_url": "http://www.ufoc.com.tw",
        "ceo": "蔡振財",
        "pe_ratio": -45,
        "report_year_from": 2001,
        "report_year_to": 2023,
        "age": 23,
        "eps_negative_percentage": 57,
        "eps_growth_avg": {
            "last_all": -18.37,
            "last_2y": null,
            "last_4y": null,
            "last_8y": -70.37,
            "last_12y": -22.8,
            "last_16y": -9.3,
            "last_20y": -9.3,
            "at_2006_last_3y": null,
            "at_2007_last_3y": -28.57,
            "at_2008_last_3y": 35.71,
            "at_2009_last_3y": 0.82,
            "at_2010_last_3y": 7.56,
            "at_2011_last_3y": 39.7,
            "at_2012_last_3y": 21.39,
            "at_2013_last_3y": 13.63,
            "at_2014_last_3y": 8.92,
            "at_2015_last_3y": -37.99,
            "at_2016_last_3y": -80.25,
            "at_2017_last_3y": -70.37,
            "at_2018_last_3y": -70.37,
            "at_2019_last_3y": -100,
            "at_2020_last_3y": null,
            "at_2021_last_3y": null,
            "at_2022_last_3y": null,
            "at_2023_last_3y": null,
            "at_2024_last_3y": null,
            "at_2006_last_all": -100,
            "at_2007_last_all": -64.29,
            "at_2008_last_all": -9.52,
            "at_2009_last_all": -24.38,
            "at_2010_last_all": -13.95,
            "at_2011_last_all": 5.04,
            "at_2012_last_all": 8.14,
            "at_2013_last_all": -5.37,
            "at_2014_last_all": -5.37,
            "at_2015_last_all": -9.3,
            "at_2016_last_all": -18.37,
            "at_2017_last_all": -18.37,
            "at_2018_last_all": -18.37,
            "at_2019_last_all": -18.37,
            "at_2020_last_all": -18.37,
            "at_2021_last_all": -18.37,
            "at_2022_last_all": -18.37,
            "at_2023_last_all": -18.37,
            "at_2024_last_all": -18.37
        },
        "latest_eps": -0.4,
        "latest_price": 17.8,
        "latest_roe": -2.89,
        "latest_gross_margin": 15.42,
        "latest_equity": 967583,
        "latest_revenue": 190416,
        "latest_gross_profit": 29361,
        "latest_net_income": -7884,
        "latest_debt_ratio": 22.86,
        "latest_current_ratio": 409.1,
        "latest_account_receivable_turnover_ratio": 4.49,
        "latest_inventory_turnover_ratio": 1.96,
        "latest_reinvestment_rate": null,
        "latest_research_to_sale_ratio": 0.36
    },
    "eps_dividends": {
        "2000": {
            "cash": 0.5,
            "stock": 0.8,
            "eps": 0
        },
        "2001": {
            "cash": 0.45,
            "stock": 0.75,
            "eps": 0.76
        },
        "2002": {
            "cash": 0.19,
            "stock": 0.38,
            "eps": -0.74
        },
        "2003": {
            "cash": 0,
            "stock": 0,
            "eps": -2.16
        },
        "2004": {
            "cash": 0,
            "stock": 0,
            "eps": -3.54
        },
        "2005": {
            "cash": 0,
            "stock": 0,
            "eps": -0.43
        },
        "2006": {
            "cash": 0,
            "stock": 0,
            "eps": 0.28
        },
        "2007": {
            "cash": 0,
            "stock": 0,
            "eps": 0.2
        },
        "2008": {
            "cash": 0,
            "stock": 0,
            "eps": 0.58
        },
        "2009": {
            "cash": 0,
            "stock": 0,
            "eps": 0.18
        },
        "2010": {
            "cash": 0.45,
            "stock": 0,
            "eps": 0.23
        },
        "2011": {
            "cash": 0,
            "stock": 0,
            "eps": 0.71
        },
        "2012": {
            "cash": 0.25,
            "stock": 0,
            "eps": 0.9
        },
        "2013": {
            "cash": 0.46,
            "stock": 0.37,
            "eps": -0.35
        },
        "2014": {
            "cash": 0,
            "stock": 0,
            "eps": 0.54
        },
        "2015": {
            "cash": 0.32,
            "stock": 0,
            "eps": 0.32
        },
        "2016": {
            "cash": 0.16,
            "stock": 0,
            "eps": -0.3
        },
        "2017": {
            "cash": 0,
            "stock": 0,
            "eps": -0.3
        },
        "2018": {
            "cash": 0,
            "stock": 0,
            "eps": -0.93
        },
        "2019": {
            "cash": 0,
            "stock": 0,
            "eps": -0.42
        },
        "2020": {
            "cash": 0,
            "stock": 0,
            "eps": -1.82
        },
        "2021": {
            "cash": 0,
            "stock": 0,
            "eps": -0.35
        },
        "2022": {
            "cash": 0,
            "stock": 0,
            "eps": -0.79
        },
        "2023": {
            "cash": 0,
            "stock": 0,
            "eps": -0.43
        }
    },
    "dividends": {
        "2000-05-23": {
            "cash": 0.5,
            "stock": 0.8
        },
        "2001-05-10": {
            "cash": 0.45,
            "stock": 0.75
        },
        "2002-06-14": {
            "cash": 0.19,
            "stock": 0.38
        },
        "2010-03-19": {
            "cash": 0.45,
            "stock": 0
        },
        "2012-06-15": {
            "cash": 0.25,
            "stock": 0
        },
        "2013-06-11": {
            "cash": 0.46,
            "stock": 0.37
        },
        "2015-09-22": {
            "cash": 0.32,
            "stock": 0
        },
        "2016-09-26": {
            "cash": 0.16,
            "stock": 0
        }
    },
    "prices": {
        "200101": "無",
        "200102": "無",
        "200103": "無",
        "200104": "無",
        "200105": "22.46",
        "200106": "21.89",
        "200107": "15.71",
        "200108": "13.89",
        "200109": "10.84",
        "200110": "8.36",
        "200111": "9.60",
        "200112": "11.10",
        "200201": "12.55",
        "200202": "12.27",
        "200203": "12.05",
        "200204": "11.50",
        "200205": "9.05",
        "200206": "8.72",
        "200207": "7.78",
        "200208": "6.45",
        "200209": "6.76",
        "200210": "6.15",
        "200211": "5.81",
        "200212": "5.00",
        "200301": "6.07",
        "200302": "6.44",
        "200303": "5.69",
        "200304": "5.13",
        "200305": "4.04",
        "200306": "5.30",
        "200307": "4.89",
        "200308": "4.37",
        "200309": "3.96",
        "200310": "4.10",
        "200311": "4.24",
        "200312": "4.18",
        "200401": "5.05",
        "200402": "6.34",
        "200403": "5.87",
        "200404": "6.04",
        "200405": "4.77",
        "200406": "4.18",
        "200407": "3.63",
        "200408": "3.18",
        "200409": "2.30",
        "200410": "2.19",
        "200411": "1.88",
        "200412": "1.98",
        "200501": "2.31",
        "200502": "2.63",
        "200503": "2.36",
        "200504": "2.00",
        "200505": "1.95",
        "200506": "2.34",
        "200507": "3.37",
        "200508": "2.73",
        "200509": "2.30",
        "200510": "3.34",
        "200511": "2.99",
        "200512": "3.50",
        "200601": "4.38",
        "200602": "4.14",
        "200603": "4.17",
        "200604": "4.34",
        "200605": "4.79",
        "200606": "4.49",
        "200607": "4.54",
        "200608": "4.43",
        "200609": "4.31",
        "200610": "4.43",
        "200611": "5.11",
        "200612": "7.16",
        "200701": "8.00",
        "200702": "8.33",
        "200703": "15.12",
        "200704": "14.20",
        "200705": "12.75",
        "200706": "14.85",
        "200707": "15.30",
        "200708": "11.77",
        "200709": "10.26",
        "200710": "11.42",
        "200711": "10.26",
        "200712": "8.61",
        "200801": "7.14",
        "200802": "6.88",
        "200803": "9.34",
        "200804": "10.80",
        "200805": "10.00",
        "200806": "8.07",
        "200807": "7.02",
        "200808": "6.98",
        "200809": "5.17",
        "200810": "4.07",
        "200811": "4.02",
        "200812": "4.37",
        "200901": "4.86",
        "200902": "4.89",
        "200903": "5.69",
        "200904": "7.00",
        "200905": "7.70",
        "200906": "7.25",
        "200907": "6.82",
        "200908": "6.88",
        "200909": "7.45",
        "200910": "9.35",
        "200911": "9.92",
        "200912": "13.35",
        "201001": "13.14",
        "201002": "10.65",
        "201003": "11.62",
        "201004": "12.88",
        "201005": "10.95",
        "201006": "10.76",
        "201007": "11.53",
        "201008": "12.08",
        "201009": "10.73",
        "201010": "10.18",
        "201011": "8.93",
        "201012": "8.93",
        "201101": "8.94",
        "201102": "9.60",
        "201103": "11.25",
        "201104": "11.63",
        "201105": "10.88",
        "201106": "10.42",
        "201107": "9.12",
        "201108": "7.33",
        "201109": "7.65",
        "201110": "7.86",
        "201111": "7.62",
        "201112": "6.90",
        "201201": "7.42",
        "201202": "9.02",
        "201203": "9.52",
        "201204": "8.43",
        "201205": "7.79",
        "201206": "7.28",
        "201207": "7.46",
        "201208": "8.26",
        "201209": "8.88",
        "201210": "10.12",
        "201211": "9.86",
        "201212": "10.64",
        "201301": "11.30",
        "201302": "11.01",
        "201303": "10.98",
        "201304": "12.82",
        "201305": "13.33",
        "201306": "12.07",
        "201307": "11.85",
        "201308": "11.32",
        "201309": "10.75",
        "201310": "10.98",
        "201311": "10.85",
        "201312": "11.02",
        "201401": "11.04",
        "201402": "11.01",
        "201403": "11.48",
        "201404": "10.90",
        "201405": "10.42",
        "201406": "10.91",
        "201407": "11.21",
        "201408": "10.94",
        "201409": "11.47",
        "201410": "10.80",
        "201411": "10.35",
        "201412": "11.27",
        "201501": "12.48",
        "201502": "11.89",
        "201503": "12.42",
        "201504": "11.77",
        "201505": "11.48",
        "201506": "11.40",
        "201507": "10.96",
        "201508": "10.17",
        "201509": "10.14",
        "201510": "10.07",
        "201511": "10.10",
        "201512": "11.28",
        "201601": "12.40",
        "201602": "11.97",
        "201603": "13.65",
        "201604": "15.02",
        "201605": "14.56",
        "201606": "14.64",
        "201607": "13.02",
        "201608": "17.63",
        "201609": "32.49",
        "201610": "31.69",
        "201611": "31.71",
        "201612": "33.98",
        "201701": "35.93",
        "201702": "52.28",
        "201703": "62.67",
        "201704": "53.12",
        "201705": "53.11",
        "201706": "55.14",
        "201707": "49.13",
        "201708": "27.96",
        "201709": "35.38",
        "201710": "29.62",
        "201711": "28.88",
        "201712": "26.87",
        "201801": "24.47",
        "201802": "20.50",
        "201803": "19.36",
        "201804": "20.84",
        "201805": "20.35",
        "201806": "20.54",
        "201807": "17.53",
        "201808": "16.60",
        "201809": "14.92",
        "201810": "11.43",
        "201811": "11.10",
        "201812": "11.30",
        "201901": "15.95",
        "201902": "18.00",
        "201903": "17.08",
        "201904": "15.98",
        "201905": "14.14",
        "201906": "13.43",
        "201907": "13.67",
        "201908": "12.39",
        "201909": "12.36",
        "201910": "13.33",
        "201911": "16.35",
        "201912": "16.29",
        "202001": "15.37",
        "202002": "13.79",
        "202003": "12.60",
        "202004": "9.98",
        "202005": "13.20",
        "202006": "11.20",
        "202007": "10.26",
        "202008": "9.21",
        "202009": "8.87",
        "202010": "8.17",
        "202011": "8.23",
        "202012": "7.79",
        "202101": "8.77",
        "202102": "8.65",
        "202103": "7.96",
        "202104": "7.56",
        "202105": "7.53",
        "202106": "7.25",
        "202107": "7.89",
        "202108": "7.70",
        "202109": "9.23",
        "202110": "10.45",
        "202111": "12.30",
        "202112": "14.19",
        "202201": "12.78",
        "202202": "12.19",
        "202203": "11.08",
        "202204": "10.49",
        "202205": "10.77",
        "202206": "11.23",
        "202207": "11.58",
        "202208": "12.27",
        "202209": "11.02",
        "202210": "9.66",
        "202211": "9.49",
        "202212": "10.18",
        "202301": "12.96",
        "202302": "13.79",
        "202303": "18.79",
        "202304": "20.58",
        "202305": "20.75",
        "202306": "21.20",
        "202307": "19.07",
        "202308": "16.72",
        "202309": "15.16",
        "202310": "14.85",
        "202311": "15.68",
        "202312": "17.25"
    },
    "quarters": {
        "20011": {
            "year_quarter": 20011,
            "year": 2001,
            "quarter": 1,
            "eps": 0.54,
            "eps_growth_year": null,
            "eps_4q": null,
            "eps_4q_growth_year": null,
            "roe": 3.89,
            "roe_4q": 3.89,
            "gross_profit": 26109,
            "gross_margin": 7.48,
            "gross_margin_4q_avg": 7.48,
            "net_income": 64193,
            "net_income_4q": null,
            "revenue": 349214,
            "revenue_4q": null,
            "common_shares": 1198000,
            "book_valuer_per_share": 14.05,
            "book_valuer_per_share_4q_avg": 14.05,
            "equity": 1682987,
            "current_ratio": 388.53,
            "debt_ratio": 18.39,
            "inventory_turnover_ratio": 0.41,
            "account_receivable_turnover_ratio": null,
            "reinvestment_rate": null,
            "research_to_sale_ratio": null,
            "price_fair": 0,
            "eps_avg_yearly": 0,
            "eps_latest_yearly": 0,
            "eps_growth_yearly": 0
        },
        "20012": {
            "year_quarter": 20012,
            "year": 2001,
            "quarter": 2,
            "eps": 0.28,
            "eps_growth_year": null,
            "eps_4q": 1.39,
            "eps_4q_growth_year": null,
            "roe": 2.14,
            "roe_4q": 6.03,
            "gross_profit": 90602,
            "gross_margin": 18.57,
            "gross_margin_4q_avg": 13.03,
            "net_income": 35702,
            "net_income_4q": null,
            "revenue": 487874,
            "revenue_4q": null,
            "common_shares": 1198000,
            "book_valuer_per_share": 13.79,
            "book_valuer_per_share_4q_avg": 13.92,
            "equity": 1651774,
            "current_ratio": 280.74,
            "debt_ratio": 25.54,
            "inventory_turnover_ratio": 0.47,
            "account_receivable_turnover_ratio": null,
            "reinvestment_rate": null,
            "research_to_sale_ratio": null,
            "price_fair": 0,
            "eps_avg_yearly": 0,
            "eps_latest_yearly": 0,
            "eps_growth_yearly": 0
        },
        "20013": {
            "year_quarter": 20013,
            "year": 2001,
            "quarter": 3,
            "eps": 0,
            "eps_growth_year": -100,
            "eps_4q": 1.08,
            "eps_4q_growth_year": null,
            "roe": 0.03,
            "roe_4q": 6.0600000000000005,
            "gross_profit": 32228,
            "gross_margin": 10.77,
            "gross_margin_4q_avg": 12.27,
            "net_income": 572,
            "net_income_4q": null,
            "revenue": 299174,
            "revenue_4q": null,
            "common_shares": 1295850,
            "book_valuer_per_share": 12.75,
            "book_valuer_per_share_4q_avg": 13.53,
            "equity": 1652346,
            "current_ratio": 261.03,
            "debt_ratio": 27.55,
            "inventory_turnover_ratio": 0.29,
            "account_receivable_turnover_ratio": null,
            "reinvestment_rate": null,
            "research_to_sale_ratio": null,
            "price_fair": 0,
            "eps_avg_yearly": 0,
            "eps_latest_yearly": 0,
            "eps_growth_yearly": 0
        },
        "20014": {
            "year_quarter": 20014,
            "year": 2001,
            "quarter": 4,
            "eps": -0.06,
            "eps_growth_year": -118.18,
            "eps_4q": 0.72,
            "eps_4q_growth_year": null,
            "roe": -0.45,
            "roe_4q": 5.61,
            "gross_profit": 18178,
            "gross_margin": 7.29,
            "gross_margin_4q_avg": 11.03,
            "net_income": -7475,
            "net_income_4q": null,
            "revenue": 249232,
            "revenue_4q": null,
            "common_shares": 1295850,
            "book_valuer_per_share": 12.69,
            "book_valuer_per_share_4q_avg": 13.32,
            "equity": 1644871,
            "current_ratio": 279.34,
            "debt_ratio": 25.42,
            "inventory_turnover_ratio": 0.23,
            "account_receivable_turnover_ratio": null,
            "reinvestment_rate": null,
            "research_to_sale_ratio": null,
            "price_fair": 0,
            "eps_avg_yearly": 0,
            "eps_latest_yearly": 0,
            "eps_growth_yearly": 0
        },
        "20021": {
            "year_quarter": 20021,
            "year": 2002,
            "quarter": 1,
            "eps": -0.04,
            "eps_growth_year": -107.41,
            "eps_4q": 0.17,
            "eps_4q_growth_year": null,
            "roe": -0.33,
            "roe_4q": 1.3900000000000001,
            "gross_profit": -1517,
            "gross_margin": -0.95,
            "gross_margin_4q_avg": 8.92,
            "net_income": -5456,
            "net_income_4q": null,
            "revenue": 159621,
            "revenue_4q": null,
            "common_shares": 1295850,
            "book_valuer_per_share": 12.65,
            "book_valuer_per_share_4q_avg": 12.97,
            "equity": 1639415,
            "current_ratio": 270.58,
            "debt_ratio": 26.32,
            "inventory_turnover_ratio": 0.16,
            "account_receivable_turnover_ratio": null,
            "reinvestment_rate": null,
            "research_to_sale_ratio": null,
            "price_fair": 0,
            "eps_avg_yearly": 0,
            "eps_latest_yearly": 0,
            "eps_growth_yearly": 0
        },
        "20022": {
            "year_quarter": 20022,
            "year": 2002,
            "quarter": 2,
            "eps": -0.25,
            "eps_growth_year": -189.29,
            "eps_4q": -0.34,
            "eps_4q_growth_year": -124.42,
            "roe": -1.98,
            "roe_4q": -2.7300000000000004,
            "gross_profit": 5496,
            "gross_margin": 2.22,
            "gross_margin_4q_avg": 4.83,
            "net_income": -31774,
            "net_income_4q": null,
            "revenue": 247281,
            "revenue_4q": null,
            "common_shares": 1295850,
            "book_valuer_per_share": 12.17,
            "book_valuer_per_share_4q_avg": 12.57,
            "equity": 1577048,
            "current_ratio": 319.07,
            "debt_ratio": 21.72,
            "inventory_turnover_ratio": 0.26,
            "account_receivable_turnover_ratio": null,
            "reinvestment_rate": null,
            "research_to_sale_ratio": null,
            "price_fair": 0,
            "eps_avg_yearly": 0,
            "eps_latest_yearly": 0,
            "eps_growth_yearly": 0
        },
        "20023": {
            "year_quarter": 20023,
            "year": 2002,
            "quarter": 3,
            "eps": -0.16,
            "eps_growth_year": null,
            "eps_4q": -0.49,
            "eps_4q_growth_year": -145.83,
            "roe": -1.42,
            "roe_4q": -4.18,
            "gross_profit": 16863,
            "gross_margin": 6.27,
            "gross_margin_4q_avg": 3.71,
            "net_income": -22069,
            "net_income_4q": null,
            "revenue": 268809,
            "revenue_4q": null,
            "common_shares": 1350000,
            "book_valuer_per_share": 11.39,
            "book_valuer_per_share_4q_avg": 12.23,
            "equity": 1537448,
            "current_ratio": 230.49,
            "debt_ratio": 31.4,
            "inventory_turnover_ratio": 0.27,
            "account_receivable_turnover_ratio": null,
            "reinvestment_rate": null,
            "research_to_sale_ratio": null,
            "price_fair": 0,
            "eps_avg_yearly": 0,
            "eps_latest_yearly": 0,
            "eps_growth_yearly": 0
        },
        "20024": {
            "year_quarter": 20024,
            "year": 2002,
            "quarter": 4,
            "eps": -0.29,
            "eps_growth_year": null,
            "eps_4q": -0.73,
            "eps_4q_growth_year": -201.39,
            "roe": -2.53,
            "roe_4q": -6.26,
            "gross_profit": 2055,
            "gross_margin": 0.49,
            "gross_margin_4q_avg": 2.01,
            "net_income": -38435,
            "net_income_4q": null,
            "revenue": 417078,
            "revenue_4q": null,
            "common_shares": 1350000,
            "book_valuer_per_share": 11.08,
            "book_valuer_per_share_4q_avg": 11.82,
            "equity": 1495636,
            "current_ratio": 374.73,
            "debt_ratio": 17.98,
            "inventory_turnover_ratio": 0.46,
            "account_receivable_turnover_ratio": null,
            "reinvestment_rate": null,
            "research_to_sale_ratio": null,
            "price_fair": 0,
            "eps_avg_yearly": 0,
            "eps_latest_yearly": 0,
            "eps_growth_yearly": 0
        },
        "20031": {
            "year_quarter": 20031,
            "year": 2003,
            "quarter": 1,
            "eps": -0.45,
            "eps_growth_year": null,
            "eps_4q": -1.15,
            "eps_4q_growth_year": -771.39,
            "roe": -4.06,
            "roe_4q": -9.99,
            "gross_profit": -23243,
            "gross_margin": -17.94,
            "gross_margin_4q_avg": -2.24,
            "net_income": -59408,
            "net_income_4q": null,
            "revenue": 129529,
            "revenue_4q": null,
            "common_shares": 1316070,
            "book_valuer_per_share": 10.9,
            "book_valuer_per_share_4q_avg": 11.39,
            "equity": 1434108,
            "current_ratio": 270.24,
            "debt_ratio": 27.93,
            "inventory_turnover_ratio": 0.18,
            "account_receivable_turnover_ratio": null,
            "reinvestment_rate": null,
            "research_to_sale_ratio": null,
            "price_fair": 0,
            "eps_avg_yearly": 0,
            "eps_latest_yearly": 0,
            "eps_growth_yearly": 0
        },
        "20032": {
            "year_quarter": 20032,
            "year": 2003,
            "quarter": 2,
            "eps": -0.42,
            "eps_growth_year": null,
            "eps_4q": -1.33,
            "eps_4q_growth_year": null,
            "roe": -3.9,
            "roe_4q": -11.909999999999998,
            "gross_profit": -18575,
            "gross_margin": -14.71,
            "gross_margin_4q_avg": -6.47,
            "net_income": -54823,
            "net_income_4q": null,
            "revenue": 126291,
            "revenue_4q": null,
            "common_shares": 1316070,
            "book_valuer_per_share": 10.46,
            "book_valuer_per_share_4q_avg": 10.96,
            "equity": 1376373,
            "current_ratio": 315.03,
            "debt_ratio": 23.25,
            "inventory_turnover_ratio": 0.17,
            "account_receivable_turnover_ratio": null,
            "reinvestment_rate": null,
            "research_to_sale_ratio": null,
            "price_fair": 0,
            "eps_avg_yearly": 0,
            "eps_latest_yearly": 0,
            "eps_growth_yearly": 0
        },
        "20033": {
            "year_quarter": 20033,
            "year": 2003,
            "quarter": 3,
            "eps": -0.64,
            "eps_growth_year": null,
            "eps_4q": -1.81,
            "eps_4q_growth_year": null,
            "roe": -6.29,
            "roe_4q": -16.78,
            "gross_profit": -28181,
            "gross_margin": -9.97,
            "gross_margin_4q_avg": -10.53,
            "net_income": -83905,
            "net_income_4q": null,
            "revenue": 282777,
            "revenue_4q": null,
            "common_shares": 1309230,
            "book_valuer_per_share": 9.87,
            "book_valuer_per_share_4q_avg": 10.58,
            "equity": 1292468,
            "current_ratio": 287.77,
            "debt_ratio": 24.64,
            "inventory_turnover_ratio": 0.4,
            "account_receivable_turnover_ratio": null,
            "reinvestment_rate": null,
            "research_to_sale_ratio": null,
            "price_fair": 0,
            "eps_avg_yearly": 0,
            "eps_latest_yearly": 0,
            "eps_growth_yearly": 0
        },
        "20034": {
            "year_quarter": 20034,
            "year": 2003,
            "quarter": 4,
            "eps": -0.65,
            "eps_growth_year": null,
            "eps_4q": -2.16,
            "eps_4q_growth_year": null,
            "roe": -6.87,
            "roe_4q": -21.119999999999997,
            "gross_profit": -47303,
            "gross_margin": -56.69,
            "gross_margin_4q_avg": -24.83,
            "net_income": -85839,
            "net_income_4q": null,
            "revenue": 83445,
            "revenue_4q": null,
            "common_shares": 1309230,
            "book_valuer_per_share": 9.22,
            "book_valuer_per_share_4q_avg": 10.11,
            "equity": 1206629,
            "current_ratio": 342.45,
            "debt_ratio": 20.67,
            "inventory_turnover_ratio": 0.2,
            "account_receivable_turnover_ratio": null,
            "reinvestment_rate": null,
            "research_to_sale_ratio": null,
            "price_fair": 0,
            "eps_avg_yearly": 0,
            "eps_latest_yearly": 0,
            "eps_growth_yearly": 0
        },
        "20041": {
            "year_quarter": 20041,
            "year": 2004,
            "quarter": 1,
            "eps": -0.59,
            "eps_growth_year": null,
            "eps_4q": -2.31,
            "eps_4q_growth_year": null,
            "roe": -6.59,
            "roe_4q": -23.65,
            "gross_profit": -37307,
            "gross_margin": -51.92,
            "gross_margin_4q_avg": -33.32,
            "net_income": -76984,
            "net_income_4q": null,
            "revenue": 71852,
            "revenue_4q": null,
            "common_shares": 1309230,
            "book_valuer_per_share": 8.63,
            "book_valuer_per_share_4q_avg": 9.55,
            "equity": 1129645,
            "current_ratio": 294.06,
            "debt_ratio": 23.15,
            "inventory_turnover_ratio": 0.2,
            "account_receivable_turnover_ratio": null,
            "reinvestment_rate": null,
            "research_to_sale_ratio": null,
            "price_fair": 0,
            "eps_avg_yearly": 0,
            "eps_latest_yearly": 0,
            "eps_growth_yearly": 0
        },
        "20042": {
            "year_quarter": 20042,
            "year": 2004,
            "quarter": 2,
            "eps": -1.08,
            "eps_growth_year": null,
            "eps_4q": -2.97,
            "eps_4q_growth_year": null,
            "roe": -13.37,
            "roe_4q": -33.120000000000005,
            "gross_profit": -96583,
            "gross_margin": -89.34,
            "gross_margin_4q_avg": -51.98,
            "net_income": -141535,
            "net_income_4q": null,
            "revenue": 108113,
            "revenue_4q": null,
            "common_shares": 1309230,
            "book_valuer_per_share": 7.55,
            "book_valuer_per_share_4q_avg": 8.82,
            "equity": 988110,
            "current_ratio": 273.77,
            "debt_ratio": 23.56,
            "inventory_turnover_ratio": 0.42,
            "account_receivable_turnover_ratio": null,
            "reinvestment_rate": null,
            "research_to_sale_ratio": null,
            "price_fair": 0,
            "eps_avg_yearly": 0,
            "eps_latest_yearly": 0,
            "eps_growth_yearly": 0
        },
        "20043": {
            "year_quarter": 20043,
            "year": 2004,
            "quarter": 3,
            "eps": -0.97,
            "eps_growth_year": null,
            "eps_4q": -3.29,
            "eps_4q_growth_year": null,
            "roe": -13.72,
            "roe_4q": -40.55,
            "gross_profit": -48011,
            "gross_margin": -56.64,
            "gross_margin_4q_avg": -63.65,
            "net_income": -126645,
            "net_income_4q": null,
            "revenue": 84769,
            "revenue_4q": null,
            "common_shares": 1309230,
            "book_valuer_per_share": 6.55,
            "book_valuer_per_share_4q_avg": 7.99,
            "equity": 857972,
            "current_ratio": 230.02,
            "debt_ratio": 27.18,
            "inventory_turnover_ratio": 0.33,
            "account_receivable_turnover_ratio": null,
            "reinvestment_rate": null,
            "research_to_sale_ratio": null,
            "price_fair": 0,
            "eps_avg_yearly": 0,
            "eps_latest_yearly": 0,
            "eps_growth_yearly": 0
        },
        "20044": {
            "year_quarter": 20044,
            "year": 2004,
            "quarter": 4,
            "eps": -0.9,
            "eps_growth_year": null,
            "eps_4q": -3.53,
            "eps_4q_growth_year": null,
            "roe": -14.64,
            "roe_4q": -48.31999999999999,
            "gross_profit": -53951,
            "gross_margin": -71.34,
            "gross_margin_4q_avg": -67.31,
            "net_income": -117284,
            "net_income_4q": null,
            "revenue": 75623,
            "revenue_4q": null,
            "common_shares": 1309230,
            "book_valuer_per_share": 5.68,
            "book_valuer_per_share_4q_avg": 7.1,
            "equity": 743879,
            "current_ratio": 206.07,
            "debt_ratio": 26.89,
            "inventory_turnover_ratio": 0.44,
            "account_receivable_turnover_ratio": null,
            "reinvestment_rate": null,
            "research_to_sale_ratio": null,
            "price_fair": 0,
            "eps_avg_yearly": 0,
            "eps_latest_yearly": 0,
            "eps_growth_yearly": 0
        },
        "20051": {
            "year_quarter": 20051,
            "year": 2005,
            "quarter": 1,
            "eps": -0.25,
            "eps_growth_year": null,
            "eps_4q": -3.25,
            "eps_4q_growth_year": null,
            "roe": -4.41,
            "roe_4q": -46.14,
            "gross_profit": 632,
            "gross_margin": 1.07,
            "gross_margin_4q_avg": -54.06,
            "net_income": -32103,
            "net_income_4q": null,
            "revenue": 59310,
            "revenue_4q": null,
            "common_shares": 1309230,
            "book_valuer_per_share": 5.44,
            "book_valuer_per_share_4q_avg": 6.31,
            "equity": 711745,
            "current_ratio": 197.54,
            "debt_ratio": 29.28,
            "inventory_turnover_ratio": 0.26,
            "account_receivable_turnover_ratio": null,
            "reinvestment_rate": null,
            "research_to_sale_ratio": null,
            "price_fair": 0,
            "eps_avg_yearly": 0,
            "eps_latest_yearly": 0,
            "eps_growth_yearly": 0
        },
        "20052": {
            "year_quarter": 20052,
            "year": 2005,
            "quarter": 2,
            "eps": -0.08,
            "eps_growth_year": null,
            "eps_4q": -2.19,
            "eps_4q_growth_year": null,
            "roe": -1.47,
            "roe_4q": -34.24,
            "gross_profit": 32312,
            "gross_margin": 18.22,
            "gross_margin_4q_avg": -27.17,
            "net_income": -10401,
            "net_income_4q": null,
            "revenue": 177336,
            "revenue_4q": null,
            "common_shares": 1309230,
            "book_valuer_per_share": 5.36,
            "book_valuer_per_share_4q_avg": 5.76,
            "equity": 701346,
            "current_ratio": 189.78,
            "debt_ratio": 31.25,
            "inventory_turnover_ratio": 0.71,
            "account_receivable_turnover_ratio": null,
            "reinvestment_rate": null,
            "research_to_sale_ratio": null,
            "price_fair": 0,
            "eps_avg_yearly": 0,
            "eps_latest_yearly": 0,
            "eps_growth_yearly": 0
        },
        "20053": {
            "year_quarter": 20053,
            "year": 2005,
            "quarter": 3,
            "eps": -0.21,
            "eps_growth_year": null,
            "eps_4q": -2.4,
            "eps_4q_growth_year": null,
            "roe": -2.26,
            "roe_4q": -22.78,
            "gross_profit": 12192,
            "gross_margin": 8.71,
            "gross_margin_4q_avg": -10.84,
            "net_income": -15677,
            "net_income_4q": null,
            "revenue": 139952,
            "revenue_4q": null,
            "common_shares": 729970,
            "book_valuer_per_share": 9.4,
            "book_valuer_per_share_4q_avg": 6.47,
            "equity": 685819,
            "current_ratio": 193.47,
            "debt_ratio": 30.66,
            "inventory_turnover_ratio": 0.7,
            "account_receivable_turnover_ratio": null,
            "reinvestment_rate": null,
            "research_to_sale_ratio": null,
            "price_fair": 0,
            "eps_avg_yearly": 0,
            "eps_latest_yearly": 0,
            "eps_growth_yearly": 0
        },
        "20054": {
            "year_quarter": 20054,
            "year": 2005,
            "quarter": 4,
            "eps": 0.11,
            "eps_growth_year": null,
            "eps_4q": -0.69,
            "eps_4q_growth_year": null,
            "roe": 1.16,
            "roe_4q": -6.98,
            "gross_profit": 39874,
            "gross_margin": 18.12,
            "gross_margin_4q_avg": 11.53,
            "net_income": 8009,
            "net_income_4q": null,
            "revenue": 220101,
            "revenue_4q": null,
            "common_shares": 729970,
            "book_valuer_per_share": 9.51,
            "book_valuer_per_share_4q_avg": 7.43,
            "equity": 693898,
            "current_ratio": 182.28,
            "debt_ratio": 34.6,
            "inventory_turnover_ratio": 0.91,
            "account_receivable_turnover_ratio": null,
            "reinvestment_rate": null,
            "research_to_sale_ratio": null,
            "price_fair": 0,
            "eps_avg_yearly": 0,
            "eps_latest_yearly": 0,
            "eps_growth_yearly": 0
        },
        "20061": {
            "year_quarter": 20061,
            "year": 2006,
            "quarter": 1,
            "eps": -0.3,
            "eps_growth_year": null,
            "eps_4q": -0.55,
            "eps_4q_growth_year": null,
            "roe": -3.13,
            "roe_4q": -5.699999999999999,
            "gross_profit": 12510,
            "gross_margin": 10.94,
            "gross_margin_4q_avg": 14,
            "net_income": -21757,
            "net_income_4q": null,
            "revenue": 114347,
            "revenue_4q": null,
            "common_shares": 729970,
            "book_valuer_per_share": 9.55,
            "book_valuer_per_share_4q_avg": 8.46,
            "equity": 697190,
            "current_ratio": 175.52,
            "debt_ratio": 33.2,
            "inventory_turnover_ratio": 0.52,
            "account_receivable_turnover_ratio": null,
            "reinvestment_rate": null,
            "research_to_sale_ratio": null,
            "price_fair": 0,
            "eps_avg_yearly": 0,
            "eps_latest_yearly": 0,
            "eps_growth_yearly": 0
        },
        "20062": {
            "year_quarter": 20062,
            "year": 2006,
            "quarter": 2,
            "eps": -0.04,
            "eps_growth_year": null,
            "eps_4q": -0.45,
            "eps_4q_growth_year": null,
            "roe": -0.46,
            "roe_4q": -4.6899999999999995,
            "gross_profit": 27941,
            "gross_margin": 11.81,
            "gross_margin_4q_avg": 12.4,
            "net_income": -3225,
            "net_income_4q": null,
            "revenue": 236663,
            "revenue_4q": null,
            "common_shares": 729970,
            "book_valuer_per_share": 9.52,
            "book_valuer_per_share_4q_avg": 9.5,
            "equity": 694611,
            "current_ratio": 186.67,
            "debt_ratio": 32.27,
            "inventory_turnover_ratio": 1.18,
            "account_receivable_turnover_ratio": null,
            "reinvestment_rate": null,
            "research_to_sale_ratio": null,
            "price_fair": 0,
            "eps_avg_yearly": 0,
            "eps_latest_yearly": 0,
            "eps_growth_yearly": 0
        },
        "20063": {
            "year_quarter": 20063,
            "year": 2006,
            "quarter": 3,
            "eps": 0.02,
            "eps_growth_year": null,
            "eps_4q": -0.17,
            "eps_4q_growth_year": null,
            "roe": 0.26,
            "roe_4q": -2.17,
            "gross_profit": 25799,
            "gross_margin": 11.89,
            "gross_margin_4q_avg": 13.19,
            "net_income": 1782,
            "net_income_4q": null,
            "revenue": 216960,
            "revenue_4q": null,
            "common_shares": 729970,
            "book_valuer_per_share": 9.4,
            "book_valuer_per_share_4q_avg": 9.5,
            "equity": 686095,
            "current_ratio": 186.66,
            "debt_ratio": 32.95,
            "inventory_turnover_ratio": 1.27,
            "account_receivable_turnover_ratio": null,
            "reinvestment_rate": null,
            "research_to_sale_ratio": null,
            "price_fair": 0,
            "eps_avg_yearly": 0,
            "eps_latest_yearly": 0,
            "eps_growth_yearly": 0
        },
        "20064": {
            "year_quarter": 20064,
            "year": 2006,
            "quarter": 4,
            "eps": 0.6,
            "eps_growth_year": 445.45,
            "eps_4q": 0.28,
            "eps_4q_growth_year": null,
            "roe": 5.98,
            "roe_4q": 2.6500000000000004,
            "gross_profit": 51253,
            "gross_margin": 16.04,
            "gross_margin_4q_avg": 12.67,
            "net_income": 43649,
            "net_income_4q": null,
            "revenue": 319493,
            "revenue_4q": null,
            "common_shares": 729970,
            "book_valuer_per_share": 10.57,
            "book_valuer_per_share_4q_avg": 9.76,
            "equity": 774229,
            "current_ratio": 192.04,
            "debt_ratio": 34.16,
            "inventory_turnover_ratio": 2.09,
            "account_receivable_turnover_ratio": null,
            "reinvestment_rate": null,
            "research_to_sale_ratio": null,
            "price_fair": 84,
            "eps_avg_yearly": 2.4,
            "eps_latest_yearly": 2.4,
            "eps_growth_yearly": 11600
        },
        "20071": {
            "year_quarter": 20071,
            "year": 2007,
            "quarter": 1,
            "eps": -0.31,
            "eps_growth_year": null,
            "eps_4q": 0.26,
            "eps_4q_growth_year": null,
            "roe": -2.79,
            "roe_4q": 2.99,
            "gross_profit": 10282,
            "gross_margin": 7.79,
            "gross_margin_4q_avg": 11.88,
            "net_income": -22923,
            "net_income_4q": null,
            "revenue": 131965,
            "revenue_4q": null,
            "common_shares": 729970,
            "book_valuer_per_share": 11.89,
            "book_valuer_per_share_4q_avg": 10.35,
            "equity": 867692,
            "current_ratio": 205.37,
            "debt_ratio": 28.63,
            "inventory_turnover_ratio": 1.02,
            "account_receivable_turnover_ratio": null,
            "reinvestment_rate": null,
            "research_to_sale_ratio": null,
            "price_fair": 84,
            "eps_avg_yearly": 2.4,
            "eps_latest_yearly": 2.4,
            "eps_growth_yearly": 11600
        },
        "20072": {
            "year_quarter": 20072,
            "year": 2007,
            "quarter": 2,
            "eps": -0.22,
            "eps_growth_year": null,
            "eps_4q": 0.09,
            "eps_4q_growth_year": null,
            "roe": -1.86,
            "roe_4q": 1.59,
            "gross_profit": 11292,
            "gross_margin": 9.42,
            "gross_margin_4q_avg": 11.29,
            "net_income": -15696,
            "net_income_4q": null,
            "revenue": 119851,
            "revenue_4q": null,
            "common_shares": 729970,
            "book_valuer_per_share": 11.18,
            "book_valuer_per_share_4q_avg": 10.76,
            "equity": 816125,
            "current_ratio": 204.55,
            "debt_ratio": 30.47,
            "inventory_turnover_ratio": 0.77,
            "account_receivable_turnover_ratio": null,
            "reinvestment_rate": null,
            "research_to_sale_ratio": null,
            "price_fair": 84,
            "eps_avg_yearly": 2.4,
            "eps_latest_yearly": 2.4,
            "eps_growth_yearly": 11600
        },
        "20073": {
            "year_quarter": 20073,
            "year": 2007,
            "quarter": 3,
            "eps": -0.08,
            "eps_growth_year": -500,
            "eps_4q": -0.01,
            "eps_4q_growth_year": null,
            "roe": -0.75,
            "roe_4q": 0.5800000000000001,
            "gross_profit": 32854,
            "gross_margin": 11.48,
            "gross_margin_4q_avg": 11.18,
            "net_income": -5755,
            "net_income_4q": null,
            "revenue": 286117,
            "revenue_4q": null,
            "common_shares": 729970,
            "book_valuer_per_share": 9.84,
            "book_valuer_per_share_4q_avg": 10.87,
            "equity": 718338,
            "current_ratio": 195.24,
            "debt_ratio": 35.55,
            "inventory_turnover_ratio": 1.31,
            "account_receivable_turnover_ratio": null,
            "reinvestment_rate": null,
            "research_to_sale_ratio": null,
            "price_fair": 84,
            "eps_avg_yearly": 2.4,
            "eps_latest_yearly": 2.4,
            "eps_growth_yearly": 11600
        },
        "20074": {
            "year_quarter": 20074,
            "year": 2007,
            "quarter": 4,
            "eps": 0.81,
            "eps_growth_year": 35,
            "eps_4q": 0.2,
            "eps_4q_growth_year": -28.03,
            "roe": 8.1,
            "roe_4q": 2.6999999999999993,
            "gross_profit": 67907,
            "gross_margin": 18.39,
            "gross_margin_4q_avg": 11.77,
            "net_income": 59147,
            "net_income_4q": null,
            "revenue": 369218,
            "revenue_4q": null,
            "common_shares": 729970,
            "book_valuer_per_share": 10.09,
            "book_valuer_per_share_4q_avg": 10.75,
            "equity": 742149,
            "current_ratio": 198.32,
            "debt_ratio": 37.2,
            "inventory_turnover_ratio": 1.38,
            "account_receivable_turnover_ratio": null,
            "reinvestment_rate": null,
            "research_to_sale_ratio": null,
            "price_fair": 84,
            "eps_avg_yearly": 2.4,
            "eps_latest_yearly": 2.4,
            "eps_growth_yearly": 11600
        },
        "20081": {
            "year_quarter": 20081,
            "year": 2008,
            "quarter": 1,
            "eps": -0.16,
            "eps_growth_year": null,
            "eps_4q": 0.36,
            "eps_4q_growth_year": 38.46,
            "roe": -1.58,
            "roe_4q": 3.9099999999999993,
            "gross_profit": 25010,
            "gross_margin": 16.43,
            "gross_margin_4q_avg": 13.93,
            "net_income": -11588,
            "net_income_4q": null,
            "revenue": 152197,
            "revenue_4q": null,
            "common_shares": 729970,
            "book_valuer_per_share": 9.87,
            "book_valuer_per_share_4q_avg": 10.25,
            "equity": 726055,
            "current_ratio": 203.56,
            "debt_ratio": 36.06,
            "inventory_turnover_ratio": 0.7,
            "account_receivable_turnover_ratio": null,
            "reinvestment_rate": null,
            "research_to_sale_ratio": null,
            "price_fair": 84,
            "eps_avg_yearly": 2.4,
            "eps_latest_yearly": 2.4,
            "eps_growth_yearly": 11600
        },
        "20082": {
            "year_quarter": 20082,
            "year": 2008,
            "quarter": 2,
            "eps": -0.03,
            "eps_growth_year": null,
            "eps_4q": 0.54,
            "eps_4q_growth_year": 478.13,
            "roe": -0.32,
            "roe_4q": 5.449999999999999,
            "gross_profit": 34812,
            "gross_margin": 11.34,
            "gross_margin_4q_avg": 14.41,
            "net_income": -2326,
            "net_income_4q": null,
            "revenue": 306992,
            "revenue_4q": null,
            "common_shares": 729970,
            "book_valuer_per_share": 9.59,
            "book_valuer_per_share_4q_avg": 9.85,
            "equity": 710804,
            "current_ratio": 218.06,
            "debt_ratio": 31.51,
            "inventory_turnover_ratio": 1.54,
            "account_receivable_turnover_ratio": null,
            "reinvestment_rate": null,
            "research_to_sale_ratio": null,
            "price_fair": 84,
            "eps_avg_yearly": 2.4,
            "eps_latest_yearly": 2.4,
            "eps_growth_yearly": 11600
        },
        "20083": {
            "year_quarter": 20083,
            "year": 2008,
            "quarter": 3,
            "eps": 0.18,
            "eps_growth_year": null,
            "eps_4q": 0.74,
            "eps_4q_growth_year": null,
            "roe": 2,
            "roe_4q": 8.2,
            "gross_profit": 32272,
            "gross_margin": 18.02,
            "gross_margin_4q_avg": 16.05,
            "net_income": 14109,
            "net_income_4q": null,
            "revenue": 179098,
            "revenue_4q": null,
            "common_shares": 729970,
            "book_valuer_per_share": 9.47,
            "book_valuer_per_share_4q_avg": 9.76,
            "equity": 703202,
            "current_ratio": 209.73,
            "debt_ratio": 37.42,
            "inventory_turnover_ratio": 0.78,
            "account_receivable_turnover_ratio": null,
            "reinvestment_rate": null,
            "research_to_sale_ratio": null,
            "price_fair": 84,
            "eps_avg_yearly": 2.4,
            "eps_latest_yearly": 2.4,
            "eps_growth_yearly": 11600
        },
        "20084": {
            "year_quarter": 20084,
            "year": 2008,
            "quarter": 4,
            "eps": 0.59,
            "eps_growth_year": -27.16,
            "eps_4q": 0.54,
            "eps_4q_growth_year": 169.34,
            "roe": 6.28,
            "roe_4q": 6.380000000000001,
            "gross_profit": 97703,
            "gross_margin": 16.49,
            "gross_margin_4q_avg": 15.57,
            "net_income": 45553,
            "net_income_4q": null,
            "revenue": 592585,
            "revenue_4q": null,
            "common_shares": 729970,
            "book_valuer_per_share": 10.04,
            "book_valuer_per_share_4q_avg": 9.74,
            "equity": 748019,
            "current_ratio": 227.18,
            "debt_ratio": 34.32,
            "inventory_turnover_ratio": 2.5,
            "account_receivable_turnover_ratio": 4.72,
            "reinvestment_rate": -227.89,
            "research_to_sale_ratio": null,
            "price_fair": 83.3,
            "eps_avg_yearly": 2.38,
            "eps_latest_yearly": 2.36,
            "eps_growth_yearly": 6255.56
        },
        "20091": {
            "year_quarter": 20091,
            "year": 2009,
            "quarter": 1,
            "eps": -0.17,
            "eps_growth_year": null,
            "eps_4q": 0.57,
            "eps_4q_growth_year": 57.62,
            "roe": -1.27,
            "roe_4q": 6.6899999999999995,
            "gross_profit": 26757,
            "gross_margin": 10.68,
            "gross_margin_4q_avg": 14.13,
            "net_income": -9579,
            "net_income_4q": null,
            "revenue": 250484,
            "revenue_4q": null,
            "common_shares": 729970,
            "book_valuer_per_share": 10.17,
            "book_valuer_per_share_4q_avg": 9.82,
            "equity": 759589,
            "current_ratio": 377,
            "debt_ratio": 21.15,
            "inventory_turnover_ratio": 1.01,
            "account_receivable_turnover_ratio": 1.38,
            "reinvestment_rate": -128.52,
            "research_to_sale_ratio": null,
            "price_fair": 83.3,
            "eps_avg_yearly": 2.38,
            "eps_latest_yearly": 2.36,
            "eps_growth_yearly": 6255.56
        },
        "20092": {
            "year_quarter": 20092,
            "year": 2009,
            "quarter": 2,
            "eps": -0.08,
            "eps_growth_year": null,
            "eps_4q": 0.52,
            "eps_4q_growth_year": -2.74,
            "roe": -0.74,
            "roe_4q": 6.2700000000000005,
            "gross_profit": 32480,
            "gross_margin": 15.46,
            "gross_margin_4q_avg": 15.16,
            "net_income": -5650,
            "net_income_4q": null,
            "revenue": 210023,
            "revenue_4q": null,
            "common_shares": 729970,
            "book_valuer_per_share": 10.29,
            "book_valuer_per_share_4q_avg": 9.99,
            "equity": 769604,
            "current_ratio": 278.08,
            "debt_ratio": 27.83,
            "inventory_turnover_ratio": 0.75,
            "account_receivable_turnover_ratio": 2.11,
            "reinvestment_rate": -59.6,
            "research_to_sale_ratio": null,
            "price_fair": 83.3,
            "eps_avg_yearly": 2.38,
            "eps_latest_yearly": 2.36,
            "eps_growth_yearly": 6255.56
        },
        "20093": {
            "year_quarter": 20093,
            "year": 2009,
            "quarter": 3,
            "eps": -0.04,
            "eps_growth_year": -122.22,
            "eps_4q": 0.3,
            "eps_4q_growth_year": -59.8,
            "roe": -0.49,
            "roe_4q": 3.7800000000000002,
            "gross_profit": 33419,
            "gross_margin": 13.76,
            "gross_margin_4q_avg": 14.1,
            "net_income": -3876,
            "net_income_4q": null,
            "revenue": 242854,
            "revenue_4q": null,
            "common_shares": 729970,
            "book_valuer_per_share": 10.82,
            "book_valuer_per_share_4q_avg": 10.33,
            "equity": 807966,
            "current_ratio": 281.5,
            "debt_ratio": 25.42,
            "inventory_turnover_ratio": 0.79,
            "account_receivable_turnover_ratio": 2.22,
            "reinvestment_rate": 23.38,
            "research_to_sale_ratio": null,
            "price_fair": 83.3,
            "eps_avg_yearly": 2.38,
            "eps_latest_yearly": 2.36,
            "eps_growth_yearly": 6255.56
        },
        "20094": {
            "year_quarter": 20094,
            "year": 2009,
            "quarter": 4,
            "eps": 0.47,
            "eps_growth_year": -20.34,
            "eps_4q": 0.17,
            "eps_4q_growth_year": -68.15,
            "roe": 4.51,
            "roe_4q": 2.0099999999999993,
            "gross_profit": 94289,
            "gross_margin": 19.99,
            "gross_margin_4q_avg": 14.97,
            "net_income": 38336,
            "net_income_4q": null,
            "revenue": 471607,
            "revenue_4q": null,
            "common_shares": 749925,
            "book_valuer_per_share": 11.61,
            "book_valuer_per_share_4q_avg": 10.72,
            "equity": 893099,
            "current_ratio": 265.33,
            "debt_ratio": 26.64,
            "inventory_turnover_ratio": 2.23,
            "account_receivable_turnover_ratio": 10.78,
            "reinvestment_rate": 234.12,
            "research_to_sale_ratio": null,
            "price_fair": 83.3,
            "eps_avg_yearly": 2.38,
            "eps_latest_yearly": 2.36,
            "eps_growth_yearly": 6255.56
        },
        "20101": {
            "year_quarter": 20101,
            "year": 2010,
            "quarter": 1,
            "eps": 0.02,
            "eps_growth_year": null,
            "eps_4q": 0.35,
            "eps_4q_growth_year": -37.99,
            "roe": 0.07,
            "roe_4q": 3.3499999999999996,
            "gross_profit": 36879,
            "gross_margin": 19.21,
            "gross_margin_4q_avg": 17.11,
            "net_income": 611,
            "net_income_4q": null,
            "revenue": 191956,
            "revenue_4q": null,
            "common_shares": 756095,
            "book_valuer_per_share": 11.26,
            "book_valuer_per_share_4q_avg": 11,
            "equity": 872309,
            "current_ratio": 270.26,
            "debt_ratio": 26.3,
            "inventory_turnover_ratio": 2.11,
            "account_receivable_turnover_ratio": 1.81,
            "reinvestment_rate": 171.63,
            "research_to_sale_ratio": 2.75,
            "price_fair": 56.47,
            "eps_avg_yearly": 1.61,
            "eps_latest_yearly": 0.08,
            "eps_growth_yearly": 4042.71
        },
        "20102": {
            "year_quarter": 20102,
            "year": 2010,
            "quarter": 2,
            "eps": -0.06,
            "eps_growth_year": null,
            "eps_4q": 0.37,
            "eps_4q_growth_year": -29.28,
            "roe": -0.36,
            "roe_4q": 3.7299999999999995,
            "gross_profit": 35822,
            "gross_margin": 15.11,
            "gross_margin_4q_avg": 17.02,
            "net_income": -3052,
            "net_income_4q": null,
            "revenue": 237092,
            "revenue_4q": null,
            "common_shares": 757525,
            "book_valuer_per_share": 10.61,
            "book_valuer_per_share_4q_avg": 11.08,
            "equity": 825060,
            "current_ratio": 230.93,
            "debt_ratio": 31.34,
            "inventory_turnover_ratio": 2.32,
            "account_receivable_turnover_ratio": 1.81,
            "reinvestment_rate": 167.13,
            "research_to_sale_ratio": 2.39,
            "price_fair": 56.47,
            "eps_avg_yearly": 1.61,
            "eps_latest_yearly": 0.08,
            "eps_growth_yearly": 4042.71
        },
        "20103": {
            "year_quarter": 20103,
            "year": 2010,
            "quarter": 3,
            "eps": 0.06,
            "eps_growth_year": null,
            "eps_4q": 0.48,
            "eps_4q_growth_year": 59.19,
            "roe": 0.41,
            "roe_4q": 4.63,
            "gross_profit": 37757,
            "gross_margin": 20.34,
            "gross_margin_4q_avg": 18.66,
            "net_income": 3433,
            "net_income_4q": null,
            "revenue": 185673,
            "revenue_4q": null,
            "common_shares": 758854,
            "book_valuer_per_share": 10.86,
            "book_valuer_per_share_4q_avg": 11.09,
            "equity": 843671,
            "current_ratio": 288.55,
            "debt_ratio": 38.45,
            "inventory_turnover_ratio": 1.69,
            "account_receivable_turnover_ratio": 1.19,
            "reinvestment_rate": 164.41,
            "research_to_sale_ratio": 2.81,
            "price_fair": 56.47,
            "eps_avg_yearly": 1.61,
            "eps_latest_yearly": 0.08,
            "eps_growth_yearly": 4042.71
        },
        "20104": {
            "year_quarter": 20104,
            "year": 2010,
            "quarter": 4,
            "eps": 0.21,
            "eps_growth_year": -55.37,
            "eps_4q": 0.24,
            "eps_4q_growth_year": 36.84,
            "roe": 2.69,
            "roe_4q": 2.81,
            "gross_profit": 71435,
            "gross_margin": 20.23,
            "gross_margin_4q_avg": 18.72,
            "net_income": 22548,
            "net_income_4q": null,
            "revenue": 353169,
            "revenue_4q": null,
            "common_shares": 758854,
            "book_valuer_per_share": 10.66,
            "book_valuer_per_share_4q_avg": 10.85,
            "equity": 835500,
            "current_ratio": 346.68,
            "debt_ratio": 36.35,
            "inventory_turnover_ratio": 3.88,
            "account_receivable_turnover_ratio": 1.87,
            "reinvestment_rate": 185.35,
            "research_to_sale_ratio": 1.23,
            "price_fair": 38.27,
            "eps_avg_yearly": 1.09,
            "eps_latest_yearly": 0.84,
            "eps_growth_yearly": 509.38
        },
        "20111": {
            "year_quarter": 20111,
            "year": 2011,
            "quarter": 1,
            "eps": 0.13,
            "eps_growth_year": 550,
            "eps_4q": 0.35,
            "eps_4q_growth_year": -1.95,
            "roe": 1.02,
            "roe_4q": 3.7600000000000002,
            "gross_profit": 43224,
            "gross_margin": 17.32,
            "gross_margin_4q_avg": 18.25,
            "net_income": 8544,
            "net_income_4q": null,
            "revenue": 249504,
            "revenue_4q": null,
            "common_shares": 761690,
            "book_valuer_per_share": 10.68,
            "book_valuer_per_share_4q_avg": 10.7,
            "equity": 838088,
            "current_ratio": 373.48,
            "debt_ratio": 35.61,
            "inventory_turnover_ratio": 2.94,
            "account_receivable_turnover_ratio": 1.46,
            "reinvestment_rate": 130.76,
            "research_to_sale_ratio": 1.66,
            "price_fair": 33.25,
            "eps_avg_yearly": 0.95,
            "eps_latest_yearly": 0.52,
            "eps_growth_yearly": 343.94
        },
        "20112": {
            "year_quarter": 20112,
            "year": 2011,
            "quarter": 2,
            "eps": 0.06,
            "eps_growth_year": null,
            "eps_4q": 0.46,
            "eps_4q_growth_year": 23.27,
            "roe": 0.66,
            "roe_4q": 4.78,
            "gross_profit": 47402,
            "gross_margin": 23.85,
            "gross_margin_4q_avg": 20.44,
            "net_income": 5558,
            "net_income_4q": null,
            "revenue": 198729,
            "revenue_4q": null,
            "common_shares": 761690,
            "book_valuer_per_share": 10.75,
            "book_valuer_per_share_4q_avg": 10.74,
            "equity": 844782,
            "current_ratio": 391.24,
            "debt_ratio": 35.11,
            "inventory_turnover_ratio": 2.05,
            "account_receivable_turnover_ratio": 0.91,
            "reinvestment_rate": 112.75,
            "research_to_sale_ratio": 1.78,
            "price_fair": 28.28,
            "eps_avg_yearly": 0.81,
            "eps_latest_yearly": 0.24,
            "eps_growth_yearly": 232.07
        },
        "20113": {
            "year_quarter": 20113,
            "year": 2011,
            "quarter": 3,
            "eps": 0.34,
            "eps_growth_year": 442.65,
            "eps_4q": 0.74,
            "eps_4q_growth_year": 54.79,
            "roe": 3.95,
            "roe_4q": 8.32,
            "gross_profit": 73217,
            "gross_margin": 22.97,
            "gross_margin_4q_avg": 21.09,
            "net_income": 33350,
            "net_income_4q": null,
            "revenue": 318735,
            "revenue_4q": null,
            "common_shares": 761690,
            "book_valuer_per_share": 10.65,
            "book_valuer_per_share_4q_avg": 10.69,
            "equity": 843901,
            "current_ratio": 203.95,
            "debt_ratio": 37.93,
            "inventory_turnover_ratio": 3.21,
            "account_receivable_turnover_ratio": 1.11,
            "reinvestment_rate": 74.24,
            "research_to_sale_ratio": 1.3,
            "price_fair": 31.5,
            "eps_avg_yearly": 0.9,
            "eps_latest_yearly": 1.36,
            "eps_growth_yearly": 504.51
        },
        "20114": {
            "year_quarter": 20114,
            "year": 2011,
            "quarter": 4,
            "eps": 0.18,
            "eps_growth_year": -15.34,
            "eps_4q": 0.71,
            "eps_4q_growth_year": 197.24,
            "roe": 1.83,
            "roe_4q": 7.460000000000001,
            "gross_profit": 60916,
            "gross_margin": 22.76,
            "gross_margin_4q_avg": 21.73,
            "net_income": 15424,
            "net_income_4q": null,
            "revenue": 267625,
            "revenue_4q": null,
            "common_shares": 761690,
            "book_valuer_per_share": 10.62,
            "book_valuer_per_share_4q_avg": 10.68,
            "equity": 844071,
            "current_ratio": 211.36,
            "debt_ratio": 35.33,
            "inventory_turnover_ratio": 2.44,
            "account_receivable_turnover_ratio": 1.31,
            "reinvestment_rate": 81.68,
            "research_to_sale_ratio": 1.15,
            "price_fair": 30.6,
            "eps_avg_yearly": 0.87,
            "eps_latest_yearly": 0.72,
            "eps_growth_yearly": 405.54
        },
        "20121": {
            "year_quarter": 20121,
            "year": 2012,
            "quarter": 1,
            "eps": 0.07,
            "eps_growth_year": -46.15,
            "eps_4q": 0.64,
            "eps_4q_growth_year": 85.59,
            "roe": 1.83,
            "roe_4q": 8.27,
            "gross_profit": 57083,
            "gross_margin": 23.27,
            "gross_margin_4q_avg": 23.21,
            "net_income": 15686,
            "net_income_4q": null,
            "revenue": 245333,
            "revenue_4q": null,
            "common_shares": 761860,
            "book_valuer_per_share": 10.82,
            "book_valuer_per_share_4q_avg": 10.71,
            "equity": 869839,
            "current_ratio": 223.66,
            "debt_ratio": 33.36,
            "inventory_turnover_ratio": 2.21,
            "account_receivable_turnover_ratio": 1.44,
            "reinvestment_rate": 91.49,
            "research_to_sale_ratio": 1.3,
            "price_fair": 28,
            "eps_avg_yearly": 0.8,
            "eps_latest_yearly": 0.28,
            "eps_growth_yearly": 324.29
        },
        "20122": {
            "year_quarter": 20122,
            "year": 2012,
            "quarter": 2,
            "eps": 0.17,
            "eps_growth_year": 216.46,
            "eps_4q": 0.76,
            "eps_4q_growth_year": 66.47,
            "roe": 0.99,
            "roe_4q": 8.600000000000001,
            "gross_profit": 64499,
            "gross_margin": 23.27,
            "gross_margin_4q_avg": 23.07,
            "net_income": 8496,
            "net_income_4q": null,
            "revenue": 277139,
            "revenue_4q": null,
            "common_shares": 761860,
            "book_valuer_per_share": 10.68,
            "book_valuer_per_share_4q_avg": 10.69,
            "equity": 854107,
            "current_ratio": 211.05,
            "debt_ratio": 37.04,
            "inventory_turnover_ratio": 2.23,
            "account_receivable_turnover_ratio": 1.46,
            "reinvestment_rate": 49.61,
            "research_to_sale_ratio": 1.74,
            "price_fair": 27.53,
            "eps_avg_yearly": 0.79,
            "eps_latest_yearly": 0.68,
            "eps_growth_yearly": 351.75
        },
        "20123": {
            "year_quarter": 20123,
            "year": 2012,
            "quarter": 3,
            "eps": 0.44,
            "eps_growth_year": 28.33,
            "eps_4q": 0.86,
            "eps_4q_growth_year": 16.44,
            "roe": 4.07,
            "roe_4q": 8.72,
            "gross_profit": 76748,
            "gross_margin": 14.1,
            "gross_margin_4q_avg": 20.85,
            "net_income": 35565,
            "net_income_4q": null,
            "revenue": 544331,
            "revenue_4q": null,
            "common_shares": 761860,
            "book_valuer_per_share": 11.16,
            "book_valuer_per_share_4q_avg": 10.82,
            "equity": 893025,
            "current_ratio": 243.23,
            "debt_ratio": 39.12,
            "inventory_turnover_ratio": 3.45,
            "account_receivable_turnover_ratio": 2.26,
            "reinvestment_rate": 59.1,
            "research_to_sale_ratio": 0.73,
            "price_fair": 30.94,
            "eps_avg_yearly": 0.88,
            "eps_latest_yearly": 1.76,
            "eps_growth_yearly": 380.11
        },
        "20124": {
            "year_quarter": 20124,
            "year": 2012,
            "quarter": 4,
            "eps": 0.22,
            "eps_growth_year": 22.17,
            "eps_4q": 0.9,
            "eps_4q_growth_year": 27.12,
            "roe": 2.36,
            "roe_4q": 9.25,
            "gross_profit": 69027,
            "gross_margin": 14.46,
            "gross_margin_4q_avg": 18.78,
            "net_income": 21389,
            "net_income_4q": null,
            "revenue": 477258,
            "revenue_4q": null,
            "common_shares": 762480,
            "book_valuer_per_share": 11.43,
            "book_valuer_per_share_4q_avg": 11.02,
            "equity": 918436,
            "current_ratio": 272.37,
            "debt_ratio": 35.52,
            "inventory_turnover_ratio": 2.93,
            "account_receivable_turnover_ratio": 1.74,
            "reinvestment_rate": 52.3,
            "research_to_sale_ratio": 1.14,
            "price_fair": 25.76,
            "eps_avg_yearly": 0.74,
            "eps_latest_yearly": 0.88,
            "eps_growth_yearly": 269
        },
        "20131": {
            "year_quarter": 20131,
            "year": 2013,
            "quarter": 1,
            "eps": -0.16,
            "eps_growth_year": -328.57,
            "eps_4q": 0.67,
            "eps_4q_growth_year": 4.47,
            "roe": -1.23,
            "roe_4q": 6.19,
            "gross_profit": 29584,
            "gross_margin": 8.09,
            "gross_margin_4q_avg": 14.98,
            "net_income": -11357,
            "net_income_4q": null,
            "revenue": 365722,
            "revenue_4q": null,
            "common_shares": 764401,
            "book_valuer_per_share": 11.44,
            "book_valuer_per_share_4q_avg": 11.18,
            "equity": 926103,
            "current_ratio": 369.83,
            "debt_ratio": 27.96,
            "inventory_turnover_ratio": 2.64,
            "account_receivable_turnover_ratio": 1.83,
            "reinvestment_rate": 116.44,
            "research_to_sale_ratio": 1.45,
            "price_fair": 25.76,
            "eps_avg_yearly": 0.74,
            "eps_latest_yearly": 0.88,
            "eps_growth_yearly": 269
        },
        "20132": {
            "year_quarter": 20132,
            "year": 2013,
            "quarter": 2,
            "eps": -0.16,
            "eps_growth_year": -191.87,
            "eps_4q": 0.3,
            "eps_4q_growth_year": -60.12,
            "roe": -1.52,
            "roe_4q": 3.68,
            "gross_profit": 27665,
            "gross_margin": 10.19,
            "gross_margin_4q_avg": 11.71,
            "net_income": -13990,
            "net_income_4q": null,
            "revenue": 271536,
            "revenue_4q": null,
            "common_shares": 813540,
            "book_valuer_per_share": 10.73,
            "book_valuer_per_share_4q_avg": 11.19,
            "equity": 920445,
            "current_ratio": 359.05,
            "debt_ratio": 24.83,
            "inventory_turnover_ratio": 2.17,
            "account_receivable_turnover_ratio": 1.74,
            "reinvestment_rate": 86.06,
            "research_to_sale_ratio": 2.42,
            "price_fair": 25.76,
            "eps_avg_yearly": 0.74,
            "eps_latest_yearly": 0.88,
            "eps_growth_yearly": 269
        },
        "20133": {
            "year_quarter": 20133,
            "year": 2013,
            "quarter": 3,
            "eps": -0.13,
            "eps_growth_year": -129.54,
            "eps_4q": -0.23,
            "eps_4q_growth_year": -126.33,
            "roe": -0.85,
            "roe_4q": -1.2400000000000002,
            "gross_profit": 35340,
            "gross_margin": 9.54,
            "gross_margin_4q_avg": 10.57,
            "net_income": -7942,
            "net_income_4q": null,
            "revenue": 370355,
            "revenue_4q": null,
            "common_shares": 853451,
            "book_valuer_per_share": 10.49,
            "book_valuer_per_share_4q_avg": 11.02,
            "equity": 946524,
            "current_ratio": 301.37,
            "debt_ratio": 27.39,
            "inventory_turnover_ratio": 4.12,
            "account_receivable_turnover_ratio": 1.73,
            "reinvestment_rate": 101.24,
            "research_to_sale_ratio": 1.92,
            "price_fair": 25.76,
            "eps_avg_yearly": 0.74,
            "eps_latest_yearly": 0.88,
            "eps_growth_yearly": 269
        },
        "20134": {
            "year_quarter": 20134,
            "year": 2013,
            "quarter": 4,
            "eps": 0.1,
            "eps_growth_year": -52.14,
            "eps_4q": -0.31,
            "eps_4q_growth_year": -134.33,
            "roe": 1.35,
            "roe_4q": -2.25,
            "gross_profit": 67413,
            "gross_margin": 14.74,
            "gross_margin_4q_avg": 10.64,
            "net_income": 12896,
            "net_income_4q": null,
            "revenue": 457337,
            "revenue_4q": null,
            "common_shares": 870028,
            "book_valuer_per_share": 10.43,
            "book_valuer_per_share_4q_avg": 10.77,
            "equity": 962164,
            "current_ratio": 266.43,
            "debt_ratio": 30.82,
            "inventory_turnover_ratio": 5.23,
            "account_receivable_turnover_ratio": 1.44,
            "reinvestment_rate": -69.05,
            "research_to_sale_ratio": 1.66,
            "price_fair": 25.76,
            "eps_avg_yearly": 0.74,
            "eps_latest_yearly": 0.88,
            "eps_growth_yearly": 269
        },
        "20141": {
            "year_quarter": 20141,
            "year": 2014,
            "quarter": 1,
            "eps": -0.08,
            "eps_growth_year": null,
            "eps_4q": -0.24,
            "eps_4q_growth_year": -136.23,
            "roe": -0.3,
            "roe_4q": -1.3199999999999998,
            "gross_profit": 50574,
            "gross_margin": 18.5,
            "gross_margin_4q_avg": 13.24,
            "net_income": -2897,
            "net_income_4q": null,
            "revenue": 273307,
            "revenue_4q": null,
            "common_shares": 876888,
            "book_valuer_per_share": 10.6,
            "book_valuer_per_share_4q_avg": 10.56,
            "equity": 988380,
            "current_ratio": 354.27,
            "debt_ratio": 22.46,
            "inventory_turnover_ratio": 3.34,
            "account_receivable_turnover_ratio": 0.9,
            "reinvestment_rate": -21.69,
            "research_to_sale_ratio": 2.85,
            "price_fair": 28.31,
            "eps_avg_yearly": 0.81,
            "eps_latest_yearly": 0.88,
            "eps_growth_yearly": 341.44
        },
        "20142": {
            "year_quarter": 20142,
            "year": 2014,
            "quarter": 2,
            "eps": -0.03,
            "eps_growth_year": null,
            "eps_4q": -0.14,
            "eps_4q_growth_year": -144.54,
            "roe": 0.36,
            "roe_4q": 0.5600000000000002,
            "gross_profit": 51473,
            "gross_margin": 12.44,
            "gross_margin_4q_avg": 13.81,
            "net_income": 3572,
            "net_income_4q": null,
            "revenue": 413853,
            "revenue_4q": null,
            "common_shares": 876888,
            "book_valuer_per_share": 10.58,
            "book_valuer_per_share_4q_avg": 10.53,
            "equity": 993064,
            "current_ratio": 300.83,
            "debt_ratio": 26.16,
            "inventory_turnover_ratio": 6.07,
            "account_receivable_turnover_ratio": 1.66,
            "reinvestment_rate": -8.01,
            "research_to_sale_ratio": 1.56,
            "price_fair": 28.31,
            "eps_avg_yearly": 0.81,
            "eps_latest_yearly": 0.88,
            "eps_growth_yearly": 341.44
        },
        "20143": {
            "year_quarter": 20143,
            "year": 2014,
            "quarter": 3,
            "eps": 0.14,
            "eps_growth_year": null,
            "eps_4q": 0.13,
            "eps_4q_growth_year": null,
            "roe": 2.64,
            "roe_4q": 4.050000000000001,
            "gross_profit": 80581,
            "gross_margin": 17.59,
            "gross_margin_4q_avg": 15.82,
            "net_income": 26217,
            "net_income_4q": null,
            "revenue": 458095,
            "revenue_4q": null,
            "common_shares": 883423,
            "book_valuer_per_share": 10.38,
            "book_valuer_per_share_4q_avg": 10.5,
            "equity": 996143,
            "current_ratio": 277.5,
            "debt_ratio": 28.12,
            "inventory_turnover_ratio": 6.34,
            "account_receivable_turnover_ratio": 1.81,
            "reinvestment_rate": -32.6,
            "research_to_sale_ratio": 1.46,
            "price_fair": 28.31,
            "eps_avg_yearly": 0.81,
            "eps_latest_yearly": 0.88,
            "eps_growth_yearly": 341.44
        },
        "20144": {
            "year_quarter": 20144,
            "year": 2014,
            "quarter": 4,
            "eps": 0.51,
            "eps_growth_year": 388.37,
            "eps_4q": 0.54,
            "eps_4q_growth_year": null,
            "roe": 4.93,
            "roe_4q": 7.630000000000001,
            "gross_profit": 107005,
            "gross_margin": 14.73,
            "gross_margin_4q_avg": 15.82,
            "net_income": 50343,
            "net_income_4q": null,
            "revenue": 726414,
            "revenue_4q": null,
            "common_shares": 882916,
            "book_valuer_per_share": 10.91,
            "book_valuer_per_share_4q_avg": 10.62,
            "equity": 1047962,
            "current_ratio": 253.3,
            "debt_ratio": 32.51,
            "inventory_turnover_ratio": 9.3,
            "account_receivable_turnover_ratio": 2.93,
            "reinvestment_rate": -31.55,
            "research_to_sale_ratio": 0.72,
            "price_fair": 32.98,
            "eps_avg_yearly": 0.94,
            "eps_latest_yearly": 2.04,
            "eps_growth_yearly": 347.79
        },
        "20151": {
            "year_quarter": 20151,
            "year": 2015,
            "quarter": 1,
            "eps": 0.06,
            "eps_growth_year": null,
            "eps_4q": 0.66,
            "eps_4q_growth_year": null,
            "roe": 1.08,
            "roe_4q": 9.01,
            "gross_profit": 60782,
            "gross_margin": 18.84,
            "gross_margin_4q_avg": 15.9,
            "net_income": 11531,
            "net_income_4q": null,
            "revenue": 322645,
            "revenue_4q": null,
            "common_shares": 891717,
            "book_valuer_per_share": 11.2,
            "book_valuer_per_share_4q_avg": 10.77,
            "equity": 1089915,
            "current_ratio": 296.3,
            "debt_ratio": 27.21,
            "inventory_turnover_ratio": 3.83,
            "account_receivable_turnover_ratio": 1.17,
            "reinvestment_rate": -16.66,
            "research_to_sale_ratio": 1.96,
            "price_fair": 31.89,
            "eps_avg_yearly": 0.91,
            "eps_latest_yearly": 0.24,
            "eps_growth_yearly": 325.5
        },
        "20152": {
            "year_quarter": 20152,
            "year": 2015,
            "quarter": 2,
            "eps": -0.14,
            "eps_growth_year": null,
            "eps_4q": 0.55,
            "eps_4q_growth_year": null,
            "roe": -1.19,
            "roe_4q": 7.460000000000001,
            "gross_profit": 28089,
            "gross_margin": 6.87,
            "gross_margin_4q_avg": 14.51,
            "net_income": -12554,
            "net_income_4q": null,
            "revenue": 409076,
            "revenue_4q": null,
            "common_shares": 895893,
            "book_valuer_per_share": 10.37,
            "book_valuer_per_share_4q_avg": 10.72,
            "equity": 1016031,
            "current_ratio": 288.3,
            "debt_ratio": 28.25,
            "inventory_turnover_ratio": 5.88,
            "account_receivable_turnover_ratio": 1.68,
            "reinvestment_rate": -39.27,
            "research_to_sale_ratio": 1.79,
            "price_fair": 34.83,
            "eps_avg_yearly": 1,
            "eps_latest_yearly": 0.24,
            "eps_growth_yearly": 393.11
        },
        "20153": {
            "year_quarter": 20153,
            "year": 2015,
            "quarter": 3,
            "eps": 0.32,
            "eps_growth_year": 128.57,
            "eps_4q": 0.73,
            "eps_4q_growth_year": 447.21,
            "roe": 4.52,
            "roe_4q": 9.34,
            "gross_profit": 101407,
            "gross_margin": 20.97,
            "gross_margin_4q_avg": 15.35,
            "net_income": 46850,
            "net_income_4q": null,
            "revenue": 483649,
            "revenue_4q": null,
            "common_shares": 898161,
            "book_valuer_per_share": 10.6,
            "book_valuer_per_share_4q_avg": 10.77,
            "equity": 1057805,
            "current_ratio": 402.25,
            "debt_ratio": 20.15,
            "inventory_turnover_ratio": 5.26,
            "account_receivable_turnover_ratio": 2.8,
            "reinvestment_rate": -19.03,
            "research_to_sale_ratio": 1.35,
            "price_fair": 33,
            "eps_avg_yearly": 0.94,
            "eps_latest_yearly": 0.24,
            "eps_growth_yearly": 182.61
        },
        "20154": {
            "year_quarter": 20154,
            "year": 2015,
            "quarter": 4,
            "eps": 0.08,
            "eps_growth_year": -84.32,
            "eps_4q": 0.31,
            "eps_4q_growth_year": -42.86,
            "roe": 0.78,
            "roe_4q": 5.1899999999999995,
            "gross_profit": 63054,
            "gross_margin": 18.15,
            "gross_margin_4q_avg": 16.21,
            "net_income": 8267,
            "net_income_4q": null,
            "revenue": 347326,
            "revenue_4q": null,
            "common_shares": 897241,
            "book_valuer_per_share": 10.63,
            "book_valuer_per_share_4q_avg": 10.7,
            "equity": 1060351,
            "current_ratio": 361.96,
            "debt_ratio": 22.7,
            "inventory_turnover_ratio": 3.35,
            "account_receivable_turnover_ratio": 1.62,
            "reinvestment_rate": -1.34,
            "research_to_sale_ratio": 1.83,
            "price_fair": 31,
            "eps_avg_yearly": 0.89,
            "eps_latest_yearly": 0.32,
            "eps_growth_yearly": 166.64
        },
        "20161": {
            "year_quarter": 20161,
            "year": 2016,
            "quarter": 1,
            "eps": -0.08,
            "eps_growth_year": -233.33,
            "eps_4q": 0.17,
            "eps_4q_growth_year": -73.52,
            "roe": -0.41,
            "roe_4q": 3.6999999999999997,
            "gross_profit": 51069,
            "gross_margin": 18.75,
            "gross_margin_4q_avg": 16.19,
            "net_income": -4384,
            "net_income_4q": null,
            "revenue": 272436,
            "revenue_4q": null,
            "common_shares": 899511,
            "book_valuer_per_share": 10.76,
            "book_valuer_per_share_4q_avg": 10.59,
            "equity": 1078242,
            "current_ratio": 424.75,
            "debt_ratio": 18.98,
            "inventory_turnover_ratio": 2.34,
            "account_receivable_turnover_ratio": 1.22,
            "reinvestment_rate": -12.95,
            "research_to_sale_ratio": 3.27,
            "price_fair": 34.53,
            "eps_avg_yearly": 0.99,
            "eps_latest_yearly": 0.32,
            "eps_growth_yearly": 235.15
        },
        "20162": {
            "year_quarter": 20162,
            "year": 2016,
            "quarter": 2,
            "eps": -0.16,
            "eps_growth_year": null,
            "eps_4q": 0.15,
            "eps_4q_growth_year": -72.11,
            "roe": -1.33,
            "roe_4q": 3.5599999999999996,
            "gross_profit": 35467,
            "gross_margin": 11.22,
            "gross_margin_4q_avg": 17.27,
            "net_income": -14074,
            "net_income_4q": null,
            "revenue": 316178,
            "revenue_4q": null,
            "common_shares": 899871,
            "book_valuer_per_share": 10.29,
            "book_valuer_per_share_4q_avg": 10.57,
            "equity": 1031110,
            "current_ratio": 362.37,
            "debt_ratio": 22.49,
            "inventory_turnover_ratio": 2.85,
            "account_receivable_turnover_ratio": 1.96,
            "reinvestment_rate": 31.46,
            "research_to_sale_ratio": 3,
            "price_fair": 36.68,
            "eps_avg_yearly": 1.05,
            "eps_latest_yearly": 0.32,
            "eps_growth_yearly": 167.9
        },
        "20163": {
            "year_quarter": 20163,
            "year": 2016,
            "quarter": 3,
            "eps": -0.15,
            "eps_growth_year": -146.88,
            "eps_4q": -0.31,
            "eps_4q_growth_year": -143.25,
            "roe": -1.86,
            "roe_4q": -2.8200000000000003,
            "gross_profit": -3660,
            "gross_margin": -1.54,
            "gross_margin_4q_avg": 11.65,
            "net_income": -18341,
            "net_income_4q": null,
            "revenue": 237433,
            "revenue_4q": null,
            "common_shares": 902263,
            "book_valuer_per_share": 10.35,
            "book_valuer_per_share_4q_avg": 10.51,
            "equity": 936306,
            "current_ratio": 389.03,
            "debt_ratio": 15.95,
            "inventory_turnover_ratio": 2.2,
            "account_receivable_turnover_ratio": 2.11,
            "reinvestment_rate": 608.11,
            "research_to_sale_ratio": 3.42,
            "price_fair": 30.45,
            "eps_avg_yearly": 0.87,
            "eps_latest_yearly": 0.32,
            "eps_growth_yearly": 51.05
        },
        "20164": {
            "year_quarter": 20164,
            "year": 2016,
            "quarter": 4,
            "eps": 0.09,
            "eps_growth_year": 10.71,
            "eps_4q": -0.31,
            "eps_4q_growth_year": -199.33,
            "roe": 0.81,
            "roe_4q": -2.79,
            "gross_profit": 29958,
            "gross_margin": 8.6,
            "gross_margin_4q_avg": 9.26,
            "net_income": 7575,
            "net_income_4q": null,
            "revenue": 348526,
            "revenue_4q": null,
            "common_shares": 902123,
            "book_valuer_per_share": 10.4,
            "book_valuer_per_share_4q_avg": 10.45,
            "equity": 940000,
            "current_ratio": 277.9,
            "debt_ratio": 22.01,
            "inventory_turnover_ratio": 3.09,
            "account_receivable_turnover_ratio": 2.37,
            "reinvestment_rate": 948.51,
            "research_to_sale_ratio": 1.21,
            "price_fair": 30.33,
            "eps_avg_yearly": 0.87,
            "eps_latest_yearly": 0.32,
            "eps_growth_yearly": 134.73
        },
        "20171": {
            "year_quarter": 20171,
            "year": 2017,
            "quarter": 1,
            "eps": -0.24,
            "eps_growth_year": null,
            "eps_4q": -0.46,
            "eps_4q_growth_year": -365.58,
            "roe": -2.32,
            "roe_4q": -4.7,
            "gross_profit": 15661,
            "gross_margin": 7.87,
            "gross_margin_4q_avg": 6.54,
            "net_income": -21821,
            "net_income_4q": null,
            "revenue": 198875,
            "revenue_4q": null,
            "common_shares": 902793,
            "book_valuer_per_share": 10.37,
            "book_valuer_per_share_4q_avg": 10.35,
            "equity": 937199,
            "current_ratio": 294.28,
            "debt_ratio": 20.41,
            "inventory_turnover_ratio": 1.98,
            "account_receivable_turnover_ratio": 1.08,
            "reinvestment_rate": 1026.38,
            "research_to_sale_ratio": 4.76,
            "price_fair": 30.33,
            "eps_avg_yearly": 0.87,
            "eps_latest_yearly": 0.32,
            "eps_growth_yearly": 134.73
        },
        "20172": {
            "year_quarter": 20172,
            "year": 2017,
            "quarter": 2,
            "eps": -0.1,
            "eps_growth_year": null,
            "eps_4q": -0.41,
            "eps_4q_growth_year": -365.42,
            "roe": -1.05,
            "roe_4q": -4.42,
            "gross_profit": 20723,
            "gross_margin": 9.8,
            "gross_margin_4q_avg": 6.18,
            "net_income": -9909,
            "net_income_4q": null,
            "revenue": 211414,
            "revenue_4q": null,
            "common_shares": 902793,
            "book_valuer_per_share": 10.46,
            "book_valuer_per_share_4q_avg": 10.4,
            "equity": 946501,
            "current_ratio": 318.26,
            "debt_ratio": 18.86,
            "inventory_turnover_ratio": 1.69,
            "account_receivable_turnover_ratio": 1.29,
            "reinvestment_rate": 1038.12,
            "research_to_sale_ratio": 2.73,
            "price_fair": 30.33,
            "eps_avg_yearly": 0.87,
            "eps_latest_yearly": 0.32,
            "eps_growth_yearly": 134.73
        },
        "20173": {
            "year_quarter": 20173,
            "year": 2017,
            "quarter": 3,
            "eps": -0.13,
            "eps_growth_year": null,
            "eps_4q": -0.38,
            "eps_4q_growth_year": null,
            "roe": -1.26,
            "roe_4q": -3.82,
            "gross_profit": 17790,
            "gross_margin": 6.59,
            "gross_margin_4q_avg": 8.22,
            "net_income": -11969,
            "net_income_4q": null,
            "revenue": 269981,
            "revenue_4q": null,
            "common_shares": 902793,
            "book_valuer_per_share": 10.59,
            "book_valuer_per_share_4q_avg": 10.46,
            "equity": 957222,
            "current_ratio": 284.46,
            "debt_ratio": 20.77,
            "inventory_turnover_ratio": 2.38,
            "account_receivable_turnover_ratio": 1.71,
            "reinvestment_rate": 998.34,
            "research_to_sale_ratio": 3.46,
            "price_fair": 30.33,
            "eps_avg_yearly": 0.87,
            "eps_latest_yearly": 0.32,
            "eps_growth_yearly": 134.73
        },
        "20174": {
            "year_quarter": 20174,
            "year": 2017,
            "quarter": 4,
            "eps": 0.17,
            "eps_growth_year": 98.08,
            "eps_4q": -0.29,
            "eps_4q_growth_year": null,
            "roe": 1.51,
            "roe_4q": -3.12,
            "gross_profit": 21907,
            "gross_margin": 7.52,
            "gross_margin_4q_avg": 7.95,
            "net_income": 14310,
            "net_income_4q": null,
            "revenue": 291211,
            "revenue_4q": null,
            "common_shares": 902793,
            "book_valuer_per_share": 10.36,
            "book_valuer_per_share_4q_avg": 10.45,
            "equity": 935245,
            "current_ratio": 252.85,
            "debt_ratio": 21.5,
            "inventory_turnover_ratio": 2.89,
            "account_receivable_turnover_ratio": 1.76,
            "reinvestment_rate": 722.72,
            "research_to_sale_ratio": 3.85,
            "price_fair": 30.33,
            "eps_avg_yearly": 0.87,
            "eps_latest_yearly": 0.32,
            "eps_growth_yearly": 134.73
        },
        "20181": {
            "year_quarter": 20181,
            "year": 2018,
            "quarter": 1,
            "eps": 0.02,
            "eps_growth_year": null,
            "eps_4q": -0.03,
            "eps_4q_growth_year": null,
            "roe": 0.21,
            "roe_4q": -0.5900000000000001,
            "gross_profit": 19276,
            "gross_margin": 9.03,
            "gross_margin_4q_avg": 8.24,
            "net_income": 2025,
            "net_income_4q": null,
            "revenue": 213530,
            "revenue_4q": null,
            "common_shares": 902793,
            "book_valuer_per_share": 10.52,
            "book_valuer_per_share_4q_avg": 10.48,
            "equity": 950159,
            "current_ratio": 212.82,
            "debt_ratio": 26.85,
            "inventory_turnover_ratio": 1.81,
            "account_receivable_turnover_ratio": 1.17,
            "reinvestment_rate": 108.88,
            "research_to_sale_ratio": 3.19,
            "price_fair": 15.29,
            "eps_avg_yearly": 0.67,
            "eps_latest_yearly": 0.08,
            "eps_growth_yearly": 12.82
        },
        "20182": {
            "year_quarter": 20182,
            "year": 2018,
            "quarter": 2,
            "eps": -0.14,
            "eps_growth_year": null,
            "eps_4q": -0.07,
            "eps_4q_growth_year": null,
            "roe": -1.34,
            "roe_4q": -0.8800000000000001,
            "gross_profit": 22442,
            "gross_margin": 9.48,
            "gross_margin_4q_avg": 8.16,
            "net_income": -12563,
            "net_income_4q": null,
            "revenue": 236627,
            "revenue_4q": null,
            "common_shares": 902793,
            "book_valuer_per_share": 10.11,
            "book_valuer_per_share_4q_avg": 10.4,
            "equity": 930165,
            "current_ratio": 202.75,
            "debt_ratio": 29.62,
            "inventory_turnover_ratio": 1.93,
            "account_receivable_turnover_ratio": 1.16,
            "reinvestment_rate": 38.31,
            "research_to_sale_ratio": 2.8,
            "price_fair": 15.29,
            "eps_avg_yearly": 0.67,
            "eps_latest_yearly": 0.08,
            "eps_growth_yearly": 12.82
        },
        "20183": {
            "year_quarter": 20183,
            "year": 2018,
            "quarter": 3,
            "eps": -0.19,
            "eps_growth_year": null,
            "eps_4q": -0.13,
            "eps_4q_growth_year": null,
            "roe": -1.84,
            "roe_4q": -1.4600000000000002,
            "gross_profit": 15944,
            "gross_margin": 9.43,
            "gross_margin_4q_avg": 8.87,
            "net_income": -16776,
            "net_income_4q": null,
            "revenue": 169161,
            "revenue_4q": null,
            "common_shares": 902793,
            "book_valuer_per_share": 9.7,
            "book_valuer_per_share_4q_avg": 10.17,
            "equity": 895123,
            "current_ratio": 251.95,
            "debt_ratio": 24.98,
            "inventory_turnover_ratio": 1.33,
            "account_receivable_turnover_ratio": 0.88,
            "reinvestment_rate": null,
            "research_to_sale_ratio": 3.38,
            "price_fair": 15.29,
            "eps_avg_yearly": 0.67,
            "eps_latest_yearly": 0.08,
            "eps_growth_yearly": 12.82
        },
        "20184": {
            "year_quarter": 20184,
            "year": 2018,
            "quarter": 4,
            "eps": -0.62,
            "eps_growth_year": -456.62,
            "eps_4q": -0.93,
            "eps_4q_growth_year": null,
            "roe": -5.73,
            "roe_4q": -8.7,
            "gross_profit": 2939,
            "gross_margin": 1.08,
            "gross_margin_4q_avg": 7.26,
            "net_income": -52406,
            "net_income_4q": null,
            "revenue": 272659,
            "revenue_4q": null,
            "common_shares": 902793,
            "book_valuer_per_share": 8.86,
            "book_valuer_per_share_4q_avg": 9.8,
            "equity": 932513,
            "current_ratio": 254.17,
            "debt_ratio": 33.41,
            "inventory_turnover_ratio": 2.47,
            "account_receivable_turnover_ratio": 0.93,
            "reinvestment_rate": null,
            "research_to_sale_ratio": 2.04,
            "price_fair": 0.64,
            "eps_avg_yearly": 0.21,
            "eps_latest_yearly": 0.08,
            "eps_growth_yearly": -335.29
        },
        "20191": {
            "year_quarter": 20191,
            "year": 2019,
            "quarter": 1,
            "eps": -0.06,
            "eps_growth_year": -400,
            "eps_4q": -1.01,
            "eps_4q_growth_year": null,
            "roe": 0.01,
            "roe_4q": -8.9,
            "gross_profit": 53514,
            "gross_margin": 18.64,
            "gross_margin_4q_avg": 9.66,
            "net_income": 128,
            "net_income_4q": null,
            "revenue": 287129,
            "revenue_4q": null,
            "common_shares": 902793,
            "book_valuer_per_share": 8.81,
            "book_valuer_per_share_4q_avg": 9.37,
            "equity": 933935,
            "current_ratio": 290.87,
            "debt_ratio": 31.45,
            "inventory_turnover_ratio": 2.81,
            "account_receivable_turnover_ratio": 0.84,
            "reinvestment_rate": null,
            "research_to_sale_ratio": 1.62,
            "price_fair": 0.6,
            "eps_avg_yearly": 0.2,
            "eps_latest_yearly": 0.08,
            "eps_growth_yearly": -326.47
        },
        "20192": {
            "year_quarter": 20192,
            "year": 2019,
            "quarter": 2,
            "eps": 0.09,
            "eps_growth_year": null,
            "eps_4q": -0.78,
            "eps_4q_growth_year": null,
            "roe": 1.26,
            "roe_4q": -6.300000000000001,
            "gross_profit": 66738,
            "gross_margin": 29.58,
            "gross_margin_4q_avg": 14.68,
            "net_income": 11760,
            "net_income_4q": null,
            "revenue": 225605,
            "revenue_4q": null,
            "common_shares": 902793,
            "book_valuer_per_share": 8.91,
            "book_valuer_per_share_4q_avg": 9.07,
            "equity": 925722,
            "current_ratio": 303.83,
            "debt_ratio": 31.16,
            "inventory_turnover_ratio": 2.31,
            "account_receivable_turnover_ratio": 1.01,
            "reinvestment_rate": null,
            "research_to_sale_ratio": 1.32,
            "price_fair": 0.6,
            "eps_avg_yearly": 0.2,
            "eps_latest_yearly": 0.08,
            "eps_growth_yearly": -326.47
        },
        "20193": {
            "year_quarter": 20193,
            "year": 2019,
            "quarter": 3,
            "eps": -0.2,
            "eps_growth_year": null,
            "eps_4q": -0.79,
            "eps_4q_growth_year": null,
            "roe": -2.25,
            "roe_4q": -6.710000000000001,
            "gross_profit": 28463,
            "gross_margin": 16.23,
            "gross_margin_4q_avg": 16.38,
            "net_income": -20620,
            "net_income_4q": null,
            "revenue": 175374,
            "revenue_4q": null,
            "common_shares": 902793,
            "book_valuer_per_share": 8.72,
            "book_valuer_per_share_4q_avg": 8.83,
            "equity": 907120,
            "current_ratio": 308.56,
            "debt_ratio": 29.36,
            "inventory_turnover_ratio": 2.3,
            "account_receivable_turnover_ratio": 0.96,
            "reinvestment_rate": null,
            "research_to_sale_ratio": 1.38,
            "price_fair": 0.6,
            "eps_avg_yearly": 0.2,
            "eps_latest_yearly": 0.08,
            "eps_growth_yearly": -326.47
        },
        "20194": {
            "year_quarter": 20194,
            "year": 2019,
            "quarter": 4,
            "eps": -0.25,
            "eps_growth_year": null,
            "eps_4q": -0.42,
            "eps_4q_growth_year": null,
            "roe": -2.29,
            "roe_4q": -3.2700000000000005,
            "gross_profit": 13655,
            "gross_margin": 8.35,
            "gross_margin_4q_avg": 18.2,
            "net_income": -20591,
            "net_income_4q": null,
            "revenue": 163565,
            "revenue_4q": null,
            "common_shares": 902793,
            "book_valuer_per_share": 8.49,
            "book_valuer_per_share_4q_avg": 8.73,
            "equity": 889431,
            "current_ratio": 262.73,
            "debt_ratio": 34.2,
            "inventory_turnover_ratio": 2.24,
            "account_receivable_turnover_ratio": 0.93,
            "reinvestment_rate": null,
            "research_to_sale_ratio": 1.17,
            "price_fair": 0.24,
            "eps_avg_yearly": 0.08,
            "eps_latest_yearly": 0.08,
            "eps_growth_yearly": -352.94
        },
        "20201": {
            "year_quarter": 20201,
            "year": 2020,
            "quarter": 1,
            "eps": -0.05,
            "eps_growth_year": null,
            "eps_4q": -0.41,
            "eps_4q_growth_year": null,
            "roe": -2.54,
            "roe_4q": -5.82,
            "gross_profit": 42091,
            "gross_margin": 11.72,
            "gross_margin_4q_avg": 16.47,
            "net_income": -22276,
            "net_income_4q": null,
            "revenue": 359032,
            "revenue_4q": null,
            "common_shares": 902793,
            "book_valuer_per_share": 8.45,
            "book_valuer_per_share_4q_avg": 8.64,
            "equity": 867155,
            "current_ratio": 273.35,
            "debt_ratio": 34.13,
            "inventory_turnover_ratio": 4.75,
            "account_receivable_turnover_ratio": 2.06,
            "reinvestment_rate": null,
            "research_to_sale_ratio": 0.67,
            "price_fair": 0.24,
            "eps_avg_yearly": 0.08,
            "eps_latest_yearly": 0.08,
            "eps_growth_yearly": -352.94
        },
        "20202": {
            "year_quarter": 20202,
            "year": 2020,
            "quarter": 2,
            "eps": -0.74,
            "eps_growth_year": -922.22,
            "eps_4q": -1.24,
            "eps_4q_growth_year": null,
            "roe": -8.31,
            "roe_4q": -15.39,
            "gross_profit": 21376,
            "gross_margin": 7.92,
            "gross_margin_4q_avg": 11.06,
            "net_income": -68921,
            "net_income_4q": null,
            "revenue": 269992,
            "revenue_4q": null,
            "common_shares": 902793,
            "book_valuer_per_share": 7.71,
            "book_valuer_per_share_4q_avg": 8.34,
            "equity": 791619,
            "current_ratio": 226.33,
            "debt_ratio": 40.63,
            "inventory_turnover_ratio": 3.55,
            "account_receivable_turnover_ratio": 1.79,
            "reinvestment_rate": null,
            "research_to_sale_ratio": 1.26,
            "price_fair": 0.24,
            "eps_avg_yearly": 0.08,
            "eps_latest_yearly": 0.08,
            "eps_growth_yearly": -352.94
        },
        "20203": {
            "year_quarter": 20203,
            "year": 2020,
            "quarter": 3,
            "eps": -0.77,
            "eps_growth_year": null,
            "eps_4q": -1.81,
            "eps_4q_growth_year": null,
            "roe": -10.01,
            "roe_4q": -23.15,
            "gross_profit": 15834,
            "gross_margin": 10.64,
            "gross_margin_4q_avg": 9.66,
            "net_income": -75498,
            "net_income_4q": null,
            "revenue": 148870,
            "revenue_4q": null,
            "common_shares": 902793,
            "book_valuer_per_share": 6.93,
            "book_valuer_per_share_4q_avg": 7.9,
            "equity": 716121,
            "current_ratio": 207.77,
            "debt_ratio": 43.51,
            "inventory_turnover_ratio": 1.81,
            "account_receivable_turnover_ratio": 1.11,
            "reinvestment_rate": null,
            "research_to_sale_ratio": 2.23,
            "price_fair": 0.24,
            "eps_avg_yearly": 0.08,
            "eps_latest_yearly": 0.08,
            "eps_growth_yearly": -352.94
        },
        "20204": {
            "year_quarter": 20204,
            "year": 2020,
            "quarter": 4,
            "eps": -0.26,
            "eps_growth_year": null,
            "eps_4q": -1.82,
            "eps_4q_growth_year": null,
            "roe": -3.75,
            "roe_4q": -24.61,
            "gross_profit": 43335,
            "gross_margin": 17.96,
            "gross_margin_4q_avg": 12.06,
            "net_income": -26339,
            "net_income_4q": null,
            "revenue": 241229,
            "revenue_4q": null,
            "common_shares": 902793,
            "book_valuer_per_share": 6.67,
            "book_valuer_per_share_4q_avg": 7.44,
            "equity": 689344,
            "current_ratio": 303.47,
            "debt_ratio": 32.95,
            "inventory_turnover_ratio": 2.41,
            "account_receivable_turnover_ratio": 2.2,
            "reinvestment_rate": null,
            "research_to_sale_ratio": 1.03,
            "price_fair": 0.24,
            "eps_avg_yearly": 0.08,
            "eps_latest_yearly": 0.08,
            "eps_growth_yearly": -352.94
        },
        "20211": {
            "year_quarter": 20211,
            "year": 2021,
            "quarter": 1,
            "eps": -0.05,
            "eps_growth_year": null,
            "eps_4q": -1.82,
            "eps_4q_growth_year": null,
            "roe": -0.36,
            "roe_4q": -22.43,
            "gross_profit": 36366,
            "gross_margin": 16.11,
            "gross_margin_4q_avg": 13.16,
            "net_income": -2500,
            "net_income_4q": null,
            "revenue": 225790,
            "revenue_4q": null,
            "common_shares": 902793,
            "book_valuer_per_share": 6.62,
            "book_valuer_per_share_4q_avg": 6.98,
            "equity": 686844,
            "current_ratio": 308,
            "debt_ratio": 31.07,
            "inventory_turnover_ratio": 2.4,
            "account_receivable_turnover_ratio": 2.49,
            "reinvestment_rate": null,
            "research_to_sale_ratio": 1.23,
            "price_fair": 0.24,
            "eps_avg_yearly": 0.08,
            "eps_latest_yearly": 0.08,
            "eps_growth_yearly": -352.94
        },
        "20212": {
            "year_quarter": 20212,
            "year": 2021,
            "quarter": 2,
            "eps": -0.05,
            "eps_growth_year": null,
            "eps_4q": -1.13,
            "eps_4q_growth_year": null,
            "roe": -1.28,
            "roe_4q": -15.4,
            "gross_profit": 25590,
            "gross_margin": 18.59,
            "gross_margin_4q_avg": 15.83,
            "net_income": -8762,
            "net_income_4q": null,
            "revenue": 137636,
            "revenue_4q": null,
            "common_shares": 902793,
            "book_valuer_per_share": 6.57,
            "book_valuer_per_share_4q_avg": 6.7,
            "equity": 678082,
            "current_ratio": 300.92,
            "debt_ratio": 31.24,
            "inventory_turnover_ratio": 1.72,
            "account_receivable_turnover_ratio": 1.38,
            "reinvestment_rate": null,
            "research_to_sale_ratio": 2.03,
            "price_fair": 0.24,
            "eps_avg_yearly": 0.08,
            "eps_latest_yearly": 0.08,
            "eps_growth_yearly": -352.94
        },
        "20213": {
            "year_quarter": 20213,
            "year": 2021,
            "quarter": 3,
            "eps": 0.12,
            "eps_growth_year": null,
            "eps_4q": -0.23,
            "eps_4q_growth_year": null,
            "roe": 1.07,
            "roe_4q": -4.32,
            "gross_profit": 48156,
            "gross_margin": 17.59,
            "gross_margin_4q_avg": 17.56,
            "net_income": 7307,
            "net_income_4q": null,
            "revenue": 273773,
            "revenue_4q": null,
            "common_shares": 902793,
            "book_valuer_per_share": 6.69,
            "book_valuer_per_share_4q_avg": 6.64,
            "equity": 685389,
            "current_ratio": 270.44,
            "debt_ratio": 34.53,
            "inventory_turnover_ratio": 3.61,
            "account_receivable_turnover_ratio": 2.82,
            "reinvestment_rate": null,
            "research_to_sale_ratio": 1,
            "price_fair": 0.24,
            "eps_avg_yearly": 0.08,
            "eps_latest_yearly": 0.08,
            "eps_growth_yearly": -352.94
        },
        "20214": {
            "year_quarter": 20214,
            "year": 2021,
            "quarter": 4,
            "eps": -0.37,
            "eps_growth_year": null,
            "eps_4q": -0.35,
            "eps_4q_growth_year": null,
            "roe": -6.93,
            "roe_4q": -7.5,
            "gross_profit": 9896,
            "gross_margin": 5.63,
            "gross_margin_4q_avg": 14.48,
            "net_income": -45934,
            "net_income_4q": null,
            "revenue": 175725,
            "revenue_4q": null,
            "common_shares": 902793,
            "book_valuer_per_share": 6.32,
            "book_valuer_per_share_4q_avg": 6.55,
            "equity": 639508,
            "current_ratio": 188.08,
            "debt_ratio": 48.44,
            "inventory_turnover_ratio": 2.22,
            "account_receivable_turnover_ratio": 2.12,
            "reinvestment_rate": null,
            "research_to_sale_ratio": 1.51,
            "price_fair": 0.24,
            "eps_avg_yearly": 0.08,
            "eps_latest_yearly": 0.08,
            "eps_growth_yearly": -352.94
        },
        "20221": {
            "year_quarter": 20221,
            "year": 2022,
            "quarter": 1,
            "eps": -0.16,
            "eps_growth_year": null,
            "eps_4q": -0.45,
            "eps_4q_growth_year": null,
            "roe": -2.85,
            "roe_4q": -9.989999999999998,
            "gross_profit": 25293,
            "gross_margin": 16.7,
            "gross_margin_4q_avg": 14.63,
            "net_income": -17992,
            "net_income_4q": null,
            "revenue": 151472,
            "revenue_4q": null,
            "common_shares": 902793,
            "book_valuer_per_share": 6.17,
            "book_valuer_per_share_4q_avg": 6.44,
            "equity": 621516,
            "current_ratio": 309.41,
            "debt_ratio": 33.75,
            "inventory_turnover_ratio": 1.41,
            "account_receivable_turnover_ratio": 1.72,
            "reinvestment_rate": null,
            "research_to_sale_ratio": 1.78,
            "price_fair": 0,
            "eps_avg_yearly": 0,
            "eps_latest_yearly": 0,
            "eps_growth_yearly": 0
        },
        "20222": {
            "year_quarter": 20222,
            "year": 2022,
            "quarter": 2,
            "eps": -0.62,
            "eps_growth_year": null,
            "eps_4q": -1.04,
            "eps_4q_growth_year": null,
            "roe": -15.94,
            "roe_4q": -24.65,
            "gross_profit": 19556,
            "gross_margin": 10.89,
            "gross_margin_4q_avg": 12.7,
            "net_income": -91735,
            "net_income_4q": null,
            "revenue": 179617,
            "revenue_4q": null,
            "common_shares": 902793,
            "book_valuer_per_share": 5.54,
            "book_valuer_per_share_4q_avg": 6.18,
            "equity": 529780,
            "current_ratio": 263.61,
            "debt_ratio": 45.28,
            "inventory_turnover_ratio": 1.81,
            "account_receivable_turnover_ratio": 2.05,
            "reinvestment_rate": null,
            "research_to_sale_ratio": 1.02,
            "price_fair": 0,
            "eps_avg_yearly": 0,
            "eps_latest_yearly": 0,
            "eps_growth_yearly": 0
        },
        "20223": {
            "year_quarter": 20223,
            "year": 2022,
            "quarter": 3,
            "eps": 0,
            "eps_growth_year": -100,
            "eps_4q": -1.05,
            "eps_4q_growth_year": null,
            "roe": -0.74,
            "roe_4q": -26.46,
            "gross_profit": 36103,
            "gross_margin": 14.42,
            "gross_margin_4q_avg": 11.91,
            "net_income": -4243,
            "net_income_4q": null,
            "revenue": 250339,
            "revenue_4q": null,
            "common_shares": 1002793,
            "book_valuer_per_share": 5.74,
            "book_valuer_per_share_4q_avg": 5.94,
            "equity": 615237,
            "current_ratio": 236.18,
            "debt_ratio": 44.67,
            "inventory_turnover_ratio": 2.52,
            "account_receivable_turnover_ratio": 3.29,
            "reinvestment_rate": null,
            "research_to_sale_ratio": 0.68,
            "price_fair": 0,
            "eps_avg_yearly": 0,
            "eps_latest_yearly": 0,
            "eps_growth_yearly": 0
        },
        "20224": {
            "year_quarter": 20224,
            "year": 2022,
            "quarter": 4,
            "eps": -0.01,
            "eps_growth_year": null,
            "eps_4q": -1.05,
            "eps_4q_growth_year": null,
            "roe": 3.2,
            "roe_4q": -16.330000000000002,
            "gross_profit": 5836,
            "gross_margin": 2.46,
            "gross_margin_4q_avg": 11.12,
            "net_income": 20013,
            "net_income_4q": null,
            "revenue": 237654,
            "revenue_4q": null,
            "common_shares": 690515,
            "book_valuer_per_share": 8.48,
            "book_valuer_per_share_4q_avg": 6.48,
            "equity": 635634,
            "current_ratio": 203.99,
            "debt_ratio": 44.26,
            "inventory_turnover_ratio": 2.85,
            "account_receivable_turnover_ratio": 4.35,
            "reinvestment_rate": null,
            "research_to_sale_ratio": 0.3,
            "price_fair": 0,
            "eps_avg_yearly": 0,
            "eps_latest_yearly": 0,
            "eps_growth_yearly": 0
        },
        "20231": {
            "year_quarter": 20231,
            "year": 2023,
            "quarter": 1,
            "eps": -0.17,
            "eps_growth_year": null,
            "eps_4q": -0.69,
            "eps_4q_growth_year": null,
            "roe": -1.74,
            "roe_4q": -15.219999999999999,
            "gross_profit": 17496,
            "gross_margin": 10.12,
            "gross_margin_4q_avg": 9.47,
            "net_income": -14217,
            "net_income_4q": null,
            "revenue": 172823,
            "revenue_4q": null,
            "common_shares": 1040515,
            "book_valuer_per_share": 9.1,
            "book_valuer_per_share_4q_avg": 7.22,
            "equity": 996267,
            "current_ratio": 270.56,
            "debt_ratio": 34.28,
            "inventory_turnover_ratio": 2.18,
            "account_receivable_turnover_ratio": 2.88,
            "reinvestment_rate": null,
            "research_to_sale_ratio": 0.35,
            "price_fair": 0,
            "eps_avg_yearly": 0,
            "eps_latest_yearly": 0,
            "eps_growth_yearly": 0
        },
        "20232": {
            "year_quarter": 20232,
            "year": 2023,
            "quarter": 2,
            "eps": -0.19,
            "eps_growth_year": null,
            "eps_4q": -0.33,
            "eps_4q_growth_year": null,
            "roe": -2.11,
            "roe_4q": -1.3899999999999995,
            "gross_profit": 10161,
            "gross_margin": 9.47,
            "gross_margin_4q_avg": 9.12,
            "net_income": -20800,
            "net_income_4q": null,
            "revenue": 107272,
            "revenue_4q": null,
            "common_shares": 1040515,
            "book_valuer_per_share": 8.91,
            "book_valuer_per_share_4q_avg": 8.06,
            "equity": 975467,
            "current_ratio": 545.83,
            "debt_ratio": 16.92,
            "inventory_turnover_ratio": 1.3,
            "account_receivable_turnover_ratio": 1.55,
            "reinvestment_rate": null,
            "research_to_sale_ratio": 0.59,
            "price_fair": 0,
            "eps_avg_yearly": 0,
            "eps_latest_yearly": 0,
            "eps_growth_yearly": 0
        },
        "20233": {
            "year_quarter": 20233,
            "year": 2023,
            "quarter": 3,
            "eps": -0.07,
            "eps_growth_year": null,
            "eps_4q": -0.4,
            "eps_4q_growth_year": null,
            "roe": -0.81,
            "roe_4q": -1.46,
            "gross_profit": 29361,
            "gross_margin": 15.42,
            "gross_margin_4q_avg": 9.37,
            "net_income": -7884,
            "net_income_4q": null,
            "revenue": 190416,
            "revenue_4q": null,
            "common_shares": 1040515,
            "book_valuer_per_share": 8.84,
            "book_valuer_per_share_4q_avg": 8.83,
            "equity": 967583,
            "current_ratio": 409.1,
            "debt_ratio": 22.86,
            "inventory_turnover_ratio": 1.96,
            "account_receivable_turnover_ratio": 4.49,
            "reinvestment_rate": null,
            "research_to_sale_ratio": 0.36,
            "price_fair": 0,
            "eps_avg_yearly": 0,
            "eps_latest_yearly": 0,
            "eps_growth_yearly": 0
        }
    },
    "months": {
        "2001-06": {
            "month": "2001-06",
            "price": "21.89",
            "revenue": 189486
        },
        "2001-07": {
            "month": "2001-07",
            "price": "15.71",
            "revenue": 146842
        },
        "2001-08": {
            "month": "2001-08",
            "price": "13.89",
            "revenue": 63998
        },
        "2001-09": {
            "month": "2001-09",
            "price": "10.84",
            "revenue": 74883
        },
        "2001-10": {
            "month": "2001-10",
            "price": "8.36",
            "revenue": 121671
        },
        "2001-11": {
            "month": "2001-11",
            "price": "9.60",
            "revenue": 48520
        },
        "2001-12": {
            "month": "2001-12",
            "price": "11.10",
            "revenue": 79040
        },
        "2002-01": {
            "month": "2002-01",
            "price": "12.55",
            "revenue": 78429
        },
        "2002-02": {
            "month": "2002-02",
            "price": "12.27",
            "revenue": 46679
        },
        "2002-03": {
            "month": "2002-03",
            "price": "12.05",
            "revenue": 34513
        },
        "2002-04": {
            "month": "2002-04",
            "price": "11.50",
            "revenue": 34625
        },
        "2002-05": {
            "month": "2002-05",
            "price": "9.05",
            "revenue": 127690
        },
        "2002-06": {
            "month": "2002-06",
            "price": "8.72",
            "revenue": 84966
        },
        "2002-07": {
            "month": "2002-07",
            "price": "7.78",
            "revenue": 102244
        },
        "2002-08": {
            "month": "2002-08",
            "price": "6.45",
            "revenue": 122201
        },
        "2002-09": {
            "month": "2002-09",
            "price": "6.76",
            "revenue": 56849
        },
        "2002-10": {
            "month": "2002-10",
            "price": "6.15",
            "revenue": 101948
        },
        "2002-11": {
            "month": "2002-11",
            "price": "5.81",
            "revenue": 148026
        },
        "2002-12": {
            "month": "2002-12",
            "price": "5.00",
            "revenue": 167104
        },
        "2003-01": {
            "month": "2003-01",
            "price": "6.07",
            "revenue": 36772
        },
        "2003-02": {
            "month": "2003-02",
            "price": "6.44",
            "revenue": 64011
        },
        "2003-03": {
            "month": "2003-03",
            "price": "5.69",
            "revenue": 28745
        },
        "2003-04": {
            "month": "2003-04",
            "price": "5.13",
            "revenue": 13463
        },
        "2003-05": {
            "month": "2003-05",
            "price": "4.04",
            "revenue": 24215
        },
        "2003-06": {
            "month": "2003-06",
            "price": "5.30",
            "revenue": 95971
        },
        "2003-07": {
            "month": "2003-07",
            "price": "4.89",
            "revenue": 113480
        },
        "2003-08": {
            "month": "2003-08",
            "price": "4.37",
            "revenue": 123810
        },
        "2003-09": {
            "month": "2003-09",
            "price": "3.96",
            "revenue": 45487
        },
        "2003-10": {
            "month": "2003-10",
            "price": "4.10",
            "revenue": 26732
        },
        "2003-11": {
            "month": "2003-11",
            "price": "4.24",
            "revenue": 42070
        },
        "2003-12": {
            "month": "2003-12",
            "price": "4.18",
            "revenue": 34911
        },
        "2004-01": {
            "month": "2004-01",
            "price": "5.05",
            "revenue": 22232
        },
        "2004-02": {
            "month": "2004-02",
            "price": "6.34",
            "revenue": 27869
        },
        "2004-03": {
            "month": "2004-03",
            "price": "5.87",
            "revenue": 21753
        },
        "2004-04": {
            "month": "2004-04",
            "price": "6.04",
            "revenue": 37683
        },
        "2004-05": {
            "month": "2004-05",
            "price": "4.77",
            "revenue": 24200
        },
        "2004-06": {
            "month": "2004-06",
            "price": "4.18",
            "revenue": 46230
        },
        "2004-07": {
            "month": "2004-07",
            "price": "3.63",
            "revenue": 15943
        },
        "2004-08": {
            "month": "2004-08",
            "price": "3.18",
            "revenue": 34332
        },
        "2004-09": {
            "month": "2004-09",
            "price": "2.30",
            "revenue": 34638
        },
        "2004-10": {
            "month": "2004-10",
            "price": "2.19",
            "revenue": 14029
        },
        "2004-11": {
            "month": "2004-11",
            "price": "1.88",
            "revenue": 26830
        },
        "2004-12": {
            "month": "2004-12",
            "price": "1.98",
            "revenue": 34765
        },
        "2005-01": {
            "month": "2005-01",
            "price": "2.31",
            "revenue": 20458
        },
        "2005-02": {
            "month": "2005-02",
            "price": "2.63",
            "revenue": 12221
        },
        "2005-03": {
            "month": "2005-03",
            "price": "2.36",
            "revenue": 26630
        },
        "2005-04": {
            "month": "2005-04",
            "price": "2.00",
            "revenue": 44695
        },
        "2005-05": {
            "month": "2005-05",
            "price": "1.95",
            "revenue": 56357
        },
        "2005-06": {
            "month": "2005-06",
            "price": "2.34",
            "revenue": 76283
        },
        "2005-07": {
            "month": "2005-07",
            "price": "3.37",
            "revenue": 28542
        },
        "2005-08": {
            "month": "2005-08",
            "price": "2.73",
            "revenue": 42872
        },
        "2005-09": {
            "month": "2005-09",
            "price": "2.30",
            "revenue": 68538
        },
        "2005-10": {
            "month": "2005-10",
            "price": "3.34",
            "revenue": 62231
        },
        "2005-11": {
            "month": "2005-11",
            "price": "2.99",
            "revenue": 63906
        },
        "2005-12": {
            "month": "2005-12",
            "price": "3.50",
            "revenue": 93964
        },
        "2006-01": {
            "month": "2006-01",
            "price": "4.38",
            "revenue": 27091
        },
        "2006-02": {
            "month": "2006-02",
            "price": "4.14",
            "revenue": 26873
        },
        "2006-03": {
            "month": "2006-03",
            "price": "4.17",
            "revenue": 60382
        },
        "2006-04": {
            "month": "2006-04",
            "price": "4.34",
            "revenue": 74726
        },
        "2006-05": {
            "month": "2006-05",
            "price": "4.79",
            "revenue": 65069
        },
        "2006-06": {
            "month": "2006-06",
            "price": "4.49",
            "revenue": 96868
        },
        "2006-07": {
            "month": "2006-07",
            "price": "4.54",
            "revenue": 69843
        },
        "2006-08": {
            "month": "2006-08",
            "price": "4.43",
            "revenue": 67036
        },
        "2006-09": {
            "month": "2006-09",
            "price": "4.31",
            "revenue": 80080
        },
        "2006-10": {
            "month": "2006-10",
            "price": "4.43",
            "revenue": 54221
        },
        "2006-11": {
            "month": "2006-11",
            "price": "5.11",
            "revenue": 36471
        },
        "2006-12": {
            "month": "2006-12",
            "price": "7.16",
            "revenue": 228801
        },
        "2007-01": {
            "month": "2007-01",
            "price": "8.00",
            "revenue": 60767
        },
        "2007-02": {
            "month": "2007-02",
            "price": "8.33",
            "revenue": 35440
        },
        "2007-03": {
            "month": "2007-03",
            "price": "15.12",
            "revenue": 35758
        },
        "2007-04": {
            "month": "2007-04",
            "price": "14.20",
            "revenue": 36536
        },
        "2007-05": {
            "month": "2007-05",
            "price": "12.75",
            "revenue": 37185
        },
        "2007-06": {
            "month": "2007-06",
            "price": "14.85",
            "revenue": 44076
        },
        "2007-07": {
            "month": "2007-07",
            "price": "15.30",
            "revenue": 78498
        },
        "2007-08": {
            "month": "2007-08",
            "price": "11.77",
            "revenue": 36496
        },
        "2007-09": {
            "month": "2007-09",
            "price": "10.26",
            "revenue": 171122
        },
        "2007-10": {
            "month": "2007-10",
            "price": "11.42",
            "revenue": 124039
        },
        "2007-11": {
            "month": "2007-11",
            "price": "10.26",
            "revenue": 78229
        },
        "2007-12": {
            "month": "2007-12",
            "price": "8.61",
            "revenue": 170961
        },
        "2008-01": {
            "month": "2008-01",
            "price": "7.14",
            "revenue": 50353
        },
        "2008-02": {
            "month": "2008-02",
            "price": "6.88",
            "revenue": 38021
        },
        "2008-03": {
            "month": "2008-03",
            "price": "9.34",
            "revenue": 64862
        },
        "2008-04": {
            "month": "2008-04",
            "price": "10.80",
            "revenue": 52885
        },
        "2008-05": {
            "month": "2008-05",
            "price": "10.00",
            "revenue": 68599
        },
        "2008-06": {
            "month": "2008-06",
            "price": "8.07",
            "revenue": 169281
        },
        "2008-07": {
            "month": "2008-07",
            "price": "7.02",
            "revenue": 58767
        },
        "2008-08": {
            "month": "2008-08",
            "price": "6.98",
            "revenue": 68534
        },
        "2008-09": {
            "month": "2008-09",
            "price": "5.17",
            "revenue": 75821
        },
        "2008-10": {
            "month": "2008-10",
            "price": "4.07",
            "revenue": 85142
        },
        "2008-11": {
            "month": "2008-11",
            "price": "4.02",
            "revenue": 88870
        },
        "2008-12": {
            "month": "2008-12",
            "price": "4.37",
            "revenue": 417562
        },
        "2009-01": {
            "month": "2009-01",
            "price": "4.86",
            "revenue": 56834
        },
        "2009-02": {
            "month": "2009-02",
            "price": "4.89",
            "revenue": 51987
        },
        "2009-03": {
            "month": "2009-03",
            "price": "5.69",
            "revenue": 78216
        },
        "2009-04": {
            "month": "2009-04",
            "price": "7.00",
            "revenue": 64747
        },
        "2009-05": {
            "month": "2009-05",
            "price": "7.70",
            "revenue": 64763
        },
        "2009-06": {
            "month": "2009-06",
            "price": "7.25",
            "revenue": 44014
        },
        "2009-07": {
            "month": "2009-07",
            "price": "6.82",
            "revenue": 42124
        },
        "2009-08": {
            "month": "2009-08",
            "price": "6.88",
            "revenue": 81044
        },
        "2009-09": {
            "month": "2009-09",
            "price": "7.45",
            "revenue": 110258
        },
        "2009-10": {
            "month": "2009-10",
            "price": "9.35",
            "revenue": 90295
        },
        "2009-11": {
            "month": "2009-11",
            "price": "9.92",
            "revenue": 115534
        },
        "2009-12": {
            "month": "2009-12",
            "price": "13.35",
            "revenue": 204604
        },
        "2010-01": {
            "month": "2010-01",
            "price": "13.14",
            "revenue": 31143
        },
        "2010-02": {
            "month": "2010-02",
            "price": "10.65",
            "revenue": 38811
        },
        "2010-03": {
            "month": "2010-03",
            "price": "11.62",
            "revenue": 105671
        },
        "2010-04": {
            "month": "2010-04",
            "price": "12.88",
            "revenue": 46459
        },
        "2010-05": {
            "month": "2010-05",
            "price": "10.95",
            "revenue": 55359
        },
        "2010-06": {
            "month": "2010-06",
            "price": "10.76",
            "revenue": 83911
        },
        "2010-07": {
            "month": "2010-07",
            "price": "11.53",
            "revenue": 48638
        },
        "2010-08": {
            "month": "2010-08",
            "price": "12.08",
            "revenue": 75096
        },
        "2010-09": {
            "month": "2010-09",
            "price": "10.73",
            "revenue": 53288
        },
        "2010-10": {
            "month": "2010-10",
            "price": "10.18",
            "revenue": 34241
        },
        "2010-11": {
            "month": "2010-11",
            "price": "8.93",
            "revenue": 67124
        },
        "2010-12": {
            "month": "2010-12",
            "price": "8.93",
            "revenue": 212140
        },
        "2011-01": {
            "month": "2011-01",
            "price": "8.94",
            "revenue": 63247
        },
        "2011-02": {
            "month": "2011-02",
            "price": "9.60",
            "revenue": 57173
        },
        "2011-03": {
            "month": "2011-03",
            "price": "11.25",
            "revenue": 107559
        },
        "2011-04": {
            "month": "2011-04",
            "price": "11.63",
            "revenue": 41266
        },
        "2011-05": {
            "month": "2011-05",
            "price": "10.88",
            "revenue": 44021
        },
        "2011-06": {
            "month": "2011-06",
            "price": "10.42",
            "revenue": 76027
        },
        "2011-07": {
            "month": "2011-07",
            "price": "9.12",
            "revenue": 53088
        },
        "2011-08": {
            "month": "2011-08",
            "price": "7.33",
            "revenue": 117009
        },
        "2011-09": {
            "month": "2011-09",
            "price": "7.65",
            "revenue": 91192
        },
        "2011-10": {
            "month": "2011-10",
            "price": "7.86",
            "revenue": 37538
        },
        "2011-11": {
            "month": "2011-11",
            "price": "7.62",
            "revenue": 35504
        },
        "2011-12": {
            "month": "2011-12",
            "price": "6.90",
            "revenue": 122118
        },
        "2012-01": {
            "month": "2012-01",
            "price": "7.42",
            "revenue": 38730
        },
        "2012-02": {
            "month": "2012-02",
            "price": "9.02",
            "revenue": 38822
        },
        "2012-03": {
            "month": "2012-03",
            "price": "9.52",
            "revenue": 103420
        },
        "2012-04": {
            "month": "2012-04",
            "price": "8.43",
            "revenue": 54358
        },
        "2012-05": {
            "month": "2012-05",
            "price": "7.79",
            "revenue": 57203
        },
        "2012-06": {
            "month": "2012-06",
            "price": "7.28",
            "revenue": 101305
        },
        "2012-07": {
            "month": "2012-07",
            "price": "7.46",
            "revenue": 95702
        },
        "2012-08": {
            "month": "2012-08",
            "price": "8.26",
            "revenue": 137940
        },
        "2012-09": {
            "month": "2012-09",
            "price": "8.88",
            "revenue": 268606
        },
        "2012-10": {
            "month": "2012-10",
            "price": "10.12",
            "revenue": 115106
        },
        "2012-11": {
            "month": "2012-11",
            "price": "9.86",
            "revenue": 73461
        },
        "2012-12": {
            "month": "2012-12",
            "price": "10.64",
            "revenue": 206584
        },
        "2013-01": {
            "month": "2013-01",
            "price": "11.30",
            "revenue": 54609
        },
        "2013-02": {
            "month": "2013-02",
            "price": "11.01",
            "revenue": 84824
        },
        "2013-03": {
            "month": "2013-03",
            "price": "10.98",
            "revenue": 226290
        },
        "2013-04": {
            "month": "2013-04",
            "price": "12.82",
            "revenue": 110675
        },
        "2013-05": {
            "month": "2013-05",
            "price": "13.33",
            "revenue": 81257
        },
        "2013-06": {
            "month": "2013-06",
            "price": "12.07",
            "revenue": 83791
        },
        "2013-07": {
            "month": "2013-07",
            "price": "11.85",
            "revenue": 81459
        },
        "2013-08": {
            "month": "2013-08",
            "price": "11.32",
            "revenue": 141747
        },
        "2013-09": {
            "month": "2013-09",
            "price": "10.75",
            "revenue": 147053
        },
        "2013-10": {
            "month": "2013-10",
            "price": "10.98",
            "revenue": 126031
        },
        "2013-11": {
            "month": "2013-11",
            "price": "10.85",
            "revenue": 201949
        },
        "2013-12": {
            "month": "2013-12",
            "price": "11.02",
            "revenue": 131857
        },
        "2014-01": {
            "month": "2014-01",
            "price": "11.04",
            "revenue": 96191
        },
        "2014-02": {
            "month": "2014-02",
            "price": "11.01",
            "revenue": 55821
        },
        "2014-03": {
            "month": "2014-03",
            "price": "11.48",
            "revenue": 121294
        },
        "2014-04": {
            "month": "2014-04",
            "price": "10.90",
            "revenue": 127625
        },
        "2014-05": {
            "month": "2014-05",
            "price": "10.42",
            "revenue": 128806
        },
        "2014-06": {
            "month": "2014-06",
            "price": "10.91",
            "revenue": 157155
        },
        "2014-07": {
            "month": "2014-07",
            "price": "11.21",
            "revenue": 122002
        },
        "2014-08": {
            "month": "2014-08",
            "price": "10.94",
            "revenue": 159300
        },
        "2014-09": {
            "month": "2014-09",
            "price": "11.47",
            "revenue": 179890
        },
        "2014-10": {
            "month": "2014-10",
            "price": "10.80",
            "revenue": 150195
        },
        "2014-11": {
            "month": "2014-11",
            "price": "10.35",
            "revenue": 244894
        },
        "2014-12": {
            "month": "2014-12",
            "price": "11.27",
            "revenue": 331324
        },
        "2015-01": {
            "month": "2015-01",
            "price": "12.48",
            "revenue": 123233
        },
        "2015-02": {
            "month": "2015-02",
            "price": "11.89",
            "revenue": 94230
        },
        "2015-03": {
            "month": "2015-03",
            "price": "12.42",
            "revenue": 105683
        },
        "2015-04": {
            "month": "2015-04",
            "price": "11.77",
            "revenue": 182464
        },
        "2015-05": {
            "month": "2015-05",
            "price": "11.48",
            "revenue": 106473
        },
        "2015-06": {
            "month": "2015-06",
            "price": "11.40",
            "revenue": 120147
        },
        "2015-07": {
            "month": "2015-07",
            "price": "10.96",
            "revenue": 217612
        },
        "2015-08": {
            "month": "2015-08",
            "price": "10.17",
            "revenue": 104638
        },
        "2015-09": {
            "month": "2015-09",
            "price": "10.14",
            "revenue": 161398
        },
        "2015-10": {
            "month": "2015-10",
            "price": "10.07",
            "revenue": 84054
        },
        "2015-11": {
            "month": "2015-11",
            "price": "10.10",
            "revenue": 132478
        },
        "2015-12": {
            "month": "2015-12",
            "price": "11.28",
            "revenue": 130794
        },
        "2016-01": {
            "month": "2016-01",
            "price": "12.40",
            "revenue": 107298
        },
        "2016-02": {
            "month": "2016-02",
            "price": "11.97",
            "revenue": 48897
        },
        "2016-03": {
            "month": "2016-03",
            "price": "13.65",
            "revenue": 116241
        },
        "2016-04": {
            "month": "2016-04",
            "price": "15.02",
            "revenue": 98678
        },
        "2016-05": {
            "month": "2016-05",
            "price": "14.56",
            "revenue": 113594
        },
        "2016-06": {
            "month": "2016-06",
            "price": "14.64",
            "revenue": 103906
        },
        "2016-07": {
            "month": "2016-07",
            "price": "13.02",
            "revenue": 68615
        },
        "2016-08": {
            "month": "2016-08",
            "price": "17.63",
            "revenue": 95745
        },
        "2016-09": {
            "month": "2016-09",
            "price": "32.49",
            "revenue": 73072
        },
        "2016-10": {
            "month": "2016-10",
            "price": "31.69",
            "revenue": 84076
        },
        "2016-11": {
            "month": "2016-11",
            "price": "31.71",
            "revenue": 93653
        },
        "2016-12": {
            "month": "2016-12",
            "price": "33.98",
            "revenue": 170797
        },
        "2017-01": {
            "month": "2017-01",
            "price": "35.93",
            "revenue": 53428
        },
        "2017-02": {
            "month": "2017-02",
            "price": "52.28",
            "revenue": 41391
        },
        "2017-03": {
            "month": "2017-03",
            "price": "62.67",
            "revenue": 108190
        },
        "2017-04": {
            "month": "2017-04",
            "price": "53.12",
            "revenue": 71636
        },
        "2017-05": {
            "month": "2017-05",
            "price": "53.11",
            "revenue": 47030
        },
        "2017-06": {
            "month": "2017-06",
            "price": "55.14",
            "revenue": 92748
        },
        "2017-07": {
            "month": "2017-07",
            "price": "49.13",
            "revenue": 89259
        },
        "2017-08": {
            "month": "2017-08",
            "price": "27.96",
            "revenue": 106583
        },
        "2017-09": {
            "month": "2017-09",
            "price": "35.38",
            "revenue": 74139
        },
        "2017-10": {
            "month": "2017-10",
            "price": "29.62",
            "revenue": 97997
        },
        "2017-11": {
            "month": "2017-11",
            "price": "28.88",
            "revenue": 77083
        },
        "2017-12": {
            "month": "2017-12",
            "price": "26.87",
            "revenue": 116131
        },
        "2018-01": {
            "month": "2018-01",
            "price": "24.47",
            "revenue": 66418
        },
        "2018-02": {
            "month": "2018-02",
            "price": "20.50",
            "revenue": 44771
        },
        "2018-03": {
            "month": "2018-03",
            "price": "19.36",
            "revenue": 103124
        },
        "2018-04": {
            "month": "2018-04",
            "price": "20.84",
            "revenue": 80629
        },
        "2018-05": {
            "month": "2018-05",
            "price": "20.35",
            "revenue": 116238
        },
        "2018-06": {
            "month": "2018-06",
            "price": "20.54",
            "revenue": 38977
        },
        "2018-07": {
            "month": "2018-07",
            "price": "17.53",
            "revenue": 37719
        },
        "2018-08": {
            "month": "2018-08",
            "price": "16.60",
            "revenue": 91773
        },
        "2018-09": {
            "month": "2018-09",
            "price": "14.92",
            "revenue": 39669
        },
        "2018-10": {
            "month": "2018-10",
            "price": "11.43",
            "revenue": 85415
        },
        "2018-11": {
            "month": "2018-11",
            "price": "11.10",
            "revenue": 64897
        },
        "2018-12": {
            "month": "2018-12",
            "price": "11.30",
            "revenue": 120202
        },
        "2019-01": {
            "month": "2019-01",
            "price": "15.95",
            "revenue": 108804
        },
        "2019-02": {
            "month": "2019-02",
            "price": "18.00",
            "revenue": 47243
        },
        "2019-03": {
            "month": "2019-03",
            "price": "17.08",
            "revenue": 131082
        },
        "2019-04": {
            "month": "2019-04",
            "price": "15.98",
            "revenue": 58626
        },
        "2019-05": {
            "month": "2019-05",
            "price": "14.14",
            "revenue": 101403
        },
        "2019-06": {
            "month": "2019-06",
            "price": "13.43",
            "revenue": 70418
        },
        "2019-07": {
            "month": "2019-07",
            "price": "13.67",
            "revenue": 49914
        },
        "2019-08": {
            "month": "2019-08",
            "price": "12.39",
            "revenue": 64926
        },
        "2019-09": {
            "month": "2019-09",
            "price": "12.36",
            "revenue": 55692
        },
        "2019-10": {
            "month": "2019-10",
            "price": "13.33",
            "revenue": 43980
        },
        "2019-11": {
            "month": "2019-11",
            "price": "16.35",
            "revenue": 66947
        },
        "2019-12": {
            "month": "2019-12",
            "price": "16.29",
            "revenue": 52474
        },
        "2020-01": {
            "month": "2020-01",
            "price": "15.37",
            "revenue": 92131
        },
        "2020-02": {
            "month": "2020-02",
            "price": "13.79",
            "revenue": 196477
        },
        "2020-03": {
            "month": "2020-03",
            "price": "12.60",
            "revenue": 70527
        },
        "2020-04": {
            "month": "2020-04",
            "price": "9.98",
            "revenue": 159364
        },
        "2020-05": {
            "month": "2020-05",
            "price": "13.20",
            "revenue": 77766
        },
        "2020-06": {
            "month": "2020-06",
            "price": "11.20",
            "revenue": 32648
        },
        "2020-07": {
            "month": "2020-07",
            "price": "10.26",
            "revenue": 34096
        },
        "2020-08": {
            "month": "2020-08",
            "price": "9.21",
            "revenue": 61537
        },
        "2020-09": {
            "month": "2020-09",
            "price": "8.87",
            "revenue": 53249
        },
        "2020-10": {
            "month": "2020-10",
            "price": "8.17",
            "revenue": 135417
        },
        "2020-11": {
            "month": "2020-11",
            "price": "8.23",
            "revenue": 37255
        },
        "2020-12": {
            "month": "2020-12",
            "price": "7.79",
            "revenue": 52093
        },
        "2021-01": {
            "month": "2021-01",
            "price": "8.77",
            "revenue": 116018
        },
        "2021-02": {
            "month": "2021-02",
            "price": "8.65",
            "revenue": 37627
        },
        "2021-03": {
            "month": "2021-03",
            "price": "7.96",
            "revenue": 68412
        },
        "2021-04": {
            "month": "2021-04",
            "price": "7.56",
            "revenue": 51813
        },
        "2021-05": {
            "month": "2021-05",
            "price": "7.53",
            "revenue": 28472
        },
        "2021-06": {
            "month": "2021-06",
            "price": "7.25",
            "revenue": 57350
        },
        "2021-07": {
            "month": "2021-07",
            "price": "7.89",
            "revenue": 54620
        },
        "2021-08": {
            "month": "2021-08",
            "price": "7.70",
            "revenue": 132453
        },
        "2021-09": {
            "month": "2021-09",
            "price": "9.23",
            "revenue": 86682
        },
        "2021-10": {
            "month": "2021-10",
            "price": "10.45",
            "revenue": 34301
        },
        "2021-11": {
            "month": "2021-11",
            "price": "12.30",
            "revenue": 34752
        },
        "2021-12": {
            "month": "2021-12",
            "price": "14.19",
            "revenue": 106672
        },
        "2022-01": {
            "month": "2022-01",
            "price": "12.78",
            "revenue": 70889
        },
        "2022-02": {
            "month": "2022-02",
            "price": "12.19",
            "revenue": 35989
        },
        "2022-03": {
            "month": "2022-03",
            "price": "11.08",
            "revenue": 44593
        },
        "2022-04": {
            "month": "2022-04",
            "price": "10.49",
            "revenue": 33104
        },
        "2022-05": {
            "month": "2022-05",
            "price": "10.77",
            "revenue": 51583
        },
        "2022-06": {
            "month": "2022-06",
            "price": "11.23",
            "revenue": 94930
        },
        "2022-07": {
            "month": "2022-07",
            "price": "11.58",
            "revenue": 67939
        },
        "2022-08": {
            "month": "2022-08",
            "price": "12.27",
            "revenue": 75355
        },
        "2022-09": {
            "month": "2022-09",
            "price": "11.02",
            "revenue": 107044
        },
        "2022-10": {
            "month": "2022-10",
            "price": "9.66",
            "revenue": 98091
        },
        "2022-11": {
            "month": "2022-11",
            "price": "9.49",
            "revenue": 80133
        },
        "2022-12": {
            "month": "2022-12",
            "price": "10.18",
            "revenue": 61613
        },
        "2023-01": {
            "month": "2023-01",
            "price": "12.96",
            "revenue": 56839
        },
        "2023-02": {
            "month": "2023-02",
            "price": "13.79",
            "revenue": 40312
        },
        "2023-03": {
            "month": "2023-03",
            "price": "18.79",
            "revenue": 75672
        },
        "2023-04": {
            "month": "2023-04",
            "price": "20.58",
            "revenue": 21620
        },
        "2023-05": {
            "month": "2023-05",
            "price": "20.75",
            "revenue": 53412
        },
        "2023-06": {
            "month": "2023-06",
            "price": "21.20",
            "revenue": 32240
        },
        "2023-07": {
            "month": "2023-07",
            "price": "19.07",
            "revenue": 49788
        },
        "2023-08": {
            "month": "2023-08",
            "price": "16.72",
            "revenue": 47312
        },
        "2023-09": {
            "month": "2023-09",
            "price": "15.16",
            "revenue": 93315
        },
        "2023-10": {
            "month": "2023-10",
            "price": "14.85",
            "revenue": 35541
        },
        "2023-11": {
            "month": "2023-11",
            "price": "15.68",
            "revenue": 83991
        },
        "2023-12": {
            "month": "2023-12",
            "price": "17.25",
            "revenue": 97884
        }
    }
}
