{
    "summary": {
        "stock_name": "遠傳",
        "stock_id": "4904",
        "category": "通信網路",
        "main_business": "行動電話業務<br>行動電話手機及其零配件之買賣及裝修業務",
        "website_url": "http://www.fareastone.com.tw",
        "ceo": "井琪",
        "pe_ratio": 25,
        "report_year_from": 2001,
        "report_year_to": 2023,
        "age": 22,
        "eps_negative_percentage": 0,
        "eps_growth_avg": {
            "last_all": -0.67,
            "last_2y": 3.29,
            "last_4y": -2.17,
            "last_8y": -2.05,
            "last_12y": 0.6,
            "last_16y": -1.17,
            "last_20y": -0.67,
            "at_2006_last_3y": -1.16,
            "at_2007_last_3y": -0.17,
            "at_2008_last_3y": -6.02,
            "at_2009_last_3y": -6.93,
            "at_2010_last_3y": -5.45,
            "at_2011_last_3y": -2.26,
            "at_2012_last_3y": 2,
            "at_2013_last_3y": 6.57,
            "at_2014_last_3y": 7.09,
            "at_2015_last_3y": 6.98,
            "at_2016_last_3y": 1.93,
            "at_2017_last_3y": -1.91,
            "at_2018_last_3y": -4.8,
            "at_2019_last_3y": -6.53,
            "at_2020_last_3y": -7.27,
            "at_2021_last_3y": -3.86,
            "at_2022_last_3y": 0.81,
            "at_2023_last_3y": 0.81,
            "at_2006_last_all": -0.93,
            "at_2007_last_all": -2.78,
            "at_2008_last_all": -2.1,
            "at_2009_last_all": -2.73,
            "at_2010_last_all": -2.94,
            "at_2011_last_all": -2.57,
            "at_2012_last_all": -0.6,
            "at_2013_last_all": 0.37,
            "at_2014_last_all": 0.15,
            "at_2015_last_all": 0.16,
            "at_2016_last_all": 0.07,
            "at_2017_last_all": -0.2,
            "at_2018_last_all": -1.02,
            "at_2019_last_all": -1.33,
            "at_2020_last_all": -1.47,
            "at_2021_last_all": -0.93,
            "at_2022_last_all": -0.67,
            "at_2023_last_all": -0.67
        },
        "latest_eps": 3.08,
        "latest_price": 77.1,
        "latest_roe": 15.02,
        "latest_gross_margin": 31.2,
        "latest_equity": 67171357,
        "latest_revenue": 22305352,
        "latest_gross_profit": 6959023,
        "latest_net_income": 2777797,
        "latest_debt_ratio": 60.1,
        "latest_current_ratio": 74.52,
        "latest_account_receivable_turnover_ratio": 2.35,
        "latest_inventory_turnover_ratio": 4.91,
        "latest_reinvestment_rate": 1.29,
        "latest_research_to_sale_ratio": null
    },
    "eps_dividends": {
        "2001": {
            "cash": 0,
            "stock": 0,
            "eps": 3.75
        },
        "2002": {
            "cash": 1,
            "stock": 2.2,
            "eps": 3.75
        },
        "2003": {
            "cash": 1.3,
            "stock": 1.7,
            "eps": 3.15
        },
        "2004": {
            "cash": 1.4,
            "stock": 1,
            "eps": 3.95
        },
        "2005": {
            "cash": 3,
            "stock": 0,
            "eps": 3.81
        },
        "2006": {
            "cash": 3.1,
            "stock": 0,
            "eps": 3.41
        },
        "2007": {
            "cash": 3.1,
            "stock": 0,
            "eps": 3
        },
        "2008": {
            "cash": 3.1,
            "stock": 0,
            "eps": 3.06
        },
        "2009": {
            "cash": 2.8,
            "stock": 0,
            "eps": 2.84
        },
        "2010": {
            "cash": 2.8,
            "stock": 0,
            "eps": 2.71
        },
        "2011": {
            "cash": 5.5,
            "stock": 0,
            "eps": 2.73
        },
        "2012": {
            "cash": 0,
            "stock": 0,
            "eps": 3.25
        },
        "2013": {
            "cash": 3.5,
            "stock": 0,
            "eps": 3.61
        },
        "2014": {
            "cash": 3.75,
            "stock": 0,
            "eps": 3.52
        },
        "2015": {
            "cash": 3.75,
            "stock": 0,
            "eps": 3.53
        },
        "2016": {
            "cash": 3.75,
            "stock": 0,
            "eps": 3.49
        },
        "2017": {
            "cash": 3.75,
            "stock": 0,
            "eps": 3.34
        },
        "2018": {
            "cash": 3.75,
            "stock": 0,
            "eps": 2.87
        },
        "2019": {
            "cash": 3.75,
            "stock": 0,
            "eps": 2.68
        },
        "2020": {
            "cash": 3.25,
            "stock": 0,
            "eps": 2.57
        },
        "2021": {
            "cash": 3.25,
            "stock": 0,
            "eps": 2.81
        },
        "2022": {
            "cash": 3.25,
            "stock": 0,
            "eps": 2.94
        },
        "2023": {
            "cash": 3.25,
            "stock": 0,
            "eps": 0.85
        }
    },
    "dividends": {
        "2002-06-25": {
            "cash": 1,
            "stock": 2.2
        },
        "2003-04-02": {
            "cash": 1.3,
            "stock": 1.7
        },
        "2004-04-12": {
            "cash": 1.4,
            "stock": 1
        },
        "2005-04-07": {
            "cash": 3,
            "stock": 0
        },
        "2006-03-03": {
            "cash": 3.1,
            "stock": 0
        },
        "2007-04-19": {
            "cash": 3.1,
            "stock": 0
        },
        "2008-04-22": {
            "cash": 3.1,
            "stock": 0
        },
        "2009-04-29": {
            "cash": 2.8,
            "stock": 0
        },
        "2010-04-27": {
            "cash": 2.8,
            "stock": 0
        },
        "2011-01-01": {
            "cash": 3,
            "stock": 0
        },
        "2011-04-26": {
            "cash": 2.5,
            "stock": 0
        },
        "2013-04-26": {
            "cash": 3.5,
            "stock": 0
        },
        "2014-06-11": {
            "cash": 3.75,
            "stock": 0
        },
        "2015-08-07": {
            "cash": 3.75,
            "stock": 0
        },
        "2016-08-05": {
            "cash": 3.75,
            "stock": 0
        },
        "2017-08-04": {
            "cash": 3.75,
            "stock": 0
        },
        "2018-08-03": {
            "cash": 3.75,
            "stock": 0
        },
        "2019-08-07": {
            "cash": 3.75,
            "stock": 0
        },
        "2020-08-07": {
            "cash": 3.25,
            "stock": 0
        },
        "2021-08-19": {
            "cash": 3.25,
            "stock": 0
        },
        "2022-08-17": {
            "cash": 3.25,
            "stock": 0
        },
        "2023-02-15": {
            "cash": 3.25,
            "stock": 0
        }
    },
    "prices": {
        "200101": "無",
        "200102": "無",
        "200103": "無",
        "200104": "無",
        "200105": "無",
        "200106": "無",
        "200107": "無",
        "200108": "無",
        "200109": "無",
        "200110": "無",
        "200111": "無",
        "200112": "44.65",
        "200201": "45.07",
        "200202": "42.15",
        "200203": "40.38",
        "200204": "42.24",
        "200205": "41.09",
        "200206": "40.91",
        "200207": "39.20",
        "200208": "31.72",
        "200209": "29.38",
        "200210": "27.29",
        "200211": "27.45",
        "200212": "26.15",
        "200301": "28.57",
        "200302": "28.05",
        "200303": "26.50",
        "200304": "25.83",
        "200305": "25.15",
        "200306": "26.01",
        "200307": "24.66",
        "200308": "22.47",
        "200309": "22.32",
        "200310": "24.37",
        "200311": "25.50",
        "200312": "25.27",
        "200401": "27.39",
        "200402": "29.80",
        "200403": "31.38",
        "200404": "31.05",
        "200405": "28.78",
        "200406": "30.60",
        "200407": "32.67",
        "200408": "32.43",
        "200409": "33.38",
        "200410": "34.72",
        "200411": "37.10",
        "200412": "37.82",
        "200501": "37.78",
        "200502": "36.14",
        "200503": "38.88",
        "200504": "39.32",
        "200505": "39.72",
        "200506": "40.79",
        "200507": "40.46",
        "200508": "40.44",
        "200509": "38.96",
        "200510": "38.14",
        "200511": "38.57",
        "200512": "37.86",
        "200601": "37.39",
        "200602": "39.21",
        "200603": "38.62",
        "200604": "38.71",
        "200605": "39.70",
        "200606": "36.57",
        "200607": "36.53",
        "200608": "35.67",
        "200609": "35.16",
        "200610": "37.90",
        "200611": "37.05",
        "200612": "36.89",
        "200701": "36.25",
        "200702": "37.63",
        "200703": "37.46",
        "200704": "37.76",
        "200705": "39.20",
        "200706": "40.24",
        "200707": "41.63",
        "200708": "38.37",
        "200709": "40.47",
        "200710": "41.11",
        "200711": "39.60",
        "200712": "40.88",
        "200801": "40.51",
        "200802": "41.95",
        "200803": "45.15",
        "200804": "51.14",
        "200805": "50.49",
        "200806": "48.82",
        "200807": "48.26",
        "200808": "47.51",
        "200809": "43.16",
        "200810": "37.25",
        "200811": "34.54",
        "200812": "36.56",
        "200901": "34.15",
        "200902": "31.87",
        "200903": "34.55",
        "200904": "35.08",
        "200905": "37.25",
        "200906": "38.33",
        "200907": "39.18",
        "200908": "37.40",
        "200909": "37.39",
        "200910": "37.25",
        "200911": "37.07",
        "200912": "37.69",
        "201001": "37.98",
        "201002": "37.84",
        "201003": "37.98",
        "201004": "38.07",
        "201005": "37.94",
        "201006": "39.35",
        "201007": "43.15",
        "201008": "42.40",
        "201009": "42.48",
        "201010": "44.02",
        "201011": "43.66",
        "201012": "42.33",
        "201101": "42.49",
        "201102": "42.44",
        "201103": "42.92",
        "201104": "43.32",
        "201105": "43.87",
        "201106": "45.29",
        "201107": "47.44",
        "201108": "45.60",
        "201109": "46.27",
        "201110": "47.32",
        "201111": "55.63",
        "201112": "57.70",
        "201201": "55.99",
        "201202": "57.78",
        "201203": "59.15",
        "201204": "62.49",
        "201205": "66.73",
        "201206": "65.58",
        "201207": "69.07",
        "201208": "73.40",
        "201209": "72.32",
        "201210": "70.91",
        "201211": "69.10",
        "201212": "72.75",
        "201301": "73.22",
        "201302": "70.36",
        "201303": "68.84",
        "201304": "70.04",
        "201305": "73.78",
        "201306": "73.43",
        "201307": "79.09",
        "201308": "73.96",
        "201309": "74.14",
        "201310": "67.44",
        "201311": "63.74",
        "201312": "63.97",
        "201401": "62.26",
        "201402": "59.84",
        "201403": "62.02",
        "201404": "64.97",
        "201405": "66.30",
        "201406": "68.18",
        "201407": "65.39",
        "201408": "63.72",
        "201409": "59.01",
        "201410": "61.70",
        "201411": "66.78",
        "201412": "69.25",
        "201501": "75.12",
        "201502": "77.01",
        "201503": "75.30",
        "201504": "73.99",
        "201505": "72.73",
        "201506": "72.13",
        "201507": "72.68",
        "201508": "72.79",
        "201509": "70.42",
        "201510": "70.82",
        "201511": "69.21",
        "201512": "67.40",
        "201601": "67.55",
        "201602": "69.29",
        "201603": "70.97",
        "201604": "72.13",
        "201605": "74.81",
        "201606": "75.56",
        "201607": "76.78",
        "201608": "74.67",
        "201609": "73.87",
        "201610": "74.72",
        "201611": "73.73",
        "201612": "72.15",
        "201701": "73.52",
        "201702": "72.77",
        "201703": "74.80",
        "201704": "75.15",
        "201705": "76.17",
        "201706": "77.26",
        "201707": "74.99",
        "201708": "72.85",
        "201709": "72.07",
        "201710": "72.04",
        "201711": "71.50",
        "201712": "71.96",
        "201801": "75.40",
        "201802": "74.42",
        "201803": "74.91",
        "201804": "77.94",
        "201805": "76.42",
        "201806": "77.50",
        "201807": "74.98",
        "201808": "71.77",
        "201809": "73.45",
        "201810": "72.41",
        "201811": "73.28",
        "201812": "72.59",
        "201901": "72.52",
        "201902": "71.58",
        "201903": "72.44",
        "201904": "74.29",
        "201905": "76.25",
        "201906": "78.34",
        "201907": "74.40",
        "201908": "71.65",
        "201909": "73.29",
        "201910": "72.89",
        "201911": "74.07",
        "201912": "72.77",
        "202001": "70.99",
        "202002": "67.45",
        "202003": "63.88",
        "202004": "65.02",
        "202005": "66.08",
        "202006": "67.10",
        "202007": "66.07",
        "202008": "62.26",
        "202009": "61.62",
        "202010": "60.55",
        "202011": "60.95",
        "202012": "61.05",
        "202101": "61.14",
        "202102": "60.38",
        "202103": "62.96",
        "202104": "65.63",
        "202105": "64.51",
        "202106": "65.24",
        "202107": "63.98",
        "202108": "61.12",
        "202109": "60.92",
        "202110": "61.46",
        "202111": "63.14",
        "202112": "63.44",
        "202201": "64.43",
        "202202": "67.74",
        "202203": "73.06",
        "202204": "76.85",
        "202205": "81.29",
        "202206": "82.34",
        "202207": "79.76",
        "202208": "75.73",
        "202209": "72.79",
        "202210": "69.28",
        "202211": "67.65",
        "202212": "66.59",
        "202301": "66.75",
        "202302": "68.32",
        "202303": "71.73",
        "202304": "77.44",
        "202305": "78.02"
    },
    "quarters": {
        "20011": {
            "year_quarter": 20011,
            "year": 2001,
            "quarter": 1,
            "eps": 0.88,
            "eps_growth_year": null,
            "eps_4q": null,
            "eps_4q_growth_year": null,
            "roe": 4.71,
            "roe_4q": 4.71,
            "gross_profit": 5150675,
            "gross_margin": 52.21,
            "gross_margin_4q_avg": 52.21,
            "net_income": 1234990,
            "revenue": 9864426,
            "common_shares": 14000000,
            "book_valuer_per_share": 19.19,
            "book_valuer_per_share_4q_avg": 19.19,
            "equity": 26862954,
            "current_ratio": 112.01,
            "debt_ratio": 46.62,
            "inventory_turnover_ratio": 10.4,
            "account_receivable_turnover_ratio": null,
            "reinvestment_rate": null,
            "research_to_sale_ratio": null,
            "price_fair": 0,
            "eps_avg_yearly": 0,
            "eps_latest_yearly": 0,
            "eps_growth_yearly": 0
        },
        "20012": {
            "year_quarter": 20012,
            "year": 2001,
            "quarter": 2,
            "eps": 0.83,
            "eps_growth_year": null,
            "eps_4q": null,
            "eps_4q_growth_year": null,
            "roe": 5.67,
            "roe_4q": 10.379999999999999,
            "gross_profit": 4881527,
            "gross_margin": 55.04,
            "gross_margin_4q_avg": 53.63,
            "net_income": 1567883,
            "revenue": 8868731,
            "common_shares": 14000000,
            "book_valuer_per_share": 20.31,
            "book_valuer_per_share_4q_avg": 19.75,
            "equity": 28427201,
            "current_ratio": 106.48,
            "debt_ratio": 43.12,
            "inventory_turnover_ratio": 5.33,
            "account_receivable_turnover_ratio": null,
            "reinvestment_rate": null,
            "research_to_sale_ratio": null,
            "price_fair": 0,
            "eps_avg_yearly": 0,
            "eps_latest_yearly": 0,
            "eps_growth_yearly": 0
        },
        "20013": {
            "year_quarter": 20013,
            "year": 2001,
            "quarter": 3,
            "eps": 1.15,
            "eps_growth_year": null,
            "eps_4q": null,
            "eps_4q_growth_year": null,
            "roe": 7.34,
            "roe_4q": 17.72,
            "gross_profit": 4582083,
            "gross_margin": 56.43,
            "gross_margin_4q_avg": 54.56,
            "net_income": 2167562,
            "revenue": 8119238,
            "common_shares": 18900000,
            "book_valuer_per_share": 16.19,
            "book_valuer_per_share_4q_avg": 18.56,
            "equity": 30594763,
            "current_ratio": 95.74,
            "debt_ratio": 39.63,
            "inventory_turnover_ratio": 4.54,
            "account_receivable_turnover_ratio": null,
            "reinvestment_rate": null,
            "research_to_sale_ratio": null,
            "price_fair": 0,
            "eps_avg_yearly": 0,
            "eps_latest_yearly": 0,
            "eps_growth_yearly": 0
        },
        "20014": {
            "year_quarter": 20014,
            "year": 2001,
            "quarter": 4,
            "eps": 0.89,
            "eps_growth_year": null,
            "eps_4q": 3.51,
            "eps_4q_growth_year": null,
            "roe": 5.37,
            "roe_4q": 23.090000000000003,
            "gross_profit": 4206941,
            "gross_margin": 54.69,
            "gross_margin_4q_avg": 54.59,
            "net_income": 1688849,
            "revenue": 7691960,
            "common_shares": 18900000,
            "book_valuer_per_share": 17.08,
            "book_valuer_per_share_4q_avg": 18.19,
            "equity": 32283612,
            "current_ratio": 114.83,
            "debt_ratio": 38.87,
            "inventory_turnover_ratio": 5.12,
            "account_receivable_turnover_ratio": null,
            "reinvestment_rate": null,
            "research_to_sale_ratio": null,
            "price_fair": 0,
            "eps_avg_yearly": 0,
            "eps_latest_yearly": 0,
            "eps_growth_yearly": 0
        },
        "20021": {
            "year_quarter": 20021,
            "year": 2002,
            "quarter": 1,
            "eps": 0.97,
            "eps_growth_year": 10.23,
            "eps_4q": 3.83,
            "eps_4q_growth_year": null,
            "roe": 5.54,
            "roe_4q": 23.92,
            "gross_profit": 4252833,
            "gross_margin": 51.79,
            "gross_margin_4q_avg": 54.49,
            "net_income": 1840495,
            "revenue": 8212240,
            "common_shares": 18900000,
            "book_valuer_per_share": 18.07,
            "book_valuer_per_share_4q_avg": 17.91,
            "equity": 34152388,
            "current_ratio": 109.39,
            "debt_ratio": 42.56,
            "inventory_turnover_ratio": 5.66,
            "account_receivable_turnover_ratio": null,
            "reinvestment_rate": null,
            "research_to_sale_ratio": null,
            "price_fair": 135.8,
            "eps_avg_yearly": 3.88,
            "eps_latest_yearly": 3.88,
            "eps_growth_yearly": 35.96
        },
        "20022": {
            "year_quarter": 20022,
            "year": 2002,
            "quarter": 2,
            "eps": 1.12,
            "eps_growth_year": 34.94,
            "eps_4q": 4.13,
            "eps_4q_growth_year": null,
            "roe": 6.21,
            "roe_4q": 24.46,
            "gross_profit": 4478061,
            "gross_margin": 51.88,
            "gross_margin_4q_avg": 53.7,
            "net_income": 2121434,
            "revenue": 8632335,
            "common_shares": 18900000,
            "book_valuer_per_share": 18.1,
            "book_valuer_per_share_4q_avg": 17.36,
            "equity": 34204020,
            "current_ratio": 88.33,
            "debt_ratio": 43.09,
            "inventory_turnover_ratio": 6.31,
            "account_receivable_turnover_ratio": null,
            "reinvestment_rate": null,
            "research_to_sale_ratio": null,
            "price_fair": 146.3,
            "eps_avg_yearly": 4.18,
            "eps_latest_yearly": 4.48,
            "eps_growth_yearly": 48.91
        },
        "20023": {
            "year_quarter": 20023,
            "year": 2002,
            "quarter": 3,
            "eps": 0.8,
            "eps_growth_year": -30.43,
            "eps_4q": 3.24,
            "eps_4q_growth_year": null,
            "roe": 5.27,
            "roe_4q": 22.39,
            "gross_profit": 4573865,
            "gross_margin": 51.8,
            "gross_margin_4q_avg": 52.54,
            "net_income": 1852920,
            "revenue": 8830710,
            "common_shares": 23058000,
            "book_valuer_per_share": 15.64,
            "book_valuer_per_share_4q_avg": 17.22,
            "equity": 36056940,
            "current_ratio": 85.79,
            "debt_ratio": 37.05,
            "inventory_turnover_ratio": 6.78,
            "account_receivable_turnover_ratio": null,
            "reinvestment_rate": null,
            "research_to_sale_ratio": null,
            "price_fair": 11.56,
            "eps_avg_yearly": 3.85,
            "eps_latest_yearly": 3.2,
            "eps_growth_yearly": -5.49
        },
        "20024": {
            "year_quarter": 20024,
            "year": 2002,
            "quarter": 4,
            "eps": 0.86,
            "eps_growth_year": -3.37,
            "eps_4q": 3.37,
            "eps_4q_growth_year": -4.01,
            "roe": 5.24,
            "roe_4q": 22.259999999999998,
            "gross_profit": 3991930,
            "gross_margin": 45.35,
            "gross_margin_4q_avg": 50.21,
            "net_income": 1993568,
            "revenue": 8802750,
            "common_shares": 23058000,
            "book_valuer_per_share": 16.5,
            "book_valuer_per_share_4q_avg": 17.08,
            "equity": 40011712,
            "current_ratio": 92.07,
            "debt_ratio": 34.14,
            "inventory_turnover_ratio": 7.61,
            "account_receivable_turnover_ratio": null,
            "reinvestment_rate": null,
            "research_to_sale_ratio": null,
            "price_fair": 50.18,
            "eps_avg_yearly": 3.75,
            "eps_latest_yearly": 3.44,
            "eps_growth_yearly": 3.38
        },
        "20031": {
            "year_quarter": 20031,
            "year": 2003,
            "quarter": 1,
            "eps": 0.72,
            "eps_growth_year": -25.77,
            "eps_4q": 3.3,
            "eps_4q_growth_year": -13.72,
            "roe": 4.17,
            "roe_4q": 20.89,
            "gross_profit": 4290372,
            "gross_margin": 48.87,
            "gross_margin_4q_avg": 49.48,
            "net_income": 1663275,
            "revenue": 8778418,
            "common_shares": 23058000,
            "book_valuer_per_share": 17.22,
            "book_valuer_per_share_4q_avg": 16.87,
            "equity": 39713783,
            "current_ratio": 134.15,
            "debt_ratio": 33.57,
            "inventory_turnover_ratio": 8.08,
            "account_receivable_turnover_ratio": null,
            "reinvestment_rate": null,
            "research_to_sale_ratio": null,
            "price_fair": 10.73,
            "eps_avg_yearly": 3.58,
            "eps_latest_yearly": 2.88,
            "eps_growth_yearly": -10.32
        },
        "20032": {
            "year_quarter": 20032,
            "year": 2003,
            "quarter": 2,
            "eps": 0.8,
            "eps_growth_year": -28.57,
            "eps_4q": 2.85,
            "eps_4q_growth_year": -30.93,
            "roe": 5.48,
            "roe_4q": 20.16,
            "gross_profit": 4542887,
            "gross_margin": 50.79,
            "gross_margin_4q_avg": 49.2,
            "net_income": 2149171,
            "revenue": 8943810,
            "common_shares": 23058000,
            "book_valuer_per_share": 16.76,
            "book_valuer_per_share_4q_avg": 16.53,
            "equity": 38654541,
            "current_ratio": 114.56,
            "debt_ratio": 37.41,
            "inventory_turnover_ratio": 10.71,
            "account_receivable_turnover_ratio": null,
            "reinvestment_rate": null,
            "research_to_sale_ratio": null,
            "price_fair": 10.54,
            "eps_avg_yearly": 3.51,
            "eps_latest_yearly": 3.2,
            "eps_growth_yearly": -1.19
        },
        "20033": {
            "year_quarter": 20033,
            "year": 2003,
            "quarter": 3,
            "eps": 0.82,
            "eps_growth_year": 2.5,
            "eps_4q": 2.98,
            "eps_4q_growth_year": -7.99,
            "roe": 5.54,
            "roe_4q": 20.43,
            "gross_profit": 4788588,
            "gross_margin": 50.79,
            "gross_margin_4q_avg": 48.95,
            "net_income": 2203262,
            "revenue": 9427585,
            "common_shares": 26977860,
            "book_valuer_per_share": 15.14,
            "book_valuer_per_share_4q_avg": 16.41,
            "equity": 40857804,
            "current_ratio": 157.99,
            "debt_ratio": 33.72,
            "inventory_turnover_ratio": 7.11,
            "account_receivable_turnover_ratio": null,
            "reinvestment_rate": null,
            "research_to_sale_ratio": null,
            "price_fair": 34.8,
            "eps_avg_yearly": 3.48,
            "eps_latest_yearly": 3.28,
            "eps_growth_yearly": 0.41
        },
        "20034": {
            "year_quarter": 20034,
            "year": 2003,
            "quarter": 4,
            "eps": 0.81,
            "eps_growth_year": -5.81,
            "eps_4q": 3.05,
            "eps_4q_growth_year": -9.37,
            "roe": 5.18,
            "roe_4q": 20.369999999999997,
            "gross_profit": 4834861,
            "gross_margin": 48.75,
            "gross_margin_4q_avg": 49.8,
            "net_income": 2172425,
            "revenue": 9917350,
            "common_shares": 26977860,
            "book_valuer_per_share": 15.95,
            "book_valuer_per_share_4q_avg": 16.27,
            "equity": 43030228,
            "current_ratio": 186.56,
            "debt_ratio": 41.44,
            "inventory_turnover_ratio": 5.84,
            "account_receivable_turnover_ratio": null,
            "reinvestment_rate": null,
            "research_to_sale_ratio": null,
            "price_fair": 10.35,
            "eps_avg_yearly": 3.45,
            "eps_latest_yearly": 3.24,
            "eps_growth_yearly": -0.25
        },
        "20041": {
            "year_quarter": 20041,
            "year": 2004,
            "quarter": 1,
            "eps": 0.98,
            "eps_growth_year": 36.11,
            "eps_4q": 2.9,
            "eps_4q_growth_year": -12.21,
            "roe": 6.41,
            "roe_4q": 22.61,
            "gross_profit": 4976136,
            "gross_margin": 50.71,
            "gross_margin_4q_avg": 50.26,
            "net_income": 3330500,
            "revenue": 9813028,
            "common_shares": 26977860,
            "book_valuer_per_share": 22.6,
            "book_valuer_per_share_4q_avg": 17.61,
            "equity": 60956501,
            "current_ratio": 58.01,
            "debt_ratio": 31.56,
            "inventory_turnover_ratio": 5.82,
            "account_receivable_turnover_ratio": null,
            "reinvestment_rate": null,
            "research_to_sale_ratio": null,
            "price_fair": 66.9,
            "eps_avg_yearly": 3.5,
            "eps_latest_yearly": 3.92,
            "eps_growth_yearly": 9.1
        },
        "20042": {
            "year_quarter": 20042,
            "year": 2004,
            "quarter": 2,
            "eps": 1.09,
            "eps_growth_year": 36.25,
            "eps_4q": 3.36,
            "eps_4q_growth_year": 17.89,
            "roe": 6.13,
            "roe_4q": 23.259999999999998,
            "gross_profit": 5114873,
            "gross_margin": 51.86,
            "gross_margin_4q_avg": 50.53,
            "net_income": 3698668,
            "revenue": 9863624,
            "common_shares": 33918714,
            "book_valuer_per_share": 17.59,
            "book_valuer_per_share_4q_avg": 17.82,
            "equity": 59669927,
            "current_ratio": 66.15,
            "debt_ratio": 34.01,
            "inventory_turnover_ratio": 6.89,
            "account_receivable_turnover_ratio": null,
            "reinvestment_rate": null,
            "research_to_sale_ratio": null,
            "price_fair": 81.38,
            "eps_avg_yearly": 3.59,
            "eps_latest_yearly": 4.36,
            "eps_growth_yearly": 12.68
        },
        "20043": {
            "year_quarter": 20043,
            "year": 2004,
            "quarter": 3,
            "eps": 1.03,
            "eps_growth_year": 25.61,
            "eps_4q": 3.51,
            "eps_4q_growth_year": 17.61,
            "roe": 6.17,
            "roe_4q": 23.89,
            "gross_profit": 8601568,
            "gross_margin": 51.54,
            "gross_margin_4q_avg": 50.72,
            "net_income": 3828244,
            "revenue": 16687958,
            "common_shares": 37631514,
            "book_valuer_per_share": 17.11,
            "book_valuer_per_share_4q_avg": 18.31,
            "equity": 64396357,
            "current_ratio": 61.36,
            "debt_ratio": 38.52,
            "inventory_turnover_ratio": 10.9,
            "account_receivable_turnover_ratio": null,
            "reinvestment_rate": null,
            "research_to_sale_ratio": null,
            "price_fair": 71.01,
            "eps_avg_yearly": 3.64,
            "eps_latest_yearly": 4.12,
            "eps_growth_yearly": 9.53
        },
        "20044": {
            "year_quarter": 20044,
            "year": 2004,
            "quarter": 4,
            "eps": 0.85,
            "eps_growth_year": 4.94,
            "eps_4q": 3.75,
            "eps_4q_growth_year": 22.73,
            "roe": 4.75,
            "roe_4q": 23.46,
            "gross_profit": 8752761,
            "gross_margin": 53.1,
            "gross_margin_4q_avg": 51.8,
            "net_income": 3185664,
            "revenue": 16482011,
            "common_shares": 38423115,
            "book_valuer_per_share": 18.14,
            "book_valuer_per_share_4q_avg": 18.86,
            "equity": 69712066,
            "current_ratio": 81.51,
            "debt_ratio": 35.87,
            "inventory_turnover_ratio": 9.1,
            "account_receivable_turnover_ratio": null,
            "reinvestment_rate": 83.37,
            "research_to_sale_ratio": null,
            "price_fair": 46.69,
            "eps_avg_yearly": 3.62,
            "eps_latest_yearly": 3.4,
            "eps_growth_yearly": 2.91
        },
        "20051": {
            "year_quarter": 20051,
            "year": 2005,
            "quarter": 1,
            "eps": 0.98,
            "eps_growth_year": 0,
            "eps_4q": 3.76,
            "eps_4q_growth_year": 29.56,
            "roe": 5.21,
            "roe_4q": 22.26,
            "gross_profit": 8710211,
            "gross_margin": 49.98,
            "gross_margin_4q_avg": 51.62,
            "net_income": 3784119,
            "revenue": 17426375,
            "common_shares": 38726630,
            "book_valuer_per_share": 19.18,
            "book_valuer_per_share_4q_avg": 18.01,
            "equity": 75422218,
            "current_ratio": 86.12,
            "debt_ratio": 31.48,
            "inventory_turnover_ratio": 9.15,
            "account_receivable_turnover_ratio": null,
            "reinvestment_rate": 69.28,
            "research_to_sale_ratio": null,
            "price_fair": 63.3,
            "eps_avg_yearly": 3.64,
            "eps_latest_yearly": 3.92,
            "eps_growth_yearly": 7.39
        },
        "20052": {
            "year_quarter": 20052,
            "year": 2005,
            "quarter": 2,
            "eps": 1.04,
            "eps_growth_year": -4.59,
            "eps_4q": 3.86,
            "eps_4q_growth_year": 14.91,
            "roe": 5.59,
            "roe_4q": 21.72,
            "gross_profit": 9040365,
            "gross_margin": 49.82,
            "gross_margin_4q_avg": 51.11,
            "net_income": 3989860,
            "revenue": 18146921,
            "common_shares": 38726630,
            "book_valuer_per_share": 17.12,
            "book_valuer_per_share_4q_avg": 17.89,
            "equity": 67414418,
            "current_ratio": 75.09,
            "debt_ratio": 38.92,
            "inventory_turnover_ratio": 7.19,
            "account_receivable_turnover_ratio": null,
            "reinvestment_rate": 57.23,
            "research_to_sale_ratio": null,
            "price_fair": 68.44,
            "eps_avg_yearly": 3.68,
            "eps_latest_yearly": 4.16,
            "eps_growth_yearly": 8.61
        },
        "20053": {
            "year_quarter": 20053,
            "year": 2005,
            "quarter": 3,
            "eps": 0.98,
            "eps_growth_year": -4.85,
            "eps_4q": 3.85,
            "eps_4q_growth_year": 9.7,
            "roe": 5.44,
            "roe_4q": 20.990000000000002,
            "gross_profit": 9129594,
            "gross_margin": 49.1,
            "gross_margin_4q_avg": 50.5,
            "net_income": 3766339,
            "revenue": 18593932,
            "common_shares": 38726630,
            "book_valuer_per_share": 18.1,
            "book_valuer_per_share_4q_avg": 18.14,
            "equity": 71110297,
            "current_ratio": 63.91,
            "debt_ratio": 27.33,
            "inventory_turnover_ratio": 6.54,
            "account_receivable_turnover_ratio": null,
            "reinvestment_rate": 48.52,
            "research_to_sale_ratio": null,
            "price_fair": 60.94,
            "eps_avg_yearly": 3.69,
            "eps_latest_yearly": 3.92,
            "eps_growth_yearly": 6.5
        },
        "20054": {
            "year_quarter": 20054,
            "year": 2005,
            "quarter": 4,
            "eps": 0.81,
            "eps_growth_year": -4.71,
            "eps_4q": 3.83,
            "eps_4q_growth_year": 2.33,
            "roe": 4.28,
            "roe_4q": 20.52,
            "gross_profit": 8200821,
            "gross_margin": 46.22,
            "gross_margin_4q_avg": 48.78,
            "net_income": 3108955,
            "revenue": 17744943,
            "common_shares": 38726630,
            "book_valuer_per_share": 18.91,
            "book_valuer_per_share_4q_avg": 18.33,
            "equity": 74222770,
            "current_ratio": 80.95,
            "debt_ratio": 25.35,
            "inventory_turnover_ratio": 6.08,
            "account_receivable_turnover_ratio": null,
            "reinvestment_rate": 46.54,
            "research_to_sale_ratio": null,
            "price_fair": 43.09,
            "eps_avg_yearly": 3.67,
            "eps_latest_yearly": 3.24,
            "eps_growth_yearly": 1.76
        },
        "20061": {
            "year_quarter": 20061,
            "year": 2006,
            "quarter": 1,
            "eps": 0.82,
            "eps_growth_year": -16.33,
            "eps_4q": 3.67,
            "eps_4q_growth_year": -2.45,
            "roe": 4.16,
            "roe_4q": 19.470000000000002,
            "gross_profit": 8206056,
            "gross_margin": 46.6,
            "gross_margin_4q_avg": 47.94,
            "net_income": 3150887,
            "revenue": 17608261,
            "common_shares": 38726630,
            "book_valuer_per_share": 19.7,
            "book_valuer_per_share_4q_avg": 18.46,
            "equity": 77300519,
            "current_ratio": 98.82,
            "debt_ratio": 22.36,
            "inventory_turnover_ratio": 5.83,
            "account_receivable_turnover_ratio": null,
            "reinvestment_rate": 41.59,
            "research_to_sale_ratio": null,
            "price_fair": 10.88,
            "eps_avg_yearly": 3.63,
            "eps_latest_yearly": 3.28,
            "eps_growth_yearly": -0.18
        },
        "20062": {
            "year_quarter": 20062,
            "year": 2006,
            "quarter": 2,
            "eps": 0.9,
            "eps_growth_year": -13.46,
            "eps_4q": 3.53,
            "eps_4q_growth_year": -8.54,
            "roe": 4.74,
            "roe_4q": 18.62,
            "gross_profit": 8182503,
            "gross_margin": 48.45,
            "gross_margin_4q_avg": 47.59,
            "net_income": 3454002,
            "revenue": 16886923,
            "common_shares": 38726630,
            "book_valuer_per_share": 17.4,
            "book_valuer_per_share_4q_avg": 18.53,
            "equity": 68353069,
            "current_ratio": 75.77,
            "debt_ratio": 31.68,
            "inventory_turnover_ratio": 6,
            "account_receivable_turnover_ratio": null,
            "reinvestment_rate": 36.36,
            "research_to_sale_ratio": null,
            "price_fair": 10.72,
            "eps_avg_yearly": 3.57,
            "eps_latest_yearly": 3.6,
            "eps_growth_yearly": -1.61
        },
        "20063": {
            "year_quarter": 20063,
            "year": 2006,
            "quarter": 3,
            "eps": 0.87,
            "eps_growth_year": -11.22,
            "eps_4q": 3.46,
            "eps_4q_growth_year": -10.15,
            "roe": 4.72,
            "roe_4q": 17.900000000000002,
            "gross_profit": 7758328,
            "gross_margin": 47.14,
            "gross_margin_4q_avg": 47.1,
            "net_income": 3302677,
            "revenue": 16459764,
            "common_shares": 38726630,
            "book_valuer_per_share": 18.27,
            "book_valuer_per_share_4q_avg": 18.57,
            "equity": 71674494,
            "current_ratio": 91.54,
            "debt_ratio": 20.52,
            "inventory_turnover_ratio": 7.5,
            "account_receivable_turnover_ratio": null,
            "reinvestment_rate": 33.06,
            "research_to_sale_ratio": null,
            "price_fair": 52.77,
            "eps_avg_yearly": 3.59,
            "eps_latest_yearly": 3.48,
            "eps_growth_yearly": 4.7
        },
        "20064": {
            "year_quarter": 20064,
            "year": 2006,
            "quarter": 4,
            "eps": 0.82,
            "eps_growth_year": 1.23,
            "eps_4q": 3.47,
            "eps_4q_growth_year": -9.52,
            "roe": 4.25,
            "roe_4q": 17.869999999999997,
            "gross_profit": 7527665,
            "gross_margin": 46.26,
            "gross_margin_4q_avg": 47.11,
            "net_income": 3109421,
            "revenue": 16272016,
            "common_shares": 38726630,
            "book_valuer_per_share": 19.09,
            "book_valuer_per_share_4q_avg": 18.62,
            "equity": 74789969,
            "current_ratio": 113.65,
            "debt_ratio": 20.17,
            "inventory_turnover_ratio": 8.72,
            "account_receivable_turnover_ratio": null,
            "reinvestment_rate": 29.15,
            "research_to_sale_ratio": null,
            "price_fair": 40.77,
            "eps_avg_yearly": 3.58,
            "eps_latest_yearly": 3.28,
            "eps_growth_yearly": 1.39
        },
        "20071": {
            "year_quarter": 20071,
            "year": 2007,
            "quarter": 1,
            "eps": 0.75,
            "eps_growth_year": -8.54,
            "eps_4q": 3.37,
            "eps_4q_growth_year": -8.04,
            "roe": 3.76,
            "roe_4q": 17.47,
            "gross_profit": 7516335,
            "gross_margin": 47.64,
            "gross_margin_4q_avg": 47.37,
            "net_income": 2868325,
            "revenue": 15776383,
            "common_shares": 38726630,
            "book_valuer_per_share": 19.84,
            "book_valuer_per_share_4q_avg": 18.65,
            "equity": 77672703,
            "current_ratio": 145.89,
            "debt_ratio": 18.31,
            "inventory_turnover_ratio": 8.3,
            "account_receivable_turnover_ratio": null,
            "reinvestment_rate": 26.42,
            "research_to_sale_ratio": null,
            "price_fair": 47.8,
            "eps_avg_yearly": 3.59,
            "eps_latest_yearly": 3,
            "eps_growth_yearly": 3.32
        },
        "20072": {
            "year_quarter": 20072,
            "year": 2007,
            "quarter": 2,
            "eps": 0.79,
            "eps_growth_year": -12.22,
            "eps_4q": 3.23,
            "eps_4q_growth_year": -8.57,
            "roe": 4.18,
            "roe_4q": 16.91,
            "gross_profit": 7578539,
            "gross_margin": 47.99,
            "gross_margin_4q_avg": 47.26,
            "net_income": 3052345,
            "revenue": 15793529,
            "common_shares": 38726630,
            "book_valuer_per_share": 17.45,
            "book_valuer_per_share_4q_avg": 18.66,
            "equity": 68397029,
            "current_ratio": 96.81,
            "debt_ratio": 28.89,
            "inventory_turnover_ratio": 9.15,
            "account_receivable_turnover_ratio": null,
            "reinvestment_rate": 21.08,
            "research_to_sale_ratio": null,
            "price_fair": 42.59,
            "eps_avg_yearly": 3.59,
            "eps_latest_yearly": 3.16,
            "eps_growth_yearly": 1.88
        },
        "20073": {
            "year_quarter": 20073,
            "year": 2007,
            "quarter": 3,
            "eps": 0.76,
            "eps_growth_year": -12.64,
            "eps_4q": 3.19,
            "eps_4q_growth_year": -7.76,
            "roe": 4.11,
            "roe_4q": 16.299999999999997,
            "gross_profit": 7844387,
            "gross_margin": 48.4,
            "gross_margin_4q_avg": 47.57,
            "net_income": 2881356,
            "revenue": 16206850,
            "common_shares": 38726630,
            "book_valuer_per_share": 18.22,
            "book_valuer_per_share_4q_avg": 18.65,
            "equity": 71714279,
            "current_ratio": 119.36,
            "debt_ratio": 18.52,
            "inventory_turnover_ratio": 11.77,
            "account_receivable_turnover_ratio": null,
            "reinvestment_rate": 22.46,
            "research_to_sale_ratio": null,
            "price_fair": 35.7,
            "eps_avg_yearly": 3.57,
            "eps_latest_yearly": 3.04,
            "eps_growth_yearly": 0.31
        },
        "20074": {
            "year_quarter": 20074,
            "year": 2007,
            "quarter": 4,
            "eps": 0.7,
            "eps_growth_year": -14.63,
            "eps_4q": 3.1,
            "eps_4q_growth_year": -10.53,
            "roe": 3.44,
            "roe_4q": 15.49,
            "gross_profit": 7548468,
            "gross_margin": 46.42,
            "gross_margin_4q_avg": 47.61,
            "net_income": 2620309,
            "revenue": 16259984,
            "common_shares": 40330334,
            "book_valuer_per_share": 19.67,
            "book_valuer_per_share_4q_avg": 18.8,
            "equity": 80415156,
            "current_ratio": 137.71,
            "debt_ratio": 16.7,
            "inventory_turnover_ratio": 13.27,
            "account_receivable_turnover_ratio": null,
            "reinvestment_rate": 17.61,
            "research_to_sale_ratio": null,
            "price_fair": 10.63,
            "eps_avg_yearly": 3.54,
            "eps_latest_yearly": 2.8,
            "eps_growth_yearly": -1.36
        },
        "20081": {
            "year_quarter": 20081,
            "year": 2008,
            "quarter": 1,
            "eps": 0.72,
            "eps_growth_year": -4,
            "eps_4q": 3.35,
            "eps_4q_growth_year": -0.55,
            "roe": 3.08,
            "roe_4q": 14.809999999999999,
            "gross_profit": 7451136,
            "gross_margin": 46.99,
            "gross_margin_4q_avg": 47.45,
            "net_income": 2395382,
            "revenue": 15857536,
            "common_shares": 32585008,
            "book_valuer_per_share": 22.72,
            "book_valuer_per_share_4q_avg": 19.52,
            "equity": 75079375,
            "current_ratio": 117.26,
            "debt_ratio": 18.83,
            "inventory_turnover_ratio": 12.87,
            "account_receivable_turnover_ratio": null,
            "reinvestment_rate": 21.12,
            "research_to_sale_ratio": null,
            "price_fair": 10.43,
            "eps_avg_yearly": 3.48,
            "eps_latest_yearly": 2.88,
            "eps_growth_yearly": -5.9
        },
        "20082": {
            "year_quarter": 20082,
            "year": 2008,
            "quarter": 2,
            "eps": 0.84,
            "eps_growth_year": 6.33,
            "eps_4q": 3.32,
            "eps_4q_growth_year": 2.71,
            "roe": 3.86,
            "roe_4q": 14.489999999999998,
            "gross_profit": 7449313,
            "gross_margin": 46.99,
            "gross_margin_4q_avg": 47.2,
            "net_income": 2752300,
            "revenue": 15851738,
            "common_shares": 32585008,
            "book_valuer_per_share": 20.37,
            "book_valuer_per_share_4q_avg": 20.25,
            "equity": 67393778,
            "current_ratio": 84.89,
            "debt_ratio": 26.8,
            "inventory_turnover_ratio": 11.81,
            "account_receivable_turnover_ratio": null,
            "reinvestment_rate": 21.77,
            "research_to_sale_ratio": null,
            "price_fair": 10.25,
            "eps_avg_yearly": 3.42,
            "eps_latest_yearly": 3.36,
            "eps_growth_yearly": -4.54
        },
        "20083": {
            "year_quarter": 20083,
            "year": 2008,
            "quarter": 3,
            "eps": 0.8,
            "eps_growth_year": 5.26,
            "eps_4q": 3.25,
            "eps_4q_growth_year": 1.91,
            "roe": 3.78,
            "roe_4q": 14.159999999999998,
            "gross_profit": 7280862,
            "gross_margin": 46.26,
            "gross_margin_4q_avg": 46.67,
            "net_income": 2595512,
            "revenue": 15739942,
            "common_shares": 32585008,
            "book_valuer_per_share": 21.17,
            "book_valuer_per_share_4q_avg": 20.98,
            "equity": 69985779,
            "current_ratio": 100.53,
            "debt_ratio": 20.66,
            "inventory_turnover_ratio": 10.66,
            "account_receivable_turnover_ratio": null,
            "reinvestment_rate": -38.05,
            "research_to_sale_ratio": null,
            "price_fair": 10.07,
            "eps_avg_yearly": 3.36,
            "eps_latest_yearly": 3.2,
            "eps_growth_yearly": -4.35
        },
        "20084": {
            "year_quarter": 20084,
            "year": 2008,
            "quarter": 4,
            "eps": 0.7,
            "eps_growth_year": 0,
            "eps_4q": 3.12,
            "eps_4q_growth_year": 0.56,
            "roe": 3.2,
            "roe_4q": 13.92,
            "gross_profit": 7139585,
            "gross_margin": 47.38,
            "gross_margin_4q_avg": 46.91,
            "net_income": 2278627,
            "revenue": 15068694,
            "common_shares": 32585008,
            "book_valuer_per_share": 21.88,
            "book_valuer_per_share_4q_avg": 21.54,
            "equity": 72241303,
            "current_ratio": 118.46,
            "debt_ratio": 18.22,
            "inventory_turnover_ratio": 9.6,
            "account_receivable_turnover_ratio": 4.81,
            "reinvestment_rate": -39.06,
            "research_to_sale_ratio": null,
            "price_fair": 9.96,
            "eps_avg_yearly": 3.32,
            "eps_latest_yearly": 2.8,
            "eps_growth_yearly": -3.11
        },
        "20091": {
            "year_quarter": 20091,
            "year": 2009,
            "quarter": 1,
            "eps": 0.71,
            "eps_growth_year": -1.39,
            "eps_4q": 3.14,
            "eps_4q_growth_year": -6.41,
            "roe": 3.09,
            "roe_4q": 13.93,
            "gross_profit": 6629312,
            "gross_margin": 44.55,
            "gross_margin_4q_avg": 46.3,
            "net_income": 2271082,
            "revenue": 14881115,
            "common_shares": 32585008,
            "book_valuer_per_share": 22.61,
            "book_valuer_per_share_4q_avg": 21.51,
            "equity": 74571653,
            "current_ratio": 147.75,
            "debt_ratio": 16.63,
            "inventory_turnover_ratio": 9.85,
            "account_receivable_turnover_ratio": 2.42,
            "reinvestment_rate": -44.62,
            "research_to_sale_ratio": null,
            "price_fair": 9.76,
            "eps_avg_yearly": 3.25,
            "eps_latest_yearly": 2.84,
            "eps_growth_yearly": -6.57
        },
        "20092": {
            "year_quarter": 20092,
            "year": 2009,
            "quarter": 2,
            "eps": 0.71,
            "eps_growth_year": -15.48,
            "eps_4q": 2.97,
            "eps_4q_growth_year": -10.57,
            "roe": 3.21,
            "roe_4q": 13.28,
            "gross_profit": 6565136,
            "gross_margin": 43.63,
            "gross_margin_4q_avg": 45.46,
            "net_income": 2286525,
            "revenue": 15048028,
            "common_shares": 32585008,
            "book_valuer_per_share": 20.52,
            "book_valuer_per_share_4q_avg": 21.55,
            "equity": 67756606,
            "current_ratio": 107.14,
            "debt_ratio": 24.63,
            "inventory_turnover_ratio": 10.44,
            "account_receivable_turnover_ratio": 2.42,
            "reinvestment_rate": -46.25,
            "research_to_sale_ratio": null,
            "price_fair": 9.51,
            "eps_avg_yearly": 3.17,
            "eps_latest_yearly": 2.84,
            "eps_growth_yearly": -8.1
        },
        "20093": {
            "year_quarter": 20093,
            "year": 2009,
            "quarter": 3,
            "eps": 0.73,
            "eps_growth_year": -8.75,
            "eps_4q": 2.89,
            "eps_4q_growth_year": -10.98,
            "roe": 3.4,
            "roe_4q": 12.899999999999999,
            "gross_profit": 6876222,
            "gross_margin": 44.77,
            "gross_margin_4q_avg": 45.08,
            "net_income": 2346655,
            "revenue": 15358284,
            "common_shares": 32585008,
            "book_valuer_per_share": 21.26,
            "book_valuer_per_share_4q_avg": 21.57,
            "equity": 70116416,
            "current_ratio": 142.22,
            "debt_ratio": 16.63,
            "inventory_turnover_ratio": 11.02,
            "account_receivable_turnover_ratio": 2.42,
            "reinvestment_rate": -47.44,
            "research_to_sale_ratio": null,
            "price_fair": 9.32,
            "eps_avg_yearly": 3.11,
            "eps_latest_yearly": 2.92,
            "eps_growth_yearly": -5.96
        },
        "20094": {
            "year_quarter": 20094,
            "year": 2009,
            "quarter": 4,
            "eps": 0.69,
            "eps_growth_year": -1.43,
            "eps_4q": 2.83,
            "eps_4q_growth_year": -9.25,
            "roe": 3.13,
            "roe_4q": 12.829999999999998,
            "gross_profit": 6671007,
            "gross_margin": 45.15,
            "gross_margin_4q_avg": 44.53,
            "net_income": 2231056,
            "revenue": 14774701,
            "common_shares": 32585008,
            "book_valuer_per_share": 21.96,
            "book_valuer_per_share_4q_avg": 21.59,
            "equity": 72375141,
            "current_ratio": 170.34,
            "debt_ratio": 16.3,
            "inventory_turnover_ratio": 11.98,
            "account_receivable_turnover_ratio": 5.19,
            "reinvestment_rate": -33.18,
            "research_to_sale_ratio": null,
            "price_fair": 9.23,
            "eps_avg_yearly": 3.08,
            "eps_latest_yearly": 2.76,
            "eps_growth_yearly": -2.99
        },
        "20101": {
            "year_quarter": 20101,
            "year": 2010,
            "quarter": 1,
            "eps": 0.71,
            "eps_growth_year": 0,
            "eps_4q": 2.84,
            "eps_4q_growth_year": -9.52,
            "roe": 3.15,
            "roe_4q": 12.89,
            "gross_profit": 6529424,
            "gross_margin": 44.37,
            "gross_margin_4q_avg": 44.48,
            "net_income": 2317858,
            "revenue": 14714555,
            "common_shares": 32585008,
            "book_valuer_per_share": 22.67,
            "book_valuer_per_share_4q_avg": 21.6,
            "equity": 74699464,
            "current_ratio": 191.3,
            "debt_ratio": 16.62,
            "inventory_turnover_ratio": 10.89,
            "account_receivable_turnover_ratio": 2.62,
            "reinvestment_rate": -30.55,
            "research_to_sale_ratio": 0.1,
            "price_fair": 9.15,
            "eps_avg_yearly": 3.05,
            "eps_latest_yearly": 2.84,
            "eps_growth_yearly": -2.57
        },
        "20102": {
            "year_quarter": 20102,
            "year": 2010,
            "quarter": 2,
            "eps": 0.6,
            "eps_growth_year": -15.95,
            "eps_4q": 2.73,
            "eps_4q_growth_year": -8.08,
            "roe": 2.71,
            "roe_4q": 12.389999999999999,
            "gross_profit": 6106094,
            "gross_margin": 41.1,
            "gross_margin_4q_avg": 43.85,
            "net_income": 1924821,
            "revenue": 14856866,
            "common_shares": 32585008,
            "book_valuer_per_share": 20.45,
            "book_valuer_per_share_4q_avg": 21.59,
            "equity": 67432363,
            "current_ratio": 126.31,
            "debt_ratio": 25.68,
            "inventory_turnover_ratio": 10.81,
            "account_receivable_turnover_ratio": 2.63,
            "reinvestment_rate": -28.14,
            "research_to_sale_ratio": 0.1,
            "price_fair": 8.93,
            "eps_avg_yearly": 2.98,
            "eps_latest_yearly": 2.4,
            "eps_growth_yearly": -8.89
        },
        "20103": {
            "year_quarter": 20103,
            "year": 2010,
            "quarter": 3,
            "eps": 0.72,
            "eps_growth_year": -1.1,
            "eps_4q": 2.72,
            "eps_4q_growth_year": -5.9,
            "roe": 3.44,
            "roe_4q": 12.43,
            "gross_profit": 6812718,
            "gross_margin": 41.57,
            "gross_margin_4q_avg": 43.05,
            "net_income": 2387706,
            "revenue": 16390113,
            "common_shares": 32585008,
            "book_valuer_per_share": 21.19,
            "book_valuer_per_share_4q_avg": 21.57,
            "equity": 71292891,
            "current_ratio": 94.72,
            "debt_ratio": 27.97,
            "inventory_turnover_ratio": 12.62,
            "account_receivable_turnover_ratio": 2.7,
            "reinvestment_rate": 0.67,
            "research_to_sale_ratio": 0.19,
            "price_fair": 8.81,
            "eps_avg_yearly": 2.94,
            "eps_latest_yearly": 2.88,
            "eps_growth_yearly": -3.05
        },
        "20104": {
            "year_quarter": 20104,
            "year": 2010,
            "quarter": 4,
            "eps": 0.68,
            "eps_growth_year": -0.74,
            "eps_4q": 2.72,
            "eps_4q_growth_year": -4.13,
            "roe": 3.08,
            "roe_4q": 12.38,
            "gross_profit": 7208379,
            "gross_margin": 41.25,
            "gross_margin_4q_avg": 42.07,
            "net_income": 2232983,
            "revenue": 17474371,
            "common_shares": 32585008,
            "book_valuer_per_share": 21.88,
            "book_valuer_per_share_4q_avg": 21.55,
            "equity": 73553239,
            "current_ratio": 105.31,
            "debt_ratio": 24.67,
            "inventory_turnover_ratio": 11.34,
            "account_receivable_turnover_ratio": 2.78,
            "reinvestment_rate": 2.19,
            "research_to_sale_ratio": 0.11,
            "price_fair": 8.71,
            "eps_avg_yearly": 2.9,
            "eps_latest_yearly": 2.72,
            "eps_growth_yearly": -3
        },
        "20111": {
            "year_quarter": 20111,
            "year": 2011,
            "quarter": 1,
            "eps": 0.6,
            "eps_growth_year": -15.49,
            "eps_4q": 2.6,
            "eps_4q_growth_year": -8.36,
            "roe": 2.65,
            "roe_4q": 11.879999999999999,
            "gross_profit": 6971714,
            "gross_margin": 39.44,
            "gross_margin_4q_avg": 40.84,
            "net_income": 1955862,
            "revenue": 17674629,
            "common_shares": 32585008,
            "book_valuer_per_share": 22.48,
            "book_valuer_per_share_4q_avg": 21.5,
            "equity": 74118976,
            "current_ratio": 115.55,
            "debt_ratio": 22.54,
            "inventory_turnover_ratio": 9.3,
            "account_receivable_turnover_ratio": 2.94,
            "reinvestment_rate": 5.25,
            "research_to_sale_ratio": 0.09,
            "price_fair": 8.6,
            "eps_avg_yearly": 2.87,
            "eps_latest_yearly": 2.4,
            "eps_growth_yearly": -3.81
        },
        "20112": {
            "year_quarter": 20112,
            "year": 2011,
            "quarter": 2,
            "eps": 0.63,
            "eps_growth_year": 6.15,
            "eps_4q": 2.64,
            "eps_4q_growth_year": -3.27,
            "roe": 2.91,
            "roe_4q": 12.08,
            "gross_profit": 7264071,
            "gross_margin": 39.37,
            "gross_margin_4q_avg": 40.41,
            "net_income": 2066819,
            "revenue": 18452428,
            "common_shares": 32585008,
            "book_valuer_per_share": 20.63,
            "book_valuer_per_share_4q_avg": 21.55,
            "equity": 68068149,
            "current_ratio": 90.19,
            "debt_ratio": 29.07,
            "inventory_turnover_ratio": 8.05,
            "account_receivable_turnover_ratio": 3.07,
            "reinvestment_rate": 9.73,
            "research_to_sale_ratio": 0.09,
            "price_fair": 8.48,
            "eps_avg_yearly": 2.83,
            "eps_latest_yearly": 2.52,
            "eps_growth_yearly": -3.89
        },
        "20113": {
            "year_quarter": 20113,
            "year": 2011,
            "quarter": 3,
            "eps": 0.75,
            "eps_growth_year": 3.83,
            "eps_4q": 2.67,
            "eps_4q_growth_year": -2.05,
            "roe": 3.55,
            "roe_4q": 12.19,
            "gross_profit": 7950919,
            "gross_margin": 40.55,
            "gross_margin_4q_avg": 40.15,
            "net_income": 2462166,
            "revenue": 19609437,
            "common_shares": 32585008,
            "book_valuer_per_share": 21.36,
            "book_valuer_per_share_4q_avg": 21.59,
            "equity": 70492852,
            "current_ratio": 108.27,
            "debt_ratio": 26.06,
            "inventory_turnover_ratio": 7.77,
            "account_receivable_turnover_ratio": 3.1,
            "reinvestment_rate": 7.62,
            "research_to_sale_ratio": 0.09,
            "price_fair": 33.35,
            "eps_avg_yearly": 2.82,
            "eps_latest_yearly": 3,
            "eps_growth_yearly": 1.82
        },
        "20114": {
            "year_quarter": 20114,
            "year": 2011,
            "quarter": 4,
            "eps": 0.75,
            "eps_growth_year": 8.78,
            "eps_4q": 2.73,
            "eps_4q_growth_year": 0.37,
            "roe": 3.41,
            "roe_4q": 12.520000000000001,
            "gross_profit": 8178366,
            "gross_margin": 40.87,
            "gross_margin_4q_avg": 40.06,
            "net_income": 2441969,
            "revenue": 20012337,
            "common_shares": 32585008,
            "book_valuer_per_share": 22.09,
            "book_valuer_per_share_4q_avg": 21.64,
            "equity": 72776448,
            "current_ratio": 125.3,
            "debt_ratio": 23.74,
            "inventory_turnover_ratio": 6.79,
            "account_receivable_turnover_ratio": 3.07,
            "reinvestment_rate": 8.92,
            "research_to_sale_ratio": 0.1,
            "price_fair": 39.1,
            "eps_avg_yearly": 2.84,
            "eps_latest_yearly": 3,
            "eps_growth_yearly": 3.79
        },
        "20121": {
            "year_quarter": 20121,
            "year": 2012,
            "quarter": 1,
            "eps": 0.74,
            "eps_growth_year": 23.33,
            "eps_4q": 2.87,
            "eps_4q_growth_year": 10.18,
            "roe": 3.29,
            "roe_4q": 13.16,
            "gross_profit": 8503417,
            "gross_margin": 39.93,
            "gross_margin_4q_avg": 40.18,
            "net_income": 2434029,
            "revenue": 21294915,
            "common_shares": 32585008,
            "book_valuer_per_share": 22.87,
            "book_valuer_per_share_4q_avg": 21.74,
            "equity": 75246171,
            "current_ratio": 144.69,
            "debt_ratio": 21.55,
            "inventory_turnover_ratio": 6.35,
            "account_receivable_turnover_ratio": 3.26,
            "reinvestment_rate": 13.11,
            "research_to_sale_ratio": 0.06,
            "price_fair": 36.19,
            "eps_avg_yearly": 2.84,
            "eps_latest_yearly": 2.96,
            "eps_growth_yearly": 2.74
        },
        "20122": {
            "year_quarter": 20122,
            "year": 2012,
            "quarter": 2,
            "eps": 0.83,
            "eps_growth_year": 31.78,
            "eps_4q": 3.07,
            "eps_4q_growth_year": 16.27,
            "roe": 3.82,
            "roe_4q": 14.07,
            "gross_profit": 8888464,
            "gross_margin": 41.54,
            "gross_margin_4q_avg": 40.72,
            "net_income": 2738759,
            "revenue": 21399928,
            "common_shares": 32585008,
            "book_valuer_per_share": 20.68,
            "book_valuer_per_share_4q_avg": 21.75,
            "equity": 68090709,
            "current_ratio": 102.03,
            "debt_ratio": 31.31,
            "inventory_turnover_ratio": 5.24,
            "account_receivable_turnover_ratio": 3.22,
            "reinvestment_rate": 17.7,
            "research_to_sale_ratio": 0.07,
            "price_fair": 32.96,
            "eps_avg_yearly": 2.84,
            "eps_latest_yearly": 3.32,
            "eps_growth_yearly": 1.62
        },
        "20123": {
            "year_quarter": 20123,
            "year": 2012,
            "quarter": 3,
            "eps": 0.94,
            "eps_growth_year": 24.95,
            "eps_4q": 3.25,
            "eps_4q_growth_year": 22.09,
            "roe": 4.42,
            "roe_4q": 14.940000000000001,
            "gross_profit": 9140227,
            "gross_margin": 42.2,
            "gross_margin_4q_avg": 41.14,
            "net_income": 3078384,
            "revenue": 21661570,
            "common_shares": 32585008,
            "book_valuer_per_share": 21.64,
            "book_valuer_per_share_4q_avg": 21.82,
            "equity": 71252469,
            "current_ratio": 121.52,
            "debt_ratio": 26.08,
            "inventory_turnover_ratio": 5.26,
            "account_receivable_turnover_ratio": 3.14,
            "reinvestment_rate": 15.89,
            "research_to_sale_ratio": 0.08,
            "price_fair": 46.31,
            "eps_avg_yearly": 2.87,
            "eps_latest_yearly": 3.76,
            "eps_growth_yearly": 6.12
        },
        "20124": {
            "year_quarter": 20124,
            "year": 2012,
            "quarter": 4,
            "eps": 0.74,
            "eps_growth_year": -0.13,
            "eps_4q": 3.25,
            "eps_4q_growth_year": 19.36,
            "roe": 3.28,
            "roe_4q": 14.809999999999999,
            "gross_profit": 8721937,
            "gross_margin": 38.96,
            "gross_margin_4q_avg": 40.66,
            "net_income": 2378811,
            "revenue": 22388877,
            "common_shares": 32585008,
            "book_valuer_per_share": 22.38,
            "book_valuer_per_share_4q_avg": 21.89,
            "equity": 73675179,
            "current_ratio": 131.16,
            "debt_ratio": 24.95,
            "inventory_turnover_ratio": 6.42,
            "account_receivable_turnover_ratio": 3.15,
            "reinvestment_rate": 18.31,
            "research_to_sale_ratio": 0.08,
            "price_fair": 40.14,
            "eps_avg_yearly": 2.88,
            "eps_latest_yearly": 2.96,
            "eps_growth_yearly": 3.93
        },
        "20131": {
            "year_quarter": 20131,
            "year": 2013,
            "quarter": 1,
            "eps": 0.85,
            "eps_growth_year": 14.86,
            "eps_4q": 3.37,
            "eps_4q_growth_year": 17.56,
            "roe": 3.75,
            "roe_4q": 15.27,
            "gross_profit": 8634786,
            "gross_margin": 39.1,
            "gross_margin_4q_avg": 40.45,
            "net_income": 2808045,
            "revenue": 22085787,
            "common_shares": 32585008,
            "book_valuer_per_share": 23.14,
            "book_valuer_per_share_4q_avg": 21.96,
            "equity": 76181526,
            "current_ratio": 145.22,
            "debt_ratio": 23.97,
            "inventory_turnover_ratio": 4.98,
            "account_receivable_turnover_ratio": 3.14,
            "reinvestment_rate": 17,
            "research_to_sale_ratio": 0.08,
            "price_fair": 50.43,
            "eps_avg_yearly": 2.92,
            "eps_latest_yearly": 3.4,
            "eps_growth_yearly": 7.29
        },
        "20132": {
            "year_quarter": 20132,
            "year": 2013,
            "quarter": 2,
            "eps": 0.96,
            "eps_growth_year": 15,
            "eps_4q": 3.49,
            "eps_4q_growth_year": 13.94,
            "roe": 4.37,
            "roe_4q": 15.82,
            "gross_profit": 9196086,
            "gross_margin": 41.61,
            "gross_margin_4q_avg": 40.47,
            "net_income": 3144714,
            "revenue": 22100586,
            "common_shares": 32585008,
            "book_valuer_per_share": 20.61,
            "book_valuer_per_share_4q_avg": 21.94,
            "equity": 67871484,
            "current_ratio": 118.45,
            "debt_ratio": 37.78,
            "inventory_turnover_ratio": 4.39,
            "account_receivable_turnover_ratio": 3.15,
            "reinvestment_rate": 21.31,
            "research_to_sale_ratio": null,
            "price_fair": 61.15,
            "eps_avg_yearly": 2.98,
            "eps_latest_yearly": 3.84,
            "eps_growth_yearly": 10.52
        },
        "20133": {
            "year_quarter": 20133,
            "year": 2013,
            "quarter": 3,
            "eps": 0.98,
            "eps_growth_year": 4.62,
            "eps_4q": 3.54,
            "eps_4q_growth_year": 8.65,
            "roe": 4.62,
            "roe_4q": 16.02,
            "gross_profit": 9533664,
            "gross_margin": 43.09,
            "gross_margin_4q_avg": 40.69,
            "net_income": 3204333,
            "revenue": 22124259,
            "common_shares": 32585008,
            "book_valuer_per_share": 21.52,
            "book_valuer_per_share_4q_avg": 21.91,
            "equity": 70884328,
            "current_ratio": 139.93,
            "debt_ratio": 32.1,
            "inventory_turnover_ratio": 4.47,
            "account_receivable_turnover_ratio": 3.05,
            "reinvestment_rate": 21.74,
            "research_to_sale_ratio": null,
            "price_fair": 61.88,
            "eps_avg_yearly": 3.04,
            "eps_latest_yearly": 3.92,
            "eps_growth_yearly": 10.34
        },
        "20134": {
            "year_quarter": 20134,
            "year": 2013,
            "quarter": 4,
            "eps": 0.82,
            "eps_growth_year": 10.33,
            "eps_4q": 3.61,
            "eps_4q_growth_year": 11.04,
            "roe": 3.72,
            "roe_4q": 16.46,
            "gross_profit": 9401431,
            "gross_margin": 40.25,
            "gross_margin_4q_avg": 41.01,
            "net_income": 2689569,
            "revenue": 23359947,
            "common_shares": 32585008,
            "book_valuer_per_share": 22.34,
            "book_valuer_per_share_4q_avg": 21.9,
            "equity": 73568044,
            "current_ratio": 85.48,
            "debt_ratio": 38.45,
            "inventory_turnover_ratio": 4.02,
            "account_receivable_turnover_ratio": 3.22,
            "reinvestment_rate": 5.36,
            "research_to_sale_ratio": null,
            "price_fair": 54.2,
            "eps_avg_yearly": 3.08,
            "eps_latest_yearly": 3.28,
            "eps_growth_yearly": 7.63
        },
        "20141": {
            "year_quarter": 20141,
            "year": 2014,
            "quarter": 1,
            "eps": 0.95,
            "eps_growth_year": 11.76,
            "eps_4q": 3.71,
            "eps_4q_growth_year": 10.23,
            "roe": 4.17,
            "roe_4q": 16.880000000000003,
            "gross_profit": 9383222,
            "gross_margin": 41.04,
            "gross_margin_4q_avg": 41.5,
            "net_income": 3148295,
            "revenue": 22864485,
            "common_shares": 32585008,
            "book_valuer_per_share": 23.49,
            "book_valuer_per_share_4q_avg": 21.99,
            "equity": 77379562,
            "current_ratio": 105.26,
            "debt_ratio": 36.82,
            "inventory_turnover_ratio": 3.97,
            "account_receivable_turnover_ratio": 3.29,
            "reinvestment_rate": 6.83,
            "research_to_sale_ratio": null,
            "price_fair": 65.41,
            "eps_avg_yearly": 3.14,
            "eps_latest_yearly": 3.8,
            "eps_growth_yearly": 10.86
        },
        "20142": {
            "year_quarter": 20142,
            "year": 2014,
            "quarter": 2,
            "eps": 1.06,
            "eps_growth_year": 10.42,
            "eps_4q": 3.82,
            "eps_4q_growth_year": 9.24,
            "roe": 4.78,
            "roe_4q": 17.29,
            "gross_profit": 9804243,
            "gross_margin": 44.52,
            "gross_margin_4q_avg": 42.23,
            "net_income": 3483799,
            "revenue": 22022176,
            "common_shares": 32585008,
            "book_valuer_per_share": 20.8,
            "book_valuer_per_share_4q_avg": 22.04,
            "equity": 68506915,
            "current_ratio": 99.93,
            "debt_ratio": 49.09,
            "inventory_turnover_ratio": 4.61,
            "account_receivable_turnover_ratio": 3.2,
            "reinvestment_rate": 10.82,
            "research_to_sale_ratio": null,
            "price_fair": 89.8,
            "eps_avg_yearly": 3.25,
            "eps_latest_yearly": 4.24,
            "eps_growth_yearly": 17.63
        },
        "20143": {
            "year_quarter": 20143,
            "year": 2014,
            "quarter": 3,
            "eps": 0.88,
            "eps_growth_year": -10.2,
            "eps_4q": 3.72,
            "eps_4q_growth_year": 5.13,
            "roe": 4.11,
            "roe_4q": 16.78,
            "gross_profit": 9569282,
            "gross_margin": 41.16,
            "gross_margin_4q_avg": 41.74,
            "net_income": 2873175,
            "revenue": 23248856,
            "common_shares": 32585008,
            "book_valuer_per_share": 21.67,
            "book_valuer_per_share_4q_avg": 22.08,
            "equity": 71427774,
            "current_ratio": 99.28,
            "debt_ratio": 42.84,
            "inventory_turnover_ratio": 5.37,
            "account_receivable_turnover_ratio": 3.26,
            "reinvestment_rate": -12.67,
            "research_to_sale_ratio": null,
            "price_fair": 60.49,
            "eps_avg_yearly": 3.29,
            "eps_latest_yearly": 3.52,
            "eps_growth_yearly": 8.39
        },
        "20144": {
            "year_quarter": 20144,
            "year": 2014,
            "quarter": 4,
            "eps": 0.63,
            "eps_growth_year": -23.44,
            "eps_4q": 3.52,
            "eps_4q_growth_year": -2.43,
            "roe": 2.84,
            "roe_4q": 15.9,
            "gross_profit": 9265768,
            "gross_margin": 35.58,
            "gross_margin_4q_avg": 40.58,
            "net_income": 2061526,
            "revenue": 26040083,
            "common_shares": 32585008,
            "book_valuer_per_share": 22.32,
            "book_valuer_per_share_4q_avg": 22.07,
            "equity": 73532082,
            "current_ratio": 91.75,
            "debt_ratio": 40.56,
            "inventory_turnover_ratio": 6.21,
            "account_receivable_turnover_ratio": 3.57,
            "reinvestment_rate": -7.46,
            "research_to_sale_ratio": null,
            "price_fair": 41.54,
            "eps_avg_yearly": 3.28,
            "eps_latest_yearly": 2.52,
            "eps_growth_yearly": 2.67
        },
        "20151": {
            "year_quarter": 20151,
            "year": 2015,
            "quarter": 1,
            "eps": 0.92,
            "eps_growth_year": -3.16,
            "eps_4q": 3.49,
            "eps_4q_growth_year": -6.12,
            "roe": 4.01,
            "roe_4q": 15.740000000000002,
            "gross_profit": 9568066,
            "gross_margin": 38.6,
            "gross_margin_4q_avg": 39.97,
            "net_income": 3006937,
            "revenue": 24784498,
            "common_shares": 32585008,
            "book_valuer_per_share": 23.25,
            "book_valuer_per_share_4q_avg": 22.01,
            "equity": 76588660,
            "current_ratio": 109.65,
            "debt_ratio": 39.38,
            "inventory_turnover_ratio": 5.26,
            "account_receivable_turnover_ratio": 3.4,
            "reinvestment_rate": -2.99,
            "research_to_sale_ratio": null,
            "price_fair": 91.06,
            "eps_avg_yearly": 3.36,
            "eps_latest_yearly": 3.68,
            "eps_growth_yearly": 17.12
        },
        "20152": {
            "year_quarter": 20152,
            "year": 2015,
            "quarter": 2,
            "eps": 0.97,
            "eps_growth_year": -8.49,
            "eps_4q": 3.39,
            "eps_4q_growth_year": -11.19,
            "roe": 4.4,
            "roe_4q": 15.36,
            "gross_profit": 9856683,
            "gross_margin": 41.7,
            "gross_margin_4q_avg": 39.26,
            "net_income": 3168299,
            "revenue": 23636523,
            "common_shares": 32585008,
            "book_valuer_per_share": 20.47,
            "book_valuer_per_share_4q_avg": 21.93,
            "equity": 67448998,
            "current_ratio": 103.5,
            "debt_ratio": 50.55,
            "inventory_turnover_ratio": 4.7,
            "account_receivable_turnover_ratio": 3.28,
            "reinvestment_rate": -0.81,
            "research_to_sale_ratio": null,
            "price_fair": 93.74,
            "eps_avg_yearly": 3.44,
            "eps_latest_yearly": 3.88,
            "eps_growth_yearly": 17.23
        },
        "20153": {
            "year_quarter": 20153,
            "year": 2015,
            "quarter": 3,
            "eps": 0.99,
            "eps_growth_year": 12.5,
            "eps_4q": 3.5,
            "eps_4q_growth_year": -5.83,
            "roe": 4.67,
            "roe_4q": 15.92,
            "gross_profit": 9869533,
            "gross_margin": 42.94,
            "gross_margin_4q_avg": 39.71,
            "net_income": 3222897,
            "revenue": 22983552,
            "common_shares": 32585008,
            "book_valuer_per_share": 21.43,
            "book_valuer_per_share_4q_avg": 21.87,
            "equity": 70576855,
            "current_ratio": 103.53,
            "debt_ratio": 47.53,
            "inventory_turnover_ratio": 5,
            "account_receivable_turnover_ratio": 3.16,
            "reinvestment_rate": 0.69,
            "research_to_sale_ratio": null,
            "price_fair": 80.5,
            "eps_avg_yearly": 3.5,
            "eps_latest_yearly": 3.96,
            "eps_growth_yearly": 12.98
        },
        "20154": {
            "year_quarter": 20154,
            "year": 2015,
            "quarter": 4,
            "eps": 0.65,
            "eps_growth_year": 3.94,
            "eps_4q": 3.52,
            "eps_4q_growth_year": 0.01,
            "roe": 2.98,
            "roe_4q": 16.060000000000002,
            "gross_profit": 9215504,
            "gross_margin": 35.6,
            "gross_margin_4q_avg": 39.71,
            "net_income": 2136118,
            "revenue": 25888645,
            "common_shares": 32585008,
            "book_valuer_per_share": 22.07,
            "book_valuer_per_share_4q_avg": 21.81,
            "equity": 72658896,
            "current_ratio": 158.18,
            "debt_ratio": 46.92,
            "inventory_turnover_ratio": 4.88,
            "account_receivable_turnover_ratio": 3.62,
            "reinvestment_rate": 2.4,
            "research_to_sale_ratio": null,
            "price_fair": 50.07,
            "eps_avg_yearly": 3.48,
            "eps_latest_yearly": 2.6,
            "eps_growth_yearly": 4.4
        },
        "20161": {
            "year_quarter": 20161,
            "year": 2016,
            "quarter": 1,
            "eps": 0.92,
            "eps_growth_year": 0,
            "eps_4q": 3.53,
            "eps_4q_growth_year": 1.25,
            "roe": 4.06,
            "roe_4q": 16.11,
            "gross_profit": 9611881,
            "gross_margin": 40.35,
            "gross_margin_4q_avg": 40.15,
            "net_income": 3010256,
            "revenue": 23819456,
            "common_shares": 32585008,
            "book_valuer_per_share": 22.97,
            "book_valuer_per_share_4q_avg": 21.74,
            "equity": 75605776,
            "current_ratio": 128.91,
            "debt_ratio": 46.74,
            "inventory_turnover_ratio": 3.7,
            "account_receivable_turnover_ratio": 3.4,
            "reinvestment_rate": 1.73,
            "research_to_sale_ratio": null,
            "price_fair": 88.47,
            "eps_avg_yearly": 3.52,
            "eps_latest_yearly": 3.68,
            "eps_growth_yearly": 15.12
        },
        "20162": {
            "year_quarter": 20162,
            "year": 2016,
            "quarter": 2,
            "eps": 0.92,
            "eps_growth_year": -5.15,
            "eps_4q": 3.48,
            "eps_4q_growth_year": 2.72,
            "roe": 4.24,
            "roe_4q": 15.950000000000001,
            "gross_profit": 9673564,
            "gross_margin": 41.94,
            "gross_margin_4q_avg": 40.21,
            "net_income": 3012352,
            "revenue": 23067175,
            "common_shares": 32585008,
            "book_valuer_per_share": 20.14,
            "book_valuer_per_share_4q_avg": 21.65,
            "equity": 66322306,
            "current_ratio": 99.12,
            "debt_ratio": 54.02,
            "inventory_turnover_ratio": 5.18,
            "account_receivable_turnover_ratio": 3.29,
            "reinvestment_rate": 2.05,
            "research_to_sale_ratio": null,
            "price_fair": 78.26,
            "eps_avg_yearly": 3.55,
            "eps_latest_yearly": 3.68,
            "eps_growth_yearly": 12.08
        },
        "20163": {
            "year_quarter": 20163,
            "year": 2016,
            "quarter": 3,
            "eps": 0.98,
            "eps_growth_year": -1.01,
            "eps_4q": 3.48,
            "eps_4q_growth_year": -0.57,
            "roe": 4.74,
            "roe_4q": 16.02,
            "gross_profit": 9774854,
            "gross_margin": 41.92,
            "gross_margin_4q_avg": 39.95,
            "net_income": 3216874,
            "revenue": 23318608,
            "common_shares": 32585008,
            "book_valuer_per_share": 21.13,
            "book_valuer_per_share_4q_avg": 21.58,
            "equity": 69539472,
            "current_ratio": 104.32,
            "debt_ratio": 50.62,
            "inventory_turnover_ratio": 6.1,
            "account_receivable_turnover_ratio": 3.19,
            "reinvestment_rate": 2.27,
            "research_to_sale_ratio": null,
            "price_fair": 72.5,
            "eps_avg_yearly": 3.56,
            "eps_latest_yearly": 3.92,
            "eps_growth_yearly": 10.39
        },
        "20164": {
            "year_quarter": 20164,
            "year": 2016,
            "quarter": 4,
            "eps": 0.67,
            "eps_growth_year": 2.4,
            "eps_4q": 3.5,
            "eps_4q_growth_year": -0.82,
            "roe": 3.07,
            "roe_4q": 16.11,
            "gross_profit": 9090820,
            "gross_margin": 37.66,
            "gross_margin_4q_avg": 40.47,
            "net_income": 2171193,
            "revenue": 24139027,
            "common_shares": 32585008,
            "book_valuer_per_share": 21.79,
            "book_valuer_per_share_4q_avg": 21.51,
            "equity": 71722601,
            "current_ratio": 85.72,
            "debt_ratio": 46,
            "inventory_turnover_ratio": 6.11,
            "account_receivable_turnover_ratio": 3.17,
            "reinvestment_rate": -2.46,
            "research_to_sale_ratio": null,
            "price_fair": 62.98,
            "eps_avg_yearly": 3.54,
            "eps_latest_yearly": 2.68,
            "eps_growth_yearly": 7.8
        },
        "20171": {
            "year_quarter": 20171,
            "year": 2017,
            "quarter": 1,
            "eps": 0.87,
            "eps_growth_year": -5.43,
            "eps_4q": 3.45,
            "eps_4q_growth_year": -2.38,
            "roe": 3.89,
            "roe_4q": 15.94,
            "gross_profit": 9281510,
            "gross_margin": 41.29,
            "gross_margin_4q_avg": 40.7,
            "net_income": 2843655,
            "revenue": 22480387,
            "common_shares": 32585008,
            "book_valuer_per_share": 22.67,
            "book_valuer_per_share_4q_avg": 21.43,
            "equity": 74592007,
            "current_ratio": 81.51,
            "debt_ratio": 42.16,
            "inventory_turnover_ratio": 4.77,
            "account_receivable_turnover_ratio": 3.12,
            "reinvestment_rate": -0.2,
            "research_to_sale_ratio": null,
            "price_fair": 76.34,
            "eps_avg_yearly": 3.54,
            "eps_latest_yearly": 3.48,
            "eps_growth_yearly": 11.55
        },
        "20172": {
            "year_quarter": 20172,
            "year": 2017,
            "quarter": 2,
            "eps": 0.9,
            "eps_growth_year": -2.17,
            "eps_4q": 3.42,
            "eps_4q_growth_year": -1.84,
            "roe": 4.17,
            "roe_4q": 15.870000000000001,
            "gross_profit": 9320543,
            "gross_margin": 42.49,
            "gross_margin_4q_avg": 40.84,
            "net_income": 2918468,
            "revenue": 21935841,
            "common_shares": 32585008,
            "book_valuer_per_share": 19.83,
            "book_valuer_per_share_4q_avg": 21.36,
            "equity": 65302875,
            "current_ratio": 74.99,
            "debt_ratio": 50.66,
            "inventory_turnover_ratio": 4.15,
            "account_receivable_turnover_ratio": 3.22,
            "reinvestment_rate": -1.92,
            "research_to_sale_ratio": null,
            "price_fair": 67.65,
            "eps_avg_yearly": 3.53,
            "eps_latest_yearly": 3.6,
            "eps_growth_yearly": 9.18
        },
        "20173": {
            "year_quarter": 20173,
            "year": 2017,
            "quarter": 3,
            "eps": 0.88,
            "eps_growth_year": -10.2,
            "eps_4q": 3.31,
            "eps_4q_growth_year": -4.88,
            "roe": 4.29,
            "roe_4q": 15.420000000000002,
            "gross_profit": 8916147,
            "gross_margin": 38.99,
            "gross_margin_4q_avg": 40.11,
            "net_income": 2860930,
            "revenue": 22864994,
            "common_shares": 32585008,
            "book_valuer_per_share": 20.71,
            "book_valuer_per_share_4q_avg": 21.25,
            "equity": 68181239,
            "current_ratio": 79.45,
            "debt_ratio": 45.54,
            "inventory_turnover_ratio": 4.79,
            "account_receivable_turnover_ratio": 3.11,
            "reinvestment_rate": -2.32,
            "research_to_sale_ratio": null,
            "price_fair": 63.4,
            "eps_avg_yearly": 3.5,
            "eps_latest_yearly": 3.52,
            "eps_growth_yearly": 8.1
        },
        "20174": {
            "year_quarter": 20174,
            "year": 2017,
            "quarter": 4,
            "eps": 0.69,
            "eps_growth_year": 3.2,
            "eps_4q": 3.33,
            "eps_4q_growth_year": -4.69,
            "roe": 3.22,
            "roe_4q": 15.57,
            "gross_profit": 8244719,
            "gross_margin": 33.26,
            "gross_margin_4q_avg": 39.01,
            "net_income": 2230590,
            "revenue": 24788459,
            "common_shares": 32585008,
            "book_valuer_per_share": 21.41,
            "book_valuer_per_share_4q_avg": 21.16,
            "equity": 70446213,
            "current_ratio": 86.48,
            "debt_ratio": 46.92,
            "inventory_turnover_ratio": 4.37,
            "account_receivable_turnover_ratio": 3.14,
            "reinvestment_rate": -3.2,
            "research_to_sale_ratio": null,
            "price_fair": 58.24,
            "eps_avg_yearly": 3.47,
            "eps_latest_yearly": 2.76,
            "eps_growth_yearly": 6.79
        },
        "20181": {
            "year_quarter": 20181,
            "year": 2018,
            "quarter": 1,
            "eps": 0.75,
            "eps_growth_year": -13.79,
            "eps_4q": 3.21,
            "eps_4q_growth_year": -6.71,
            "roe": 3.28,
            "roe_4q": 14.959999999999999,
            "gross_profit": 7075491,
            "gross_margin": 32.66,
            "gross_margin_4q_avg": 36.85,
            "net_income": 2457668,
            "revenue": 21666560,
            "common_shares": 32585008,
            "book_valuer_per_share": 24.11,
            "book_valuer_per_share_4q_avg": 21.52,
            "equity": 79252585,
            "current_ratio": 86.98,
            "debt_ratio": 40.44,
            "inventory_turnover_ratio": 3.16,
            "account_receivable_turnover_ratio": 2.79,
            "reinvestment_rate": -7.16,
            "research_to_sale_ratio": null,
            "price_fair": 51.29,
            "eps_avg_yearly": 3.42,
            "eps_latest_yearly": 3,
            "eps_growth_yearly": 5
        },
        "20182": {
            "year_quarter": 20182,
            "year": 2018,
            "quarter": 2,
            "eps": 0.82,
            "eps_growth_year": -8.89,
            "eps_4q": 3.14,
            "eps_4q_growth_year": -8.13,
            "roe": 3.6,
            "roe_4q": 14.39,
            "gross_profit": 7423109,
            "gross_margin": 34.33,
            "gross_margin_4q_avg": 34.81,
            "net_income": 2683030,
            "revenue": 21620613,
            "common_shares": 32585008,
            "book_valuer_per_share": 21.18,
            "book_valuer_per_share_4q_avg": 21.85,
            "equity": 69701828,
            "current_ratio": 84.34,
            "debt_ratio": 49.66,
            "inventory_turnover_ratio": 3.61,
            "account_receivable_turnover_ratio": 2.87,
            "reinvestment_rate": -11.95,
            "research_to_sale_ratio": null,
            "price_fair": 48.5,
            "eps_avg_yearly": 3.36,
            "eps_latest_yearly": 3.28,
            "eps_growth_yearly": 4.43
        },
        "20183": {
            "year_quarter": 20183,
            "year": 2018,
            "quarter": 3,
            "eps": 0.8,
            "eps_growth_year": -9.09,
            "eps_4q": 3.07,
            "eps_4q_growth_year": -7.31,
            "roe": 3.7,
            "roe_4q": 13.8,
            "gross_profit": 6982084,
            "gross_margin": 33.16,
            "gross_margin_4q_avg": 33.35,
            "net_income": 2630259,
            "revenue": 21058692,
            "common_shares": 32585008,
            "book_valuer_per_share": 21.99,
            "book_valuer_per_share_4q_avg": 22.17,
            "equity": 72362875,
            "current_ratio": 94.34,
            "debt_ratio": 45.01,
            "inventory_turnover_ratio": 3.63,
            "account_receivable_turnover_ratio": 2.79,
            "reinvestment_rate": -14.88,
            "research_to_sale_ratio": null,
            "price_fair": 60.35,
            "eps_avg_yearly": 3.34,
            "eps_latest_yearly": 3.2,
            "eps_growth_yearly": 8.07
        },
        "20184": {
            "year_quarter": 20184,
            "year": 2018,
            "quarter": 4,
            "eps": 0.5,
            "eps_growth_year": -27.44,
            "eps_4q": 2.88,
            "eps_4q_growth_year": -13.59,
            "roe": 2.26,
            "roe_4q": 12.84,
            "gross_profit": 6521736,
            "gross_margin": 29.26,
            "gross_margin_4q_avg": 32.35,
            "net_income": 1653819,
            "revenue": 22289106,
            "common_shares": 32585008,
            "book_valuer_per_share": 22.5,
            "book_valuer_per_share_4q_avg": 22.45,
            "equity": 74036183,
            "current_ratio": 93.44,
            "debt_ratio": 41.62,
            "inventory_turnover_ratio": 3.89,
            "account_receivable_turnover_ratio": 2.86,
            "reinvestment_rate": -21.21,
            "research_to_sale_ratio": null,
            "price_fair": 52.25,
            "eps_avg_yearly": 3.31,
            "eps_latest_yearly": 2,
            "eps_growth_yearly": 5.8
        },
        "20191": {
            "year_quarter": 20191,
            "year": 2019,
            "quarter": 1,
            "eps": 0.68,
            "eps_growth_year": -9.33,
            "eps_4q": 2.81,
            "eps_4q_growth_year": -12.55,
            "roe": 2.99,
            "roe_4q": 12.549999999999999,
            "gross_profit": 6667772,
            "gross_margin": 32.03,
            "gross_margin_4q_avg": 32.2,
            "net_income": 2250997,
            "revenue": 20819459,
            "common_shares": 32585008,
            "book_valuer_per_share": 23.16,
            "book_valuer_per_share_4q_avg": 22.21,
            "equity": 76380723,
            "current_ratio": 93.35,
            "debt_ratio": 42.87,
            "inventory_turnover_ratio": 4.65,
            "account_receivable_turnover_ratio": 2.67,
            "reinvestment_rate": -28.71,
            "research_to_sale_ratio": null,
            "price_fair": 43.16,
            "eps_avg_yearly": 3.25,
            "eps_latest_yearly": 2.72,
            "eps_growth_yearly": 3.29
        },
        "20192": {
            "year_quarter": 20192,
            "year": 2019,
            "quarter": 2,
            "eps": 0.67,
            "eps_growth_year": -18.29,
            "eps_4q": 2.66,
            "eps_4q_growth_year": -15.43,
            "roe": 3.07,
            "roe_4q": 12.02,
            "gross_profit": 6719599,
            "gross_margin": 32.9,
            "gross_margin_4q_avg": 31.84,
            "net_income": 2191636,
            "revenue": 20425260,
            "common_shares": 32585008,
            "book_valuer_per_share": 20.07,
            "book_valuer_per_share_4q_avg": 21.93,
            "equity": 66218426,
            "current_ratio": 82.97,
            "debt_ratio": 52.33,
            "inventory_turnover_ratio": 5.96,
            "account_receivable_turnover_ratio": 2.68,
            "reinvestment_rate": -33.2,
            "research_to_sale_ratio": null,
            "price_fair": 36.68,
            "eps_avg_yearly": 3.17,
            "eps_latest_yearly": 2.68,
            "eps_growth_yearly": 1.56
        },
        "20193": {
            "year_quarter": 20193,
            "year": 2019,
            "quarter": 3,
            "eps": 0.67,
            "eps_growth_year": -16.25,
            "eps_4q": 2.53,
            "eps_4q_growth_year": -17.66,
            "roe": 3.3,
            "roe_4q": 11.62,
            "gross_profit": 6635602,
            "gross_margin": 31,
            "gross_margin_4q_avg": 31.3,
            "net_income": 2220370,
            "revenue": 21407239,
            "common_shares": 32585008,
            "book_valuer_per_share": 20.75,
            "book_valuer_per_share_4q_avg": 21.62,
            "equity": 68444481,
            "current_ratio": 83.9,
            "debt_ratio": 48.54,
            "inventory_turnover_ratio": 5.15,
            "account_receivable_turnover_ratio": 2.64,
            "reinvestment_rate": -36.68,
            "research_to_sale_ratio": null,
            "price_fair": 34.16,
            "eps_avg_yearly": 3.09,
            "eps_latest_yearly": 2.68,
            "eps_growth_yearly": 1.05
        },
        "20194": {
            "year_quarter": 20194,
            "year": 2019,
            "quarter": 4,
            "eps": 0.66,
            "eps_growth_year": 30.77,
            "eps_4q": 2.68,
            "eps_4q_growth_year": -6.89,
            "roe": 3.08,
            "roe_4q": 12.44,
            "gross_profit": 6733551,
            "gross_margin": 31.74,
            "gross_margin_4q_avg": 31.92,
            "net_income": 2144740,
            "revenue": 21213914,
            "common_shares": 32585008,
            "book_valuer_per_share": 21.41,
            "book_valuer_per_share_4q_avg": 21.35,
            "equity": 70606420,
            "current_ratio": 123.16,
            "debt_ratio": 47.37,
            "inventory_turnover_ratio": 4.5,
            "account_receivable_turnover_ratio": 2.5,
            "reinvestment_rate": -38.49,
            "research_to_sale_ratio": null,
            "price_fair": 59.61,
            "eps_avg_yearly": 3.1,
            "eps_latest_yearly": 2.64,
            "eps_growth_yearly": 9.26
        },
        "20201": {
            "year_quarter": 20201,
            "year": 2020,
            "quarter": 1,
            "eps": 0.67,
            "eps_growth_year": -1.47,
            "eps_4q": 2.66,
            "eps_4q_growth_year": -5.28,
            "roe": 3.05,
            "roe_4q": 12.5,
            "gross_profit": 6709520,
            "gross_margin": 34.61,
            "gross_margin_4q_avg": 32.56,
            "net_income": 2185213,
            "revenue": 19388840,
            "common_shares": 32585008,
            "book_valuer_per_share": 22.07,
            "book_valuer_per_share_4q_avg": 21.08,
            "equity": 72782006,
            "current_ratio": 58.36,
            "debt_ratio": 57.33,
            "inventory_turnover_ratio": 5.21,
            "account_receivable_turnover_ratio": 2.46,
            "reinvestment_rate": -41.4,
            "research_to_sale_ratio": null,
            "price_fair": 9.1,
            "eps_avg_yearly": 3.03,
            "eps_latest_yearly": 2.68,
            "eps_growth_yearly": -0.75
        },
        "20202": {
            "year_quarter": 20202,
            "year": 2020,
            "quarter": 2,
            "eps": 0.69,
            "eps_growth_year": 2.99,
            "eps_4q": 2.68,
            "eps_4q_growth_year": 0.98,
            "roe": 3.29,
            "roe_4q": 12.719999999999999,
            "gross_profit": 6595889,
            "gross_margin": 35.32,
            "gross_margin_4q_avg": 33.17,
            "net_income": 2256102,
            "revenue": 18674739,
            "common_shares": 32585008,
            "book_valuer_per_share": 19.47,
            "book_valuer_per_share_4q_avg": 20.93,
            "equity": 64311900,
            "current_ratio": 103.71,
            "debt_ratio": 64.07,
            "inventory_turnover_ratio": 6.93,
            "account_receivable_turnover_ratio": 2.5,
            "reinvestment_rate": -44.04,
            "research_to_sale_ratio": null,
            "price_fair": 29.75,
            "eps_avg_yearly": 2.98,
            "eps_latest_yearly": 2.76,
            "eps_growth_yearly": 0
        },
        "20203": {
            "year_quarter": 20203,
            "year": 2020,
            "quarter": 3,
            "eps": 0.63,
            "eps_growth_year": -5.97,
            "eps_4q": 2.64,
            "eps_4q_growth_year": 4.5,
            "roe": 3.18,
            "roe_4q": 12.6,
            "gross_profit": 6284947,
            "gross_margin": 33.74,
            "gross_margin_4q_avg": 33.85,
            "net_income": 2078944,
            "revenue": 18630069,
            "common_shares": 32585008,
            "book_valuer_per_share": 20.09,
            "book_valuer_per_share_4q_avg": 20.76,
            "equity": 66373806,
            "current_ratio": 64.19,
            "debt_ratio": 60.79,
            "inventory_turnover_ratio": 6.61,
            "account_receivable_turnover_ratio": 2.49,
            "reinvestment_rate": -37.97,
            "research_to_sale_ratio": null,
            "price_fair": 8.66,
            "eps_avg_yearly": 2.89,
            "eps_latest_yearly": 2.52,
            "eps_growth_yearly": -3.8
        },
        "20204": {
            "year_quarter": 20204,
            "year": 2020,
            "quarter": 4,
            "eps": 0.58,
            "eps_growth_year": -11.68,
            "eps_4q": 2.56,
            "eps_4q_growth_year": -4.36,
            "roe": 2.86,
            "roe_4q": 12.379999999999999,
            "gross_profit": 6343507,
            "gross_margin": 27.81,
            "gross_margin_4q_avg": 32.87,
            "net_income": 1924363,
            "revenue": 22807317,
            "common_shares": 32585008,
            "book_valuer_per_share": 20.66,
            "book_valuer_per_share_4q_avg": 20.57,
            "equity": 68247209,
            "current_ratio": 113.92,
            "debt_ratio": 60.65,
            "inventory_turnover_ratio": 6.25,
            "account_receivable_turnover_ratio": 2.95,
            "reinvestment_rate": -30.02,
            "research_to_sale_ratio": null,
            "price_fair": 34.72,
            "eps_avg_yearly": 2.87,
            "eps_latest_yearly": 2.32,
            "eps_growth_yearly": 2.12
        },
        "20211": {
            "year_quarter": 20211,
            "year": 2021,
            "quarter": 1,
            "eps": 0.56,
            "eps_growth_year": -16.42,
            "eps_4q": 2.45,
            "eps_4q_growth_year": -7.86,
            "roe": 2.66,
            "roe_4q": 11.989999999999998,
            "gross_profit": 6173998,
            "gross_margin": 29.63,
            "gross_margin_4q_avg": 31.63,
            "net_income": 1839097,
            "revenue": 20835775,
            "common_shares": 32585008,
            "book_valuer_per_share": 21.22,
            "book_valuer_per_share_4q_avg": 20.36,
            "equity": 70091780,
            "current_ratio": 62.96,
            "debt_ratio": 58.83,
            "inventory_turnover_ratio": 5.21,
            "account_receivable_turnover_ratio": 2.64,
            "reinvestment_rate": -26.15,
            "research_to_sale_ratio": null,
            "price_fair": 8.36,
            "eps_avg_yearly": 2.79,
            "eps_latest_yearly": 2.24,
            "eps_growth_yearly": -6.2
        },
        "20212": {
            "year_quarter": 20212,
            "year": 2021,
            "quarter": 2,
            "eps": 0.61,
            "eps_growth_year": -11.59,
            "eps_4q": 2.37,
            "eps_4q_growth_year": -11.59,
            "roe": 3.02,
            "roe_4q": 11.719999999999999,
            "gross_profit": 6237903,
            "gross_margin": 31.99,
            "gross_margin_4q_avg": 30.79,
            "net_income": 1989474,
            "revenue": 19497981,
            "common_shares": 32585008,
            "book_valuer_per_share": 18.57,
            "book_valuer_per_share_4q_avg": 20.14,
            "equity": 61481187,
            "current_ratio": 66.35,
            "debt_ratio": 64.83,
            "inventory_turnover_ratio": 6.13,
            "account_receivable_turnover_ratio": 2.46,
            "reinvestment_rate": -23.53,
            "research_to_sale_ratio": null,
            "price_fair": 8.15,
            "eps_avg_yearly": 2.72,
            "eps_latest_yearly": 2.44,
            "eps_growth_yearly": -4.83
        },
        "20213": {
            "year_quarter": 20213,
            "year": 2021,
            "quarter": 3,
            "eps": 1.03,
            "eps_growth_year": 63.49,
            "eps_4q": 2.77,
            "eps_4q_growth_year": 5.01,
            "roe": 5.41,
            "roe_4q": 13.95,
            "gross_profit": 6410778,
            "gross_margin": 30.96,
            "gross_margin_4q_avg": 30.1,
            "net_income": 3394178,
            "revenue": 20703662,
            "common_shares": 32585008,
            "book_valuer_per_share": 19.33,
            "book_valuer_per_share_4q_avg": 19.95,
            "equity": 63930411,
            "current_ratio": 66.99,
            "debt_ratio": 64.09,
            "inventory_turnover_ratio": 6.98,
            "account_receivable_turnover_ratio": 2.19,
            "reinvestment_rate": -19.37,
            "research_to_sale_ratio": null,
            "price_fair": 63.13,
            "eps_avg_yearly": 2.75,
            "eps_latest_yearly": 4.12,
            "eps_growth_yearly": 12.93
        },
        "20214": {
            "year_quarter": 20214,
            "year": 2021,
            "quarter": 4,
            "eps": 0.61,
            "eps_growth_year": 4.74,
            "eps_4q": 2.8,
            "eps_4q_growth_year": 9.21,
            "roe": 3.09,
            "roe_4q": 14.18,
            "gross_profit": 6615325,
            "gross_margin": 27.24,
            "gross_margin_4q_avg": 29.96,
            "net_income": 2011132,
            "revenue": 24282590,
            "common_shares": 32585008,
            "book_valuer_per_share": 19.99,
            "book_valuer_per_share_4q_avg": 19.78,
            "equity": 66100780,
            "current_ratio": 78.37,
            "debt_ratio": 62.35,
            "inventory_turnover_ratio": 6.61,
            "account_receivable_turnover_ratio": 2.48,
            "reinvestment_rate": -15.45,
            "research_to_sale_ratio": null,
            "price_fair": 49.56,
            "eps_avg_yearly": 2.73,
            "eps_latest_yearly": 2.44,
            "eps_growth_yearly": 8.14
        },
        "20221": {
            "year_quarter": 20221,
            "year": 2022,
            "quarter": 1,
            "eps": 0.71,
            "eps_growth_year": 26.79,
            "eps_4q": 2.96,
            "eps_4q_growth_year": 20.57,
            "roe": 3.52,
            "roe_4q": 15.04,
            "gross_profit": 6555879,
            "gross_margin": 29.93,
            "gross_margin_4q_avg": 30.03,
            "net_income": 2355102,
            "revenue": 21904025,
            "common_shares": 32585008,
            "book_valuer_per_share": 20.5,
            "book_valuer_per_share_4q_avg": 19.6,
            "equity": 67705339,
            "current_ratio": 74.35,
            "debt_ratio": 61.06,
            "inventory_turnover_ratio": 5.43,
            "account_receivable_turnover_ratio": 2.53,
            "reinvestment_rate": -9.4,
            "research_to_sale_ratio": null,
            "price_fair": 54.62,
            "eps_avg_yearly": 2.72,
            "eps_latest_yearly": 2.84,
            "eps_growth_yearly": 10.06
        },
        "20222": {
            "year_quarter": 20222,
            "year": 2022,
            "quarter": 2,
            "eps": 0.71,
            "eps_growth_year": 16.39,
            "eps_4q": 3.06,
            "eps_4q_growth_year": 29.11,
            "roe": 3.66,
            "roe_4q": 15.68,
            "gross_profit": 6661967,
            "gross_margin": 32.15,
            "gross_margin_4q_avg": 30.07,
            "net_income": 2331070,
            "revenue": 20723555,
            "common_shares": 32585008,
            "book_valuer_per_share": 18.03,
            "book_valuer_per_share_4q_avg": 19.46,
            "equity": 59616732,
            "current_ratio": 61.22,
            "debt_ratio": 65.03,
            "inventory_turnover_ratio": 6.24,
            "account_receivable_turnover_ratio": 2.38,
            "reinvestment_rate": -7.94,
            "research_to_sale_ratio": null,
            "price_fair": 47.78,
            "eps_avg_yearly": 2.7,
            "eps_latest_yearly": 2.84,
            "eps_growth_yearly": 7.73
        },
        "20223": {
            "year_quarter": 20223,
            "year": 2022,
            "quarter": 3,
            "eps": 0.74,
            "eps_growth_year": -28.16,
            "eps_4q": 2.77,
            "eps_4q_growth_year": 0,
            "roe": 4.03,
            "roe_4q": 14.3,
            "gross_profit": 6784251,
            "gross_margin": 30.62,
            "gross_margin_4q_avg": 29.99,
            "net_income": 2443720,
            "revenue": 22154963,
            "common_shares": 32585008,
            "book_valuer_per_share": 18.67,
            "book_valuer_per_share_4q_avg": 19.3,
            "equity": 61716069,
            "current_ratio": 63.31,
            "debt_ratio": 63.66,
            "inventory_turnover_ratio": 7.19,
            "account_receivable_turnover_ratio": 2.34,
            "reinvestment_rate": -6.79,
            "research_to_sale_ratio": null,
            "price_fair": 51.98,
            "eps_avg_yearly": 2.68,
            "eps_latest_yearly": 2.96,
            "eps_growth_yearly": 9.39
        },
        "20224": {
            "year_quarter": 20224,
            "year": 2022,
            "quarter": 4,
            "eps": 0.78,
            "eps_growth_year": 29.03,
            "eps_4q": 2.95,
            "eps_4q_growth_year": 5.31,
            "roe": 4.09,
            "roe_4q": 15.3,
            "gross_profit": 7054742,
            "gross_margin": 28.95,
            "gross_margin_4q_avg": 30.41,
            "net_income": 2575996,
            "revenue": 24368822,
            "common_shares": 32585008,
            "book_valuer_per_share": 19.42,
            "book_valuer_per_share_4q_avg": 19.16,
            "equity": 64188176,
            "current_ratio": 90.47,
            "debt_ratio": 62.38,
            "inventory_turnover_ratio": 6.59,
            "account_receivable_turnover_ratio": 2.43,
            "reinvestment_rate": -1.81,
            "research_to_sale_ratio": null,
            "price_fair": 82.83,
            "eps_avg_yearly": 2.75,
            "eps_latest_yearly": 3.12,
            "eps_growth_yearly": 20.12
        },
        "20231": {
            "year_quarter": 20231,
            "year": 2023,
            "quarter": 1,
            "eps": 0.85,
            "eps_growth_year": 19.72,
            "eps_4q": 3.08,
            "eps_4q_growth_year": 4.14,
            "roe": 4.23,
            "roe_4q": 16.01,
            "gross_profit": 6959023,
            "gross_margin": 31.2,
            "gross_margin_4q_avg": 30.73,
            "net_income": 2777797,
            "revenue": 22305352,
            "common_shares": 32585008,
            "book_valuer_per_share": 20.31,
            "book_valuer_per_share_4q_avg": 19.11,
            "equity": 67171357,
            "current_ratio": 74.52,
            "debt_ratio": 60.1,
            "inventory_turnover_ratio": 4.91,
            "account_receivable_turnover_ratio": 2.35,
            "reinvestment_rate": 1.29,
            "research_to_sale_ratio": null,
            "price_fair": 65.25,
            "eps_avg_yearly": 2.79,
            "eps_latest_yearly": 3.4,
            "eps_growth_yearly": 13.36
        }
    },
    "months": {
        "2001-12": {
            "month": "2001-12",
            "price": "44.65",
            "revenue": 2835526
        },
        "2002-01": {
            "month": "2002-01",
            "price": "45.07",
            "revenue": 2645575
        },
        "2002-02": {
            "month": "2002-02",
            "price": "42.15",
            "revenue": 2750599
        },
        "2002-03": {
            "month": "2002-03",
            "price": "40.38",
            "revenue": 2816470
        },
        "2002-04": {
            "month": "2002-04",
            "price": "42.24",
            "revenue": 2838612
        },
        "2002-05": {
            "month": "2002-05",
            "price": "41.09",
            "revenue": 2979100
        },
        "2002-06": {
            "month": "2002-06",
            "price": "40.91",
            "revenue": 2819008
        },
        "2002-07": {
            "month": "2002-07",
            "price": "39.20",
            "revenue": 2956348
        },
        "2002-08": {
            "month": "2002-08",
            "price": "31.72",
            "revenue": 3005428
        },
        "2002-09": {
            "month": "2002-09",
            "price": "29.38",
            "revenue": 2869989
        },
        "2002-10": {
            "month": "2002-10",
            "price": "27.29",
            "revenue": 2940044
        },
        "2002-11": {
            "month": "2002-11",
            "price": "27.45",
            "revenue": 2865417
        },
        "2002-12": {
            "month": "2002-12",
            "price": "26.15",
            "revenue": 3044702
        },
        "2003-01": {
            "month": "2003-01",
            "price": "28.57",
            "revenue": 3013983
        },
        "2003-02": {
            "month": "2003-02",
            "price": "28.05",
            "revenue": 2786289
        },
        "2003-03": {
            "month": "2003-03",
            "price": "26.50",
            "revenue": 2989806
        },
        "2003-04": {
            "month": "2003-04",
            "price": "25.83",
            "revenue": 2948269
        },
        "2003-05": {
            "month": "2003-05",
            "price": "25.15",
            "revenue": 3012200
        },
        "2003-06": {
            "month": "2003-06",
            "price": "26.01",
            "revenue": 2971680
        },
        "2003-07": {
            "month": "2003-07",
            "price": "24.66",
            "revenue": 3085968
        },
        "2003-08": {
            "month": "2003-08",
            "price": "22.47",
            "revenue": 3199460
        },
        "2003-09": {
            "month": "2003-09",
            "price": "22.32",
            "revenue": 3142157
        },
        "2003-10": {
            "month": "2003-10",
            "price": "24.37",
            "revenue": 3144718
        },
        "2003-11": {
            "month": "2003-11",
            "price": "25.50",
            "revenue": 3244294
        },
        "2003-12": {
            "month": "2003-12",
            "price": "25.27",
            "revenue": 3528339
        },
        "2004-01": {
            "month": "2004-01",
            "price": "27.39",
            "revenue": 3352649
        },
        "2004-02": {
            "month": "2004-02",
            "price": "29.80",
            "revenue": 3185630
        },
        "2004-03": {
            "month": "2004-03",
            "price": "31.38",
            "revenue": 3272987
        },
        "2004-04": {
            "month": "2004-04",
            "price": "31.05",
            "revenue": 3268743
        },
        "2004-05": {
            "month": "2004-05",
            "price": "28.78",
            "revenue": 3370589
        },
        "2004-06": {
            "month": "2004-06",
            "price": "30.60",
            "revenue": 3223303
        },
        "2004-07": {
            "month": "2004-07",
            "price": "32.67",
            "revenue": 3403766
        },
        "2004-08": {
            "month": "2004-08",
            "price": "32.43",
            "revenue": 3519450
        },
        "2004-09": {
            "month": "2004-09",
            "price": "33.38",
            "revenue": 3404287
        },
        "2004-10": {
            "month": "2004-10",
            "price": "34.72",
            "revenue": 3396415
        },
        "2004-11": {
            "month": "2004-11",
            "price": "37.10",
            "revenue": 3304144
        },
        "2004-12": {
            "month": "2004-12",
            "price": "37.82",
            "revenue": 3518708
        },
        "2005-01": {
            "month": "2005-01",
            "price": "37.78",
            "revenue": 3444840
        },
        "2005-02": {
            "month": "2005-02",
            "price": "36.14",
            "revenue": 3266900
        },
        "2005-03": {
            "month": "2005-03",
            "price": "38.88",
            "revenue": 3613908
        },
        "2005-04": {
            "month": "2005-04",
            "price": "39.32",
            "revenue": 3463063
        },
        "2005-05": {
            "month": "2005-05",
            "price": "39.72",
            "revenue": 3524221
        },
        "2005-06": {
            "month": "2005-06",
            "price": "40.79",
            "revenue": 3456103
        },
        "2005-07": {
            "month": "2005-07",
            "price": "40.46",
            "revenue": 3591181
        },
        "2005-08": {
            "month": "2005-08",
            "price": "40.44",
            "revenue": 5810727
        },
        "2005-09": {
            "month": "2005-09",
            "price": "38.96",
            "revenue": 5758364
        },
        "2005-10": {
            "month": "2005-10",
            "price": "38.14",
            "revenue": 5460059
        },
        "2005-11": {
            "month": "2005-11",
            "price": "38.57",
            "revenue": 5378229
        },
        "2005-12": {
            "month": "2005-12",
            "price": "37.86",
            "revenue": 5609208
        },
        "2006-01": {
            "month": "2006-01",
            "price": "37.39",
            "revenue": 6120232
        },
        "2006-02": {
            "month": "2006-02",
            "price": "39.21",
            "revenue": 5573850
        },
        "2006-03": {
            "month": "2006-03",
            "price": "38.62",
            "revenue": 5926457
        },
        "2006-04": {
            "month": "2006-04",
            "price": "38.71",
            "revenue": 5551818
        },
        "2006-05": {
            "month": "2006-05",
            "price": "39.70",
            "revenue": 5808947
        },
        "2006-06": {
            "month": "2006-06",
            "price": "36.57",
            "revenue": 5586888
        },
        "2006-07": {
            "month": "2006-07",
            "price": "36.53",
            "revenue": 5503266
        },
        "2006-08": {
            "month": "2006-08",
            "price": "35.67",
            "revenue": 5609731
        },
        "2006-09": {
            "month": "2006-09",
            "price": "35.16",
            "revenue": 5273759
        },
        "2006-10": {
            "month": "2006-10",
            "price": "37.90",
            "revenue": 5435759
        },
        "2006-11": {
            "month": "2006-11",
            "price": "37.05",
            "revenue": 5258819
        },
        "2006-12": {
            "month": "2006-12",
            "price": "36.89",
            "revenue": 5577437
        },
        "2007-01": {
            "month": "2007-01",
            "price": "36.25",
            "revenue": 5336581
        },
        "2007-02": {
            "month": "2007-02",
            "price": "37.63",
            "revenue": 5048829
        },
        "2007-03": {
            "month": "2007-03",
            "price": "37.46",
            "revenue": 5390973
        },
        "2007-04": {
            "month": "2007-04",
            "price": "37.76",
            "revenue": 5207548
        },
        "2007-05": {
            "month": "2007-05",
            "price": "39.20",
            "revenue": 5241038
        },
        "2007-06": {
            "month": "2007-06",
            "price": "40.24",
            "revenue": 5344943
        },
        "2007-07": {
            "month": "2007-07",
            "price": "41.63",
            "revenue": 5436960
        },
        "2007-08": {
            "month": "2007-08",
            "price": "38.37",
            "revenue": 5458385
        },
        "2007-09": {
            "month": "2007-09",
            "price": "40.47",
            "revenue": 5241769
        },
        "2007-10": {
            "month": "2007-10",
            "price": "41.11",
            "revenue": 5415108
        },
        "2007-11": {
            "month": "2007-11",
            "price": "39.60",
            "revenue": 5328633
        },
        "2007-12": {
            "month": "2007-12",
            "price": "40.88",
            "revenue": 5516243
        },
        "2008-01": {
            "month": "2008-01",
            "price": "40.51",
            "revenue": 5423936
        },
        "2008-02": {
            "month": "2008-02",
            "price": "41.95",
            "revenue": 5141316
        },
        "2008-03": {
            "month": "2008-03",
            "price": "45.15",
            "revenue": 5292285
        },
        "2008-04": {
            "month": "2008-04",
            "price": "51.14",
            "revenue": 5211139
        },
        "2008-05": {
            "month": "2008-05",
            "price": "50.49",
            "revenue": 5368029
        },
        "2008-06": {
            "month": "2008-06",
            "price": "48.82",
            "revenue": 5274669
        },
        "2008-07": {
            "month": "2008-07",
            "price": "48.26",
            "revenue": 5299256
        },
        "2008-08": {
            "month": "2008-08",
            "price": "47.51",
            "revenue": 5265010
        },
        "2008-09": {
            "month": "2008-09",
            "price": "43.16",
            "revenue": 5173576
        },
        "2008-10": {
            "month": "2008-10",
            "price": "37.25",
            "revenue": 5157089
        },
        "2008-11": {
            "month": "2008-11",
            "price": "34.54",
            "revenue": 4831736
        },
        "2008-12": {
            "month": "2008-12",
            "price": "36.56",
            "revenue": 5079869
        },
        "2009-01": {
            "month": "2009-01",
            "price": "34.15",
            "revenue": 5077732
        },
        "2009-02": {
            "month": "2009-02",
            "price": "31.87",
            "revenue": 4835667
        },
        "2009-03": {
            "month": "2009-03",
            "price": "34.55",
            "revenue": 4967717
        },
        "2009-04": {
            "month": "2009-04",
            "price": "35.08",
            "revenue": 5014545
        },
        "2009-05": {
            "month": "2009-05",
            "price": "37.25",
            "revenue": 4995101
        },
        "2009-06": {
            "month": "2009-06",
            "price": "38.33",
            "revenue": 5038382
        },
        "2009-07": {
            "month": "2009-07",
            "price": "39.18",
            "revenue": 5185945
        },
        "2009-08": {
            "month": "2009-08",
            "price": "37.40",
            "revenue": 5182261
        },
        "2009-09": {
            "month": "2009-09",
            "price": "37.39",
            "revenue": 4990078
        },
        "2009-10": {
            "month": "2009-10",
            "price": "37.25",
            "revenue": 5017100
        },
        "2009-11": {
            "month": "2009-11",
            "price": "37.07",
            "revenue": 4746160
        },
        "2009-12": {
            "month": "2009-12",
            "price": "37.69",
            "revenue": 5011441
        },
        "2010-01": {
            "month": "2010-01",
            "price": "37.98",
            "revenue": 4907532
        },
        "2010-02": {
            "month": "2010-02",
            "price": "37.84",
            "revenue": 4676877
        },
        "2010-03": {
            "month": "2010-03",
            "price": "37.98",
            "revenue": 5130146
        },
        "2010-04": {
            "month": "2010-04",
            "price": "38.07",
            "revenue": 4840635
        },
        "2010-05": {
            "month": "2010-05",
            "price": "37.94",
            "revenue": 5089149
        },
        "2010-06": {
            "month": "2010-06",
            "price": "39.35",
            "revenue": 4927083
        },
        "2010-07": {
            "month": "2010-07",
            "price": "43.15",
            "revenue": 5110657
        },
        "2010-08": {
            "month": "2010-08",
            "price": "42.40",
            "revenue": 5463336
        },
        "2010-09": {
            "month": "2010-09",
            "price": "42.48",
            "revenue": 5816121
        },
        "2010-10": {
            "month": "2010-10",
            "price": "44.02",
            "revenue": 5759109
        },
        "2010-11": {
            "month": "2010-11",
            "price": "43.66",
            "revenue": 5620817
        },
        "2010-12": {
            "month": "2010-12",
            "price": "42.33",
            "revenue": 6094444
        },
        "2011-01": {
            "month": "2011-01",
            "price": "42.49",
            "revenue": 6093988
        },
        "2011-02": {
            "month": "2011-02",
            "price": "42.44",
            "revenue": 5484960
        },
        "2011-03": {
            "month": "2011-03",
            "price": "42.92",
            "revenue": 6095681
        },
        "2011-04": {
            "month": "2011-04",
            "price": "43.32",
            "revenue": 5947803
        },
        "2011-05": {
            "month": "2011-05",
            "price": "43.87",
            "revenue": 6207529
        },
        "2011-06": {
            "month": "2011-06",
            "price": "45.29",
            "revenue": 6297096
        },
        "2011-07": {
            "month": "2011-07",
            "price": "47.44",
            "revenue": 6586898
        },
        "2011-08": {
            "month": "2011-08",
            "price": "45.60",
            "revenue": 6584696
        },
        "2011-09": {
            "month": "2011-09",
            "price": "46.27",
            "revenue": 6437843
        },
        "2011-10": {
            "month": "2011-10",
            "price": "47.32",
            "revenue": 6430415
        },
        "2011-11": {
            "month": "2011-11",
            "price": "55.63",
            "revenue": 6598562
        },
        "2011-12": {
            "month": "2011-12",
            "price": "57.70",
            "revenue": 6983360
        },
        "2012-01": {
            "month": "2012-01",
            "price": "55.99",
            "revenue": 7381069
        },
        "2012-02": {
            "month": "2012-02",
            "price": "57.78",
            "revenue": 6861900
        },
        "2012-03": {
            "month": "2012-03",
            "price": "59.15",
            "revenue": 7051946
        },
        "2012-04": {
            "month": "2012-04",
            "price": "62.49",
            "revenue": 6772674
        },
        "2012-05": {
            "month": "2012-05",
            "price": "66.73",
            "revenue": 7344421
        },
        "2012-06": {
            "month": "2012-06",
            "price": "65.58",
            "revenue": 7282833
        },
        "2012-07": {
            "month": "2012-07",
            "price": "69.07",
            "revenue": 7310216
        },
        "2012-08": {
            "month": "2012-08",
            "price": "73.40",
            "revenue": 7358773
        },
        "2012-09": {
            "month": "2012-09",
            "price": "72.32",
            "revenue": 6992581
        },
        "2012-10": {
            "month": "2012-10",
            "price": "70.91",
            "revenue": 7221004
        },
        "2012-11": {
            "month": "2012-11",
            "price": "69.10",
            "revenue": 6946240
        },
        "2012-12": {
            "month": "2012-12",
            "price": "72.75",
            "revenue": 8221633
        },
        "2013-01": {
            "month": "2013-01",
            "price": "73.22",
            "revenue": 7763440
        },
        "2013-02": {
            "month": "2013-02",
            "price": "70.36",
            "revenue": 7103255
        },
        "2013-03": {
            "month": "2013-03",
            "price": "68.84",
            "revenue": 7219092
        },
        "2013-04": {
            "month": "2013-04",
            "price": "70.04",
            "revenue": 7191428
        },
        "2013-05": {
            "month": "2013-05",
            "price": "73.78",
            "revenue": 7579469
        },
        "2013-06": {
            "month": "2013-06",
            "price": "73.43",
            "revenue": 7329689
        },
        "2013-07": {
            "month": "2013-07",
            "price": "79.09",
            "revenue": 7502486
        },
        "2013-08": {
            "month": "2013-08",
            "price": "73.96",
            "revenue": 7468188
        },
        "2013-09": {
            "month": "2013-09",
            "price": "74.14",
            "revenue": 7153585
        },
        "2013-10": {
            "month": "2013-10",
            "price": "67.44",
            "revenue": 7616446
        },
        "2013-11": {
            "month": "2013-11",
            "price": "63.74",
            "revenue": 7639413
        },
        "2013-12": {
            "month": "2013-12",
            "price": "63.97",
            "revenue": 8104088
        },
        "2014-01": {
            "month": "2014-01",
            "price": "62.26",
            "revenue": 8312063
        },
        "2014-02": {
            "month": "2014-02",
            "price": "59.84",
            "revenue": 7298402
        },
        "2014-03": {
            "month": "2014-03",
            "price": "62.02",
            "revenue": 7254020
        },
        "2014-04": {
            "month": "2014-04",
            "price": "64.97",
            "revenue": 7349114
        },
        "2014-05": {
            "month": "2014-05",
            "price": "66.30",
            "revenue": 7296510
        },
        "2014-06": {
            "month": "2014-06",
            "price": "68.18",
            "revenue": 7376552
        },
        "2014-07": {
            "month": "2014-07",
            "price": "65.39",
            "revenue": 7675559
        },
        "2014-08": {
            "month": "2014-08",
            "price": "63.72",
            "revenue": 7640107
        },
        "2014-09": {
            "month": "2014-09",
            "price": "59.01",
            "revenue": 7933190
        },
        "2014-10": {
            "month": "2014-10",
            "price": "61.70",
            "revenue": 8665863
        },
        "2014-11": {
            "month": "2014-11",
            "price": "66.78",
            "revenue": 8430930
        },
        "2014-12": {
            "month": "2014-12",
            "price": "69.25",
            "revenue": 8943290
        },
        "2015-01": {
            "month": "2015-01",
            "price": "75.12",
            "revenue": 8389936
        },
        "2015-02": {
            "month": "2015-02",
            "price": "77.01",
            "revenue": 8239680
        },
        "2015-03": {
            "month": "2015-03",
            "price": "75.30",
            "revenue": 8154882
        },
        "2015-04": {
            "month": "2015-04",
            "price": "73.99",
            "revenue": 7963822
        },
        "2015-05": {
            "month": "2015-05",
            "price": "72.73",
            "revenue": 7732532
        },
        "2015-06": {
            "month": "2015-06",
            "price": "72.13",
            "revenue": 7940169
        },
        "2015-07": {
            "month": "2015-07",
            "price": "72.68",
            "revenue": 7885232
        },
        "2015-08": {
            "month": "2015-08",
            "price": "72.79",
            "revenue": 7515529
        },
        "2015-09": {
            "month": "2015-09",
            "price": "70.42",
            "revenue": 7582791
        },
        "2015-10": {
            "month": "2015-10",
            "price": "70.82",
            "revenue": 9027478
        },
        "2015-11": {
            "month": "2015-11",
            "price": "69.21",
            "revenue": 8435435
        },
        "2015-12": {
            "month": "2015-12",
            "price": "67.40",
            "revenue": 8425732
        },
        "2016-01": {
            "month": "2016-01",
            "price": "67.55",
            "revenue": 8145148
        },
        "2016-02": {
            "month": "2016-02",
            "price": "69.29",
            "revenue": 7680520
        },
        "2016-03": {
            "month": "2016-03",
            "price": "70.97",
            "revenue": 7993788
        },
        "2016-04": {
            "month": "2016-04",
            "price": "72.13",
            "revenue": 7694128
        },
        "2016-05": {
            "month": "2016-05",
            "price": "74.81",
            "revenue": 7767618
        },
        "2016-06": {
            "month": "2016-06",
            "price": "75.56",
            "revenue": 7605429
        },
        "2016-07": {
            "month": "2016-07",
            "price": "76.78",
            "revenue": 7563806
        },
        "2016-08": {
            "month": "2016-08",
            "price": "74.67",
            "revenue": 7762987
        },
        "2016-09": {
            "month": "2016-09",
            "price": "73.87",
            "revenue": 7991815
        },
        "2016-10": {
            "month": "2016-10",
            "price": "74.72",
            "revenue": 8010546
        },
        "2016-11": {
            "month": "2016-11",
            "price": "73.73",
            "revenue": 8005554
        },
        "2016-12": {
            "month": "2016-12",
            "price": "72.15",
            "revenue": 8122927
        },
        "2017-01": {
            "month": "2017-01",
            "price": "73.52",
            "revenue": 7808009
        },
        "2017-02": {
            "month": "2017-02",
            "price": "72.77",
            "revenue": 7316275
        },
        "2017-03": {
            "month": "2017-03",
            "price": "74.80",
            "revenue": 7356103
        },
        "2017-04": {
            "month": "2017-04",
            "price": "75.15",
            "revenue": 7204194
        },
        "2017-05": {
            "month": "2017-05",
            "price": "76.17",
            "revenue": 7431552
        },
        "2017-06": {
            "month": "2017-06",
            "price": "77.26",
            "revenue": 7300095
        },
        "2017-07": {
            "month": "2017-07",
            "price": "74.99",
            "revenue": 7298301
        },
        "2017-08": {
            "month": "2017-08",
            "price": "72.85",
            "revenue": 7506839
        },
        "2017-09": {
            "month": "2017-09",
            "price": "72.07",
            "revenue": 8059854
        },
        "2017-10": {
            "month": "2017-10",
            "price": "72.04",
            "revenue": 8148078
        },
        "2017-11": {
            "month": "2017-11",
            "price": "71.50",
            "revenue": 8975917
        },
        "2017-12": {
            "month": "2017-12",
            "price": "71.96",
            "revenue": 7664464
        },
        "2018-01": {
            "month": "2018-01",
            "price": "75.40",
            "revenue": 7469674
        },
        "2018-02": {
            "month": "2018-02",
            "price": "74.42",
            "revenue": 6911291
        },
        "2018-03": {
            "month": "2018-03",
            "price": "74.91",
            "revenue": 7285595
        },
        "2018-04": {
            "month": "2018-04",
            "price": "77.94",
            "revenue": 7277474
        },
        "2018-05": {
            "month": "2018-05",
            "price": "76.42",
            "revenue": 7299407
        },
        "2018-06": {
            "month": "2018-06",
            "price": "77.50",
            "revenue": 7043732
        },
        "2018-07": {
            "month": "2018-07",
            "price": "74.98",
            "revenue": 7013633
        },
        "2018-08": {
            "month": "2018-08",
            "price": "71.77",
            "revenue": 6813069
        },
        "2018-09": {
            "month": "2018-09",
            "price": "73.45",
            "revenue": 7231990
        },
        "2018-10": {
            "month": "2018-10",
            "price": "72.41",
            "revenue": 7307817
        },
        "2018-11": {
            "month": "2018-11",
            "price": "73.28",
            "revenue": 7513163
        },
        "2018-12": {
            "month": "2018-12",
            "price": "72.59",
            "revenue": 7468126
        },
        "2019-01": {
            "month": "2019-01",
            "price": "72.52",
            "revenue": 7286299
        },
        "2019-02": {
            "month": "2019-02",
            "price": "71.58",
            "revenue": 6521560
        },
        "2019-03": {
            "month": "2019-03",
            "price": "72.44",
            "revenue": 7011600
        },
        "2019-04": {
            "month": "2019-04",
            "price": "74.29",
            "revenue": 6737425
        },
        "2019-05": {
            "month": "2019-05",
            "price": "76.25",
            "revenue": 7023273
        },
        "2019-06": {
            "month": "2019-06",
            "price": "78.34",
            "revenue": 6664562
        },
        "2019-07": {
            "month": "2019-07",
            "price": "74.40",
            "revenue": 6791216
        },
        "2019-08": {
            "month": "2019-08",
            "price": "71.65",
            "revenue": 6866012
        },
        "2019-09": {
            "month": "2019-09",
            "price": "73.29",
            "revenue": 7750011
        },
        "2019-10": {
            "month": "2019-10",
            "price": "72.89",
            "revenue": 7251410
        },
        "2019-11": {
            "month": "2019-11",
            "price": "74.07",
            "revenue": 6842046
        },
        "2019-12": {
            "month": "2019-12",
            "price": "72.77",
            "revenue": 7120458
        },
        "2020-01": {
            "month": "2020-01",
            "price": "70.99",
            "revenue": 6819232
        },
        "2020-02": {
            "month": "2020-02",
            "price": "67.45",
            "revenue": 6229272
        },
        "2020-03": {
            "month": "2020-03",
            "price": "63.88",
            "revenue": 6340336
        },
        "2020-04": {
            "month": "2020-04",
            "price": "65.02",
            "revenue": 6140824
        },
        "2020-05": {
            "month": "2020-05",
            "price": "66.08",
            "revenue": 6370749
        },
        "2020-06": {
            "month": "2020-06",
            "price": "67.10",
            "revenue": 6163166
        },
        "2020-07": {
            "month": "2020-07",
            "price": "66.07",
            "revenue": 6275774
        },
        "2020-08": {
            "month": "2020-08",
            "price": "62.26",
            "revenue": 6395138
        },
        "2020-09": {
            "month": "2020-09",
            "price": "61.62",
            "revenue": 5959157
        },
        "2020-10": {
            "month": "2020-10",
            "price": "60.55",
            "revenue": 6675780
        },
        "2020-11": {
            "month": "2020-11",
            "price": "60.95",
            "revenue": 8006731
        },
        "2020-12": {
            "month": "2020-12",
            "price": "61.05",
            "revenue": 8124806
        },
        "2021-01": {
            "month": "2021-01",
            "price": "61.14",
            "revenue": 7417245
        },
        "2021-02": {
            "month": "2021-02",
            "price": "60.38",
            "revenue": 6842001
        },
        "2021-03": {
            "month": "2021-03",
            "price": "62.96",
            "revenue": 6576529
        },
        "2021-04": {
            "month": "2021-04",
            "price": "65.63",
            "revenue": 6359087
        },
        "2021-05": {
            "month": "2021-05",
            "price": "64.51",
            "revenue": 6457443
        },
        "2021-06": {
            "month": "2021-06",
            "price": "65.24",
            "revenue": 6681451
        },
        "2021-07": {
            "month": "2021-07",
            "price": "63.98",
            "revenue": 6717302
        },
        "2021-08": {
            "month": "2021-08",
            "price": "61.12",
            "revenue": 6520494
        },
        "2021-09": {
            "month": "2021-09",
            "price": "60.92",
            "revenue": 7465866
        },
        "2021-10": {
            "month": "2021-10",
            "price": "61.46",
            "revenue": 8139223
        },
        "2021-11": {
            "month": "2021-11",
            "price": "63.14",
            "revenue": 8051434
        },
        "2021-12": {
            "month": "2021-12",
            "price": "63.44",
            "revenue": 8091933
        },
        "2022-01": {
            "month": "2022-01",
            "price": "64.43",
            "revenue": 8040723
        },
        "2022-02": {
            "month": "2022-02",
            "price": "67.74",
            "revenue": 6754911
        },
        "2022-03": {
            "month": "2022-03",
            "price": "73.06",
            "revenue": 7108391
        },
        "2022-04": {
            "month": "2022-04",
            "price": "76.85",
            "revenue": 6875729
        },
        "2022-05": {
            "month": "2022-05",
            "price": "81.29",
            "revenue": 6983653
        },
        "2022-06": {
            "month": "2022-06",
            "price": "82.34",
            "revenue": 6864173
        },
        "2022-07": {
            "month": "2022-07",
            "price": "79.76",
            "revenue": 6797046
        },
        "2022-08": {
            "month": "2022-08",
            "price": "75.73",
            "revenue": 6918720
        },
        "2022-09": {
            "month": "2022-09",
            "price": "72.79",
            "revenue": 8439197
        },
        "2022-10": {
            "month": "2022-10",
            "price": "69.28",
            "revenue": 8272188
        },
        "2022-11": {
            "month": "2022-11",
            "price": "67.65",
            "revenue": 7972064
        },
        "2022-12": {
            "month": "2022-12",
            "price": "66.59",
            "revenue": 8124570
        },
        "2023-01": {
            "month": "2023-01",
            "price": "66.75",
            "revenue": 7809718
        },
        "2023-02": {
            "month": "2023-02",
            "price": "68.32",
            "revenue": 7161963
        },
        "2023-03": {
            "month": "2023-03",
            "price": "71.73",
            "revenue": 7333671
        },
        "2023-04": {
            "month": "2023-04",
            "price": "77.44",
            "revenue": 7149915
        }
    }
}
