{
    "summary": {
        "stock_name": "台聯電",
        "stock_id": "4905",
        "category": "通信網路",
        "main_business": "高階數據機<br>XDSL用戶迴路接取設備<br>光纖接取設備",
        "website_url": "http://www.tainet.com.tw",
        "ceo": "黃仲康",
        "pe_ratio": 44,
        "report_year_from": 2001,
        "report_year_to": 2023,
        "age": 22,
        "eps_negative_percentage": 35,
        "eps_growth_avg": {
            "last_all": -9.37,
            "last_2y": -30.25,
            "last_4y": -47.69,
            "last_8y": 15.61,
            "last_12y": 6.97,
            "last_16y": 3.93,
            "last_20y": -9.37,
            "at_2006_last_3y": -26.32,
            "at_2007_last_3y": -2.65,
            "at_2008_last_3y": 28.43,
            "at_2009_last_3y": -3.67,
            "at_2010_last_3y": -38.23,
            "at_2011_last_3y": -48.32,
            "at_2012_last_3y": -13.2,
            "at_2013_last_3y": -13.2,
            "at_2014_last_3y": -13.2,
            "at_2015_last_3y": 32.88,
            "at_2016_last_3y": 33.33,
            "at_2017_last_3y": 100,
            "at_2018_last_3y": 50,
            "at_2019_last_3y": 33.33,
            "at_2020_last_3y": -9.46,
            "at_2021_last_3y": -30.25,
            "at_2022_last_3y": -30.25,
            "at_2023_last_3y": -30.25,
            "at_2006_last_all": -28.58,
            "at_2007_last_all": -24.46,
            "at_2008_last_all": -21.5,
            "at_2009_last_all": -32.72,
            "at_2010_last_all": -32.72,
            "at_2011_last_all": -33.41,
            "at_2012_last_all": -18.73,
            "at_2013_last_all": -26.86,
            "at_2014_last_all": -26.86,
            "at_2015_last_all": -15.33,
            "at_2016_last_all": -5.72,
            "at_2017_last_all": 2.41,
            "at_2018_last_all": -4.9,
            "at_2019_last_all": -4.9,
            "at_2020_last_all": -6.47,
            "at_2021_last_all": -3.71,
            "at_2022_last_all": -9.37,
            "at_2023_last_all": -9.37
        },
        "latest_eps": 1.15,
        "latest_price": 50.9,
        "latest_roe": 1.19,
        "latest_gross_margin": 34.79,
        "latest_equity": 2811878,
        "latest_revenue": 18007,
        "latest_gross_profit": 6264,
        "latest_net_income": 64050,
        "latest_debt_ratio": 3.48,
        "latest_current_ratio": 1765.49,
        "latest_account_receivable_turnover_ratio": 1.76,
        "latest_inventory_turnover_ratio": 0.19,
        "latest_reinvestment_rate": 48.23,
        "latest_research_to_sale_ratio": 16.06
    },
    "eps_dividends": {
        "2000": {
            "cash": 0,
            "stock": 1,
            "eps": 0
        },
        "2001": {
            "cash": 0,
            "stock": 1,
            "eps": 1.47
        },
        "2002": {
            "cash": 1,
            "stock": 0,
            "eps": 0.95
        },
        "2003": {
            "cash": 1,
            "stock": 0,
            "eps": 0.2
        },
        "2004": {
            "cash": 0,
            "stock": 0,
            "eps": -0.55
        },
        "2005": {
            "cash": 0,
            "stock": 0,
            "eps": 0.29
        },
        "2006": {
            "cash": 0,
            "stock": 0,
            "eps": 1.13
        },
        "2007": {
            "cash": 1,
            "stock": 0,
            "eps": 1.04
        },
        "2008": {
            "cash": 1,
            "stock": 0,
            "eps": 0.97
        },
        "2009": {
            "cash": 0,
            "stock": 0,
            "eps": -0.42
        },
        "2010": {
            "cash": 0,
            "stock": 0,
            "eps": 2.38
        },
        "2011": {
            "cash": 1,
            "stock": 0,
            "eps": 1.47
        },
        "2012": {
            "cash": 1,
            "stock": 0,
            "eps": 2.92
        },
        "2013": {
            "cash": 1,
            "stock": 0,
            "eps": -0.11
        },
        "2014": {
            "cash": 1,
            "stock": 0,
            "eps": 0.41
        },
        "2015": {
            "cash": 1,
            "stock": 0,
            "eps": 2.42
        },
        "2016": {
            "cash": 2,
            "stock": 0,
            "eps": 6.01
        },
        "2017": {
            "cash": 1,
            "stock": 0,
            "eps": 22.55
        },
        "2018": {
            "cash": 2,
            "stock": 0,
            "eps": -8.85
        },
        "2019": {
            "cash": 3,
            "stock": 0,
            "eps": 1.41
        },
        "2020": {
            "cash": 2,
            "stock": 0,
            "eps": 1.01
        },
        "2021": {
            "cash": 1,
            "stock": 0,
            "eps": 1.39
        },
        "2022": {
            "cash": 1,
            "stock": 0,
            "eps": -1.47
        },
        "2023": {
            "cash": 1,
            "stock": 0,
            "eps": 2.19
        }
    },
    "dividends": {
        "2000-06-16": {
            "cash": 0,
            "stock": 0.5
        },
        "2001-04-30": {
            "cash": 0.2,
            "stock": 0.5
        },
        "2002-06-04": {
            "cash": 0.88,
            "stock": 0.31
        },
        "2003-06-24": {
            "cash": 0.82,
            "stock": 0
        },
        "2007-03-20": {
            "cash": 0.5,
            "stock": 0
        },
        "2008-03-21": {
            "cash": 0.5,
            "stock": 0
        },
        "2009-03-25": {
            "cash": 0.4,
            "stock": 0
        },
        "2011-03-28": {
            "cash": 0.5,
            "stock": 0
        },
        "2012-06-22": {
            "cash": 0.5,
            "stock": 0
        },
        "2013-06-28": {
            "cash": 0.5,
            "stock": 0
        },
        "2014-09-26": {
            "cash": 0.5,
            "stock": 0
        },
        "2015-09-04": {
            "cash": 0.5,
            "stock": 0
        },
        "2016-08-10": {
            "cash": 1.5,
            "stock": 0
        },
        "2017-08-25": {
            "cash": 1,
            "stock": 0
        },
        "2018-08-15": {
            "cash": 2,
            "stock": 0
        },
        "2019-08-16": {
            "cash": 2.5,
            "stock": 0
        },
        "2020-08-28": {
            "cash": 1.5,
            "stock": 0
        },
        "2021-09-24": {
            "cash": 1,
            "stock": 0
        },
        "2022-09-21": {
            "cash": 1.2,
            "stock": 0
        },
        "2023-03-23": {
            "cash": 1.2,
            "stock": 0
        }
    },
    "prices": {
        "200101": "無",
        "200102": "無",
        "200103": "無",
        "200104": "無",
        "200105": "無",
        "200106": "無",
        "200107": "無",
        "200108": "無",
        "200109": "無",
        "200110": "無",
        "200111": "無",
        "200112": "24.40",
        "200201": "26.05",
        "200202": "24.94",
        "200203": "24.86",
        "200204": "23.27",
        "200205": "19.78",
        "200206": "19.70",
        "200207": "18.30",
        "200208": "17.05",
        "200209": "14.11",
        "200210": "12.22",
        "200211": "12.67",
        "200212": "12.85",
        "200301": "12.22",
        "200302": "11.94",
        "200303": "11.76",
        "200304": "11.50",
        "200305": "9.99",
        "200306": "11.55",
        "200307": "18.77",
        "200308": "20.26",
        "200309": "13.08",
        "200310": "11.63",
        "200311": "11.41",
        "200312": "12.09",
        "200401": "12.72",
        "200402": "13.08",
        "200403": "11.87",
        "200404": "12.84",
        "200405": "10.99",
        "200406": "9.70",
        "200407": "7.81",
        "200408": "6.29",
        "200409": "6.95",
        "200410": "6.97",
        "200411": "6.73",
        "200412": "5.68",
        "200501": "5.36",
        "200502": "5.27",
        "200503": "5.87",
        "200504": "5.47",
        "200505": "5.30",
        "200506": "6.03",
        "200507": "6.73",
        "200508": "6.89",
        "200509": "6.64",
        "200510": "6.53",
        "200511": "6.40",
        "200512": "7.08",
        "200601": "7.73",
        "200602": "7.30",
        "200603": "7.91",
        "200604": "8.52",
        "200605": "9.02",
        "200606": "9.04",
        "200607": "9.82",
        "200608": "9.32",
        "200609": "9.29",
        "200610": "9.20",
        "200611": "10.13",
        "200612": "12.05",
        "200701": "13.55",
        "200702": "13.42",
        "200703": "13.66",
        "200704": "13.97",
        "200705": "13.33",
        "200706": "17.71",
        "200707": "21.51",
        "200708": "17.40",
        "200709": "16.38",
        "200710": "17.76",
        "200711": "15.24",
        "200712": "13.98",
        "200801": "12.75",
        "200802": "12.76",
        "200803": "14.54",
        "200804": "16.08",
        "200805": "15.94",
        "200806": "14.30",
        "200807": "11.81",
        "200808": "12.88",
        "200809": "11.69",
        "200810": "9.63",
        "200811": "8.97",
        "200812": "9.00",
        "200901": "8.55",
        "200902": "10.00",
        "200903": "11.60",
        "200904": "12.64",
        "200905": "12.06",
        "200906": "11.93",
        "200907": "12.35",
        "200908": "12.66",
        "200909": "14.06",
        "200910": "15.82",
        "200911": "18.03",
        "200912": "19.51",
        "201001": "19.62",
        "201002": "18.85",
        "201003": "19.82",
        "201004": "20.61",
        "201005": "20.56",
        "201006": "18.97",
        "201007": "19.58",
        "201008": "19.98",
        "201009": "21.02",
        "201010": "21.07",
        "201011": "20.66",
        "201012": "22.20",
        "201101": "21.76",
        "201102": "21.18",
        "201103": "21.13",
        "201104": "20.96",
        "201105": "20.49",
        "201106": "20.90",
        "201107": "20.71",
        "201108": "19.89",
        "201109": "19.37",
        "201110": "19.18",
        "201111": "18.58",
        "201112": "18.58",
        "201201": "18.16",
        "201202": "18.78",
        "201203": "21.05",
        "201204": "22.06",
        "201205": "28.42",
        "201206": "29.80",
        "201207": "21.55",
        "201208": "24.35",
        "201209": "25.79",
        "201210": "24.58",
        "201211": "23.56",
        "201212": "23.27",
        "201301": "24.55",
        "201302": "23.19",
        "201303": "22.56",
        "201304": "22.18",
        "201305": "21.68",
        "201306": "22.14",
        "201307": "21.96",
        "201308": "21.85",
        "201309": "21.74",
        "201310": "20.26",
        "201311": "20.42",
        "201312": "20.15",
        "201401": "20.92",
        "201402": "21.92",
        "201403": "27.16",
        "201404": "26.68",
        "201405": "26.00",
        "201406": "29.70",
        "201407": "34.88",
        "201408": "31.90",
        "201409": "31.75",
        "201410": "31.90",
        "201411": "31.24",
        "201412": "32.79",
        "201501": "34.72",
        "201502": "35.60",
        "201503": "36.98",
        "201504": "37.46",
        "201505": "39.07",
        "201506": "44.40",
        "201507": "51.65",
        "201508": "39.48",
        "201509": "38.36",
        "201510": "40.77",
        "201511": "41.36",
        "201512": "44.30",
        "201601": "45.98",
        "201602": "51.80",
        "201603": "55.63",
        "201604": "52.16",
        "201605": "48.68",
        "201606": "49.97",
        "201607": "48.46",
        "201608": "49.18",
        "201609": "46.72",
        "201610": "44.10",
        "201611": "42.01",
        "201612": "44.31",
        "201701": "44.56",
        "201702": "48.16",
        "201703": "46.74",
        "201704": "42.62",
        "201705": "44.54",
        "201706": "45.97",
        "201707": "47.29",
        "201708": "49.39",
        "201709": "52.79",
        "201710": "62.02",
        "201711": "69.63",
        "201712": "70.58",
        "201801": "71.14",
        "201802": "67.44",
        "201803": "70.15",
        "201804": "68.94",
        "201805": "68.77",
        "201806": "68.75",
        "201807": "66.21",
        "201808": "66.80",
        "201809": "62.27",
        "201810": "56.81",
        "201811": "62.45",
        "201812": "64.28",
        "201901": "61.28",
        "201902": "61.89",
        "201903": "60.45",
        "201904": "60.44",
        "201905": "60.60",
        "201906": "62.76",
        "201907": "60.84",
        "201908": "59.89",
        "201909": "61.74",
        "201910": "60.33",
        "201911": "58.33",
        "201912": "59.06",
        "202001": "57.91",
        "202002": "55.06",
        "202003": "49.23",
        "202004": "49.64",
        "202005": "49.38",
        "202006": "48.58",
        "202007": "48.81",
        "202008": "46.84",
        "202009": "46.45",
        "202010": "46.62",
        "202011": "51.13",
        "202012": "51.69",
        "202101": "50.74",
        "202102": "50.11",
        "202103": "50.90",
        "202104": "52.61",
        "202105": "53.65",
        "202106": "53.69",
        "202107": "53.40",
        "202108": "53.28",
        "202109": "51.63",
        "202110": "51.27",
        "202111": "50.77",
        "202112": "53.67",
        "202201": "53.63",
        "202202": "53.56",
        "202203": "53.24",
        "202204": "52.47",
        "202205": "52.01",
        "202206": "51.90",
        "202207": "51.78",
        "202208": "52.66",
        "202209": "51.73",
        "202210": "51.63",
        "202211": "50.59",
        "202212": "50.86",
        "202301": "51.09",
        "202302": "50.80",
        "202303": "51.06",
        "202304": "51.05",
        "202305": "50.71"
    },
    "quarters": {
        "20011": {
            "year_quarter": 20011,
            "year": 2001,
            "quarter": 1,
            "eps": 0.27,
            "eps_growth_year": null,
            "eps_4q": null,
            "eps_4q_growth_year": null,
            "roe": 2.09,
            "gross_profit": 66938,
            "gross_margin": 37.82,
            "net_income": 17649,
            "revenue": 177004,
            "common_shares": 608860,
            "equity": 855106,
            "current_ratio": 189.09,
            "debt_ratio": 29.31,
            "inventory_turnover_ratio": 0.51,
            "account_receivable_turnover_ratio": null,
            "reinvestment_rate": null,
            "research_to_sale_ratio": null,
            "price_fair": 0,
            "eps_avg_yearly": 0,
            "eps_latest_yearly": 0,
            "eps_growth_yearly": 0
        },
        "20012": {
            "year_quarter": 20012,
            "year": 2001,
            "quarter": 2,
            "eps": 0.16,
            "eps_growth_year": null,
            "eps_4q": null,
            "eps_4q_growth_year": null,
            "roe": 1.17,
            "gross_profit": 53222,
            "gross_margin": 44.81,
            "net_income": 9966,
            "revenue": 118767,
            "common_shares": 646823,
            "equity": 852893,
            "current_ratio": 161.33,
            "debt_ratio": 34.63,
            "inventory_turnover_ratio": 0.35,
            "account_receivable_turnover_ratio": null,
            "reinvestment_rate": null,
            "research_to_sale_ratio": null,
            "price_fair": 0,
            "eps_avg_yearly": 0,
            "eps_latest_yearly": 0,
            "eps_growth_yearly": 0
        },
        "20013": {
            "year_quarter": 20013,
            "year": 2001,
            "quarter": 3,
            "eps": 0.58,
            "eps_growth_year": null,
            "eps_4q": null,
            "eps_4q_growth_year": null,
            "roe": 4.3,
            "gross_profit": 108418,
            "gross_margin": 21.29,
            "net_income": 37513,
            "revenue": 509220,
            "common_shares": 646823,
            "equity": 890406,
            "current_ratio": 155.93,
            "debt_ratio": 38.84,
            "inventory_turnover_ratio": 2.02,
            "account_receivable_turnover_ratio": null,
            "reinvestment_rate": null,
            "research_to_sale_ratio": null,
            "price_fair": 0,
            "eps_avg_yearly": 0,
            "eps_latest_yearly": 0,
            "eps_growth_yearly": 0
        },
        "20014": {
            "year_quarter": 20014,
            "year": 2001,
            "quarter": 4,
            "eps": 0.46,
            "eps_growth_year": null,
            "eps_4q": 1.47,
            "eps_4q_growth_year": null,
            "roe": 3.26,
            "gross_profit": 114135,
            "gross_margin": 36.84,
            "net_income": 29553,
            "revenue": 309801,
            "common_shares": 646823,
            "equity": 924798,
            "current_ratio": 157.74,
            "debt_ratio": 43.66,
            "inventory_turnover_ratio": 0.76,
            "account_receivable_turnover_ratio": null,
            "reinvestment_rate": null,
            "research_to_sale_ratio": null,
            "price_fair": 0,
            "eps_avg_yearly": 0,
            "eps_latest_yearly": 0,
            "eps_growth_yearly": 0
        },
        "20021": {
            "year_quarter": 20021,
            "year": 2002,
            "quarter": 1,
            "eps": 0.33,
            "eps_growth_year": 22.22,
            "eps_4q": 1.52,
            "eps_4q_growth_year": null,
            "roe": 2.31,
            "gross_profit": 74946,
            "gross_margin": 29.7,
            "net_income": 21444,
            "revenue": 252378,
            "common_shares": 646823,
            "equity": 934115,
            "current_ratio": 220.19,
            "debt_ratio": 24.59,
            "inventory_turnover_ratio": 0.71,
            "account_receivable_turnover_ratio": null,
            "reinvestment_rate": null,
            "research_to_sale_ratio": null,
            "price_fair": 3.96,
            "eps_avg_yearly": 1.32,
            "eps_latest_yearly": 1.32,
            "eps_growth_yearly": -113.04
        },
        "20022": {
            "year_quarter": 20022,
            "year": 2002,
            "quarter": 2,
            "eps": 0.24,
            "eps_growth_year": 50,
            "eps_4q": 1.6,
            "eps_4q_growth_year": null,
            "roe": 1.72,
            "gross_profit": 69074,
            "gross_margin": 44.07,
            "net_income": 15608,
            "revenue": 156735,
            "common_shares": 646823,
            "equity": 877836,
            "current_ratio": 196.99,
            "debt_ratio": 25.78,
            "inventory_turnover_ratio": 0.48,
            "account_receivable_turnover_ratio": null,
            "reinvestment_rate": null,
            "research_to_sale_ratio": null,
            "price_fair": 3.42,
            "eps_avg_yearly": 1.14,
            "eps_latest_yearly": 0.96,
            "eps_growth_yearly": -111.07
        },
        "20023": {
            "year_quarter": 20023,
            "year": 2002,
            "quarter": 3,
            "eps": 0.22,
            "eps_growth_year": -62.07,
            "eps_4q": 1.22,
            "eps_4q_growth_year": null,
            "roe": 1.69,
            "gross_profit": 60661,
            "gross_margin": 31.29,
            "net_income": 14711,
            "revenue": 193883,
            "common_shares": 679350,
            "equity": 861686,
            "current_ratio": 216.59,
            "debt_ratio": 23.3,
            "inventory_turnover_ratio": 0.85,
            "account_receivable_turnover_ratio": null,
            "reinvestment_rate": null,
            "research_to_sale_ratio": null,
            "price_fair": 3.16,
            "eps_avg_yearly": 1.05,
            "eps_latest_yearly": 0.88,
            "eps_growth_yearly": -85.16
        },
        "20024": {
            "year_quarter": 20024,
            "year": 2002,
            "quarter": 4,
            "eps": 0.16,
            "eps_growth_year": -65.22,
            "eps_4q": 0.93,
            "eps_4q_growth_year": -37.15,
            "roe": 1.26,
            "gross_profit": 82523,
            "gross_margin": 37.47,
            "net_income": 10809,
            "revenue": 220229,
            "common_shares": 679350,
            "equity": 848934,
            "current_ratio": 174.74,
            "debt_ratio": 22.44,
            "inventory_turnover_ratio": 1.01,
            "account_receivable_turnover_ratio": null,
            "reinvestment_rate": null,
            "research_to_sale_ratio": null,
            "price_fair": 2.85,
            "eps_avg_yearly": 0.95,
            "eps_latest_yearly": 0.64,
            "eps_growth_yearly": -91.14
        },
        "20031": {
            "year_quarter": 20031,
            "year": 2003,
            "quarter": 1,
            "eps": 0.15,
            "eps_growth_year": -54.55,
            "eps_4q": 0.82,
            "eps_4q_growth_year": -46.15,
            "roe": 1.09,
            "gross_profit": 51446,
            "gross_margin": 40.37,
            "net_income": 9263,
            "revenue": 127451,
            "common_shares": 679350,
            "equity": 847722,
            "current_ratio": 189.31,
            "debt_ratio": 18.6,
            "inventory_turnover_ratio": 0.56,
            "account_receivable_turnover_ratio": null,
            "reinvestment_rate": null,
            "research_to_sale_ratio": null,
            "price_fair": 2.64,
            "eps_avg_yearly": 0.88,
            "eps_latest_yearly": 0.6,
            "eps_growth_yearly": -77.91
        },
        "20032": {
            "year_quarter": 20032,
            "year": 2003,
            "quarter": 2,
            "eps": -0.05,
            "eps_growth_year": -120.83,
            "eps_4q": 0.47,
            "eps_4q_growth_year": -70.93,
            "roe": -0.39,
            "gross_profit": 44313,
            "gross_margin": 45.24,
            "net_income": -3167,
            "revenue": 97943,
            "common_shares": 679350,
            "equity": 781420,
            "current_ratio": 146.72,
            "debt_ratio": 22.81,
            "inventory_turnover_ratio": 0.38,
            "account_receivable_turnover_ratio": null,
            "reinvestment_rate": null,
            "research_to_sale_ratio": null,
            "price_fair": 2.64,
            "eps_avg_yearly": 0.88,
            "eps_latest_yearly": 0.6,
            "eps_growth_yearly": -77.91
        },
        "20033": {
            "year_quarter": 20033,
            "year": 2003,
            "quarter": 3,
            "eps": -0.06,
            "eps_growth_year": -127.27,
            "eps_4q": 0.19,
            "eps_4q_growth_year": -84.36,
            "roe": -0.5,
            "gross_profit": 29067,
            "gross_margin": 29.85,
            "net_income": -3985,
            "revenue": 97381,
            "common_shares": 679350,
            "equity": 813974,
            "current_ratio": 150.27,
            "debt_ratio": 23.54,
            "inventory_turnover_ratio": 0.45,
            "account_receivable_turnover_ratio": null,
            "reinvestment_rate": null,
            "research_to_sale_ratio": null,
            "price_fair": 2.64,
            "eps_avg_yearly": 0.88,
            "eps_latest_yearly": 0.6,
            "eps_growth_yearly": -77.91
        },
        "20034": {
            "year_quarter": 20034,
            "year": 2003,
            "quarter": 4,
            "eps": 0.16,
            "eps_growth_year": 0,
            "eps_4q": 0.19,
            "eps_4q_growth_year": -79.07,
            "roe": 1.22,
            "gross_profit": 69122,
            "gross_margin": 34.19,
            "net_income": 9988,
            "revenue": 202196,
            "common_shares": 679350,
            "equity": 824062,
            "current_ratio": 163.4,
            "debt_ratio": 25.42,
            "inventory_turnover_ratio": 0.93,
            "account_receivable_turnover_ratio": null,
            "reinvestment_rate": null,
            "research_to_sale_ratio": null,
            "price_fair": 2.64,
            "eps_avg_yearly": 0.88,
            "eps_latest_yearly": 0.6,
            "eps_growth_yearly": -77.91
        },
        "20041": {
            "year_quarter": 20041,
            "year": 2004,
            "quarter": 1,
            "eps": -0.17,
            "eps_growth_year": -213.33,
            "eps_4q": -0.13,
            "eps_4q_growth_year": -115.35,
            "roe": -1.32,
            "gross_profit": 33199,
            "gross_margin": 38.32,
            "net_income": -10775,
            "revenue": 86641,
            "common_shares": 679350,
            "equity": 811494,
            "current_ratio": 150.49,
            "debt_ratio": 25.03,
            "inventory_turnover_ratio": 0.45,
            "account_receivable_turnover_ratio": null,
            "reinvestment_rate": null,
            "research_to_sale_ratio": null,
            "price_fair": 2.64,
            "eps_avg_yearly": 0.88,
            "eps_latest_yearly": 0.6,
            "eps_growth_yearly": -77.91
        },
        "20042": {
            "year_quarter": 20042,
            "year": 2004,
            "quarter": 2,
            "eps": -0.09,
            "eps_growth_year": null,
            "eps_4q": -0.16,
            "eps_4q_growth_year": -133.53,
            "roe": -0.72,
            "gross_profit": 37302,
            "gross_margin": 39.38,
            "net_income": -5829,
            "revenue": 94729,
            "common_shares": 679350,
            "equity": 807414,
            "current_ratio": 136.03,
            "debt_ratio": 27.94,
            "inventory_turnover_ratio": 0.45,
            "account_receivable_turnover_ratio": null,
            "reinvestment_rate": null,
            "research_to_sale_ratio": null,
            "price_fair": 2.64,
            "eps_avg_yearly": 0.88,
            "eps_latest_yearly": 0.6,
            "eps_growth_yearly": -77.91
        },
        "20043": {
            "year_quarter": 20043,
            "year": 2004,
            "quarter": 3,
            "eps": 0.07,
            "eps_growth_year": null,
            "eps_4q": -0.03,
            "eps_4q_growth_year": -113.75,
            "roe": 0.59,
            "gross_profit": 48690,
            "gross_margin": 42.02,
            "net_income": 4817,
            "revenue": 115867,
            "common_shares": 679350,
            "equity": 812831,
            "current_ratio": 135.91,
            "debt_ratio": 29.78,
            "inventory_turnover_ratio": 0.4,
            "account_receivable_turnover_ratio": null,
            "reinvestment_rate": null,
            "research_to_sale_ratio": null,
            "price_fair": 2.64,
            "eps_avg_yearly": 0.88,
            "eps_latest_yearly": 0.6,
            "eps_growth_yearly": -77.91
        },
        "20044": {
            "year_quarter": 20044,
            "year": 2004,
            "quarter": 4,
            "eps": -0.36,
            "eps_growth_year": -325,
            "eps_4q": -0.54,
            "eps_4q_growth_year": -378.61,
            "roe": -2.86,
            "gross_profit": 31712,
            "gross_margin": 27.24,
            "net_income": -22828,
            "revenue": 116419,
            "common_shares": 679350,
            "equity": 784203,
            "current_ratio": 166.33,
            "debt_ratio": 25.1,
            "inventory_turnover_ratio": 0.48,
            "account_receivable_turnover_ratio": null,
            "reinvestment_rate": -139.03,
            "research_to_sale_ratio": null,
            "price_fair": 2.64,
            "eps_avg_yearly": 0.88,
            "eps_latest_yearly": 0.6,
            "eps_growth_yearly": -77.91
        },
        "20051": {
            "year_quarter": 20051,
            "year": 2005,
            "quarter": 1,
            "eps": -0.85,
            "eps_growth_year": null,
            "eps_4q": -1.23,
            "eps_4q_growth_year": null,
            "roe": -7.05,
            "gross_profit": 37165,
            "gross_margin": 36.75,
            "net_income": -52957,
            "revenue": 101123,
            "common_shares": 679350,
            "equity": 718416,
            "current_ratio": 138.65,
            "debt_ratio": 27.65,
            "inventory_turnover_ratio": 0.42,
            "account_receivable_turnover_ratio": null,
            "reinvestment_rate": -322.71,
            "research_to_sale_ratio": null,
            "price_fair": 2.64,
            "eps_avg_yearly": 0.88,
            "eps_latest_yearly": 0.6,
            "eps_growth_yearly": -77.91
        },
        "20052": {
            "year_quarter": 20052,
            "year": 2005,
            "quarter": 2,
            "eps": 0.21,
            "eps_growth_year": null,
            "eps_4q": -0.92,
            "eps_4q_growth_year": null,
            "roe": 1.82,
            "gross_profit": 43246,
            "gross_margin": 41.94,
            "net_income": 13158,
            "revenue": 103119,
            "common_shares": 679350,
            "equity": 725090,
            "current_ratio": 139.31,
            "debt_ratio": 27.09,
            "inventory_turnover_ratio": 0.41,
            "account_receivable_turnover_ratio": null,
            "reinvestment_rate": -310.38,
            "research_to_sale_ratio": null,
            "price_fair": 2.64,
            "eps_avg_yearly": 0.88,
            "eps_latest_yearly": 0.6,
            "eps_growth_yearly": -77.91
        },
        "20053": {
            "year_quarter": 20053,
            "year": 2005,
            "quarter": 3,
            "eps": 0.33,
            "eps_growth_year": 371.43,
            "eps_4q": -0.65,
            "eps_4q_growth_year": null,
            "roe": 2.87,
            "gross_profit": 43258,
            "gross_margin": 35.7,
            "net_income": 21119,
            "revenue": 121174,
            "common_shares": 633640,
            "equity": 748970,
            "current_ratio": 133.13,
            "debt_ratio": 35.24,
            "inventory_turnover_ratio": 0.41,
            "account_receivable_turnover_ratio": null,
            "reinvestment_rate": -407.08,
            "research_to_sale_ratio": null,
            "price_fair": 2.86,
            "eps_avg_yearly": 0.95,
            "eps_latest_yearly": 1.32,
            "eps_growth_yearly": -26.83
        },
        "20054": {
            "year_quarter": 20054,
            "year": 2005,
            "quarter": 4,
            "eps": 0.6,
            "eps_growth_year": null,
            "eps_4q": 0.3,
            "eps_4q_growth_year": null,
            "roe": 4.83,
            "gross_profit": 59281,
            "gross_margin": 40.85,
            "net_income": 37004,
            "revenue": 145111,
            "common_shares": 615800,
            "equity": 783807,
            "current_ratio": 143.32,
            "debt_ratio": 37.45,
            "inventory_turnover_ratio": 0.28,
            "account_receivable_turnover_ratio": null,
            "reinvestment_rate": -360.64,
            "research_to_sale_ratio": null,
            "price_fair": 39.16,
            "eps_avg_yearly": 1.16,
            "eps_latest_yearly": 2.4,
            "eps_growth_yearly": 23.76
        },
        "20061": {
            "year_quarter": 20061,
            "year": 2006,
            "quarter": 1,
            "eps": 0.18,
            "eps_growth_year": null,
            "eps_4q": 1.33,
            "eps_4q_growth_year": null,
            "roe": 1.43,
            "gross_profit": 44084,
            "gross_margin": 36.09,
            "net_income": 11163,
            "revenue": 122140,
            "common_shares": 615800,
            "equity": 782682,
            "current_ratio": 123.43,
            "debt_ratio": 39.18,
            "inventory_turnover_ratio": 0.2,
            "account_receivable_turnover_ratio": null,
            "reinvestment_rate": -486.47,
            "research_to_sale_ratio": null,
            "price_fair": 3.22,
            "eps_avg_yearly": 1.07,
            "eps_latest_yearly": 0.72,
            "eps_growth_yearly": -0.1
        },
        "20062": {
            "year_quarter": 20062,
            "year": 2006,
            "quarter": 2,
            "eps": 0.26,
            "eps_growth_year": 23.81,
            "eps_4q": 1.42,
            "eps_4q_growth_year": null,
            "roe": 1.98,
            "gross_profit": 55115,
            "gross_margin": 35.48,
            "net_income": 15541,
            "revenue": 155344,
            "common_shares": 615800,
            "equity": 788243,
            "current_ratio": 128.02,
            "debt_ratio": 37.37,
            "inventory_turnover_ratio": 0.24,
            "account_receivable_turnover_ratio": null,
            "reinvestment_rate": -555.65,
            "research_to_sale_ratio": null,
            "price_fair": 38,
            "eps_avg_yearly": 1.09,
            "eps_latest_yearly": 1.04,
            "eps_growth_yearly": 40.89
        },
        "20063": {
            "year_quarter": 20063,
            "year": 2006,
            "quarter": 3,
            "eps": 0.44,
            "eps_growth_year": 33.33,
            "eps_4q": 1.52,
            "eps_4q_growth_year": null,
            "roe": 3.25,
            "gross_profit": 43760,
            "gross_margin": 40.18,
            "net_income": 26023,
            "revenue": 108920,
            "common_shares": 615800,
            "equity": 814739,
            "current_ratio": 131.14,
            "debt_ratio": 34.49,
            "inventory_turnover_ratio": 0.16,
            "account_receivable_turnover_ratio": null,
            "reinvestment_rate": -443.85,
            "research_to_sale_ratio": null,
            "price_fair": 42.4,
            "eps_avg_yearly": 1.21,
            "eps_latest_yearly": 1.76,
            "eps_growth_yearly": 85.21
        },
        "20064": {
            "year_quarter": 20064,
            "year": 2006,
            "quarter": 4,
            "eps": 0.25,
            "eps_growth_year": -58.33,
            "eps_4q": 1.15,
            "eps_4q_growth_year": 285.79,
            "roe": 1.8,
            "gross_profit": 49110,
            "gross_margin": 36.69,
            "net_income": 14708,
            "revenue": 133835,
            "common_shares": 590800,
            "equity": 822795,
            "current_ratio": 178.73,
            "debt_ratio": 28.08,
            "inventory_turnover_ratio": 0.24,
            "account_receivable_turnover_ratio": null,
            "reinvestment_rate": -493.71,
            "research_to_sale_ratio": null,
            "price_fair": 44.2,
            "eps_avg_yearly": 1.26,
            "eps_latest_yearly": 1,
            "eps_growth_yearly": 76.12
        },
        "20071": {
            "year_quarter": 20071,
            "year": 2007,
            "quarter": 1,
            "eps": 0.17,
            "eps_growth_year": -5.56,
            "eps_4q": 1.13,
            "eps_4q_growth_year": -15.1,
            "roe": 1.2,
            "gross_profit": 33035,
            "gross_margin": 37.03,
            "net_income": 9979,
            "revenue": 89211,
            "common_shares": 590800,
            "equity": 834069,
            "current_ratio": 155.65,
            "debt_ratio": 26.2,
            "inventory_turnover_ratio": 0.19,
            "account_receivable_turnover_ratio": null,
            "reinvestment_rate": -460.02,
            "research_to_sale_ratio": null,
            "price_fair": 44.6,
            "eps_avg_yearly": 1.27,
            "eps_latest_yearly": 0.68,
            "eps_growth_yearly": 61.4
        },
        "20072": {
            "year_quarter": 20072,
            "year": 2007,
            "quarter": 2,
            "eps": 0.19,
            "eps_growth_year": -26.92,
            "eps_4q": 1.05,
            "eps_4q_growth_year": -25.8,
            "roe": 1.35,
            "gross_profit": 42046,
            "gross_margin": 41.28,
            "net_income": 11165,
            "revenue": 101867,
            "common_shares": 590800,
            "equity": 823808,
            "current_ratio": 147.81,
            "debt_ratio": 27.38,
            "inventory_turnover_ratio": 0.2,
            "account_receivable_turnover_ratio": null,
            "reinvestment_rate": -372.53,
            "research_to_sale_ratio": null,
            "price_fair": 42.35,
            "eps_avg_yearly": 1.21,
            "eps_latest_yearly": 0.76,
            "eps_growth_yearly": 59.61
        },
        "20073": {
            "year_quarter": 20073,
            "year": 2007,
            "quarter": 3,
            "eps": 0.37,
            "eps_growth_year": -15.91,
            "eps_4q": 0.99,
            "eps_4q_growth_year": -34.89,
            "roe": 2.58,
            "gross_profit": 55304,
            "gross_margin": 42.53,
            "net_income": 21469,
            "revenue": 130043,
            "common_shares": 590800,
            "equity": 843289,
            "current_ratio": 139.55,
            "debt_ratio": 29.19,
            "inventory_turnover_ratio": 0.25,
            "account_receivable_turnover_ratio": null,
            "reinvestment_rate": -256.96,
            "research_to_sale_ratio": null,
            "price_fair": 43.4,
            "eps_avg_yearly": 1.24,
            "eps_latest_yearly": 1.48,
            "eps_growth_yearly": 95.09
        },
        "20074": {
            "year_quarter": 20074,
            "year": 2007,
            "quarter": 4,
            "eps": 0.31,
            "eps_growth_year": 24,
            "eps_4q": 1.05,
            "eps_4q_growth_year": -8.09,
            "roe": 2.04,
            "gross_profit": 66993,
            "gross_margin": 42.83,
            "net_income": 17768,
            "revenue": 156407,
            "common_shares": 590800,
            "equity": 900124,
            "current_ratio": 195.95,
            "debt_ratio": 27.97,
            "inventory_turnover_ratio": 0.29,
            "account_receivable_turnover_ratio": null,
            "reinvestment_rate": -244.39,
            "research_to_sale_ratio": null,
            "price_fair": 43.4,
            "eps_avg_yearly": 1.24,
            "eps_latest_yearly": 1.24,
            "eps_growth_yearly": 79.1
        },
        "20081": {
            "year_quarter": 20081,
            "year": 2008,
            "quarter": 1,
            "eps": 0.24,
            "eps_growth_year": 41.18,
            "eps_4q": 1.22,
            "eps_4q_growth_year": 8.53,
            "roe": 1.41,
            "gross_profit": 57898,
            "gross_margin": 37.37,
            "net_income": 12663,
            "revenue": 154917,
            "common_shares": 590800,
            "equity": 898342,
            "current_ratio": 207.4,
            "debt_ratio": 26.24,
            "inventory_turnover_ratio": 0.32,
            "account_receivable_turnover_ratio": null,
            "reinvestment_rate": -117.56,
            "research_to_sale_ratio": null,
            "price_fair": 42.51,
            "eps_avg_yearly": 1.21,
            "eps_latest_yearly": 0.96,
            "eps_growth_yearly": 63.69
        },
        "20082": {
            "year_quarter": 20082,
            "year": 2008,
            "quarter": 2,
            "eps": 0.1,
            "eps_growth_year": -47.37,
            "eps_4q": 0.6,
            "eps_4q_growth_year": -42.6,
            "roe": 1.11,
            "gross_profit": 52544,
            "gross_margin": 31.64,
            "net_income": 9842,
            "revenue": 166053,
            "common_shares": 582400,
            "equity": 875240,
            "current_ratio": 200.82,
            "debt_ratio": 26.13,
            "inventory_turnover_ratio": 0.41,
            "account_receivable_turnover_ratio": null,
            "reinvestment_rate": -82.52,
            "research_to_sale_ratio": null,
            "price_fair": 40.13,
            "eps_avg_yearly": 1.15,
            "eps_latest_yearly": 0.4,
            "eps_growth_yearly": 38.94
        },
        "20083": {
            "year_quarter": 20083,
            "year": 2008,
            "quarter": 3,
            "eps": 0.39,
            "eps_growth_year": 5.41,
            "eps_4q": 0.89,
            "eps_4q_growth_year": -10.15,
            "roe": 3.04,
            "gross_profit": 66969,
            "gross_margin": 34.42,
            "net_income": 26741,
            "revenue": 194566,
            "common_shares": 582400,
            "equity": 884151,
            "current_ratio": 207.95,
            "debt_ratio": 25.29,
            "inventory_turnover_ratio": 0.52,
            "account_receivable_turnover_ratio": null,
            "reinvestment_rate": -71.22,
            "research_to_sale_ratio": null,
            "price_fair": 41.25,
            "eps_avg_yearly": 1.18,
            "eps_latest_yearly": 1.56,
            "eps_growth_yearly": 125.18
        },
        "20084": {
            "year_quarter": 20084,
            "year": 2008,
            "quarter": 4,
            "eps": 0.24,
            "eps_growth_year": -22.58,
            "eps_4q": 0.78,
            "eps_4q_growth_year": -25.96,
            "roe": 1.98,
            "gross_profit": 65082,
            "gross_margin": 43.48,
            "net_income": 17632,
            "revenue": 149668,
            "common_shares": 563500,
            "equity": 898024,
            "current_ratio": 227.11,
            "debt_ratio": 22.76,
            "inventory_turnover_ratio": 0.4,
            "account_receivable_turnover_ratio": 3.61,
            "reinvestment_rate": -63.2,
            "research_to_sale_ratio": null,
            "price_fair": 40.7,
            "eps_avg_yearly": 1.16,
            "eps_latest_yearly": 0.96,
            "eps_growth_yearly": 105.25
        },
        "20091": {
            "year_quarter": 20091,
            "year": 2009,
            "quarter": 1,
            "eps": -0.14,
            "eps_growth_year": -158.33,
            "eps_4q": 0.62,
            "eps_4q_growth_year": -49.05,
            "roe": -0.96,
            "gross_profit": 27789,
            "gross_margin": 7.64,
            "net_income": -8608,
            "revenue": 363837,
            "common_shares": 563500,
            "equity": 891894,
            "current_ratio": 270.94,
            "debt_ratio": 18.82,
            "inventory_turnover_ratio": 1.97,
            "account_receivable_turnover_ratio": 3.6,
            "reinvestment_rate": -42.57,
            "research_to_sale_ratio": null,
            "price_fair": 40.7,
            "eps_avg_yearly": 1.16,
            "eps_latest_yearly": 0.96,
            "eps_growth_yearly": 105.25
        },
        "20092": {
            "year_quarter": 20092,
            "year": 2009,
            "quarter": 2,
            "eps": -0.09,
            "eps_growth_year": -190,
            "eps_4q": 0.43,
            "eps_4q_growth_year": -29.6,
            "roe": -0.77,
            "gross_profit": 35212,
            "gross_margin": 32.41,
            "net_income": -6775,
            "revenue": 108646,
            "common_shares": 563500,
            "equity": 860463,
            "current_ratio": 230.08,
            "debt_ratio": 21.81,
            "inventory_turnover_ratio": 0.53,
            "account_receivable_turnover_ratio": 0.96,
            "reinvestment_rate": -45.75,
            "research_to_sale_ratio": null,
            "price_fair": 40.7,
            "eps_avg_yearly": 1.16,
            "eps_latest_yearly": 0.96,
            "eps_growth_yearly": 105.25
        },
        "20093": {
            "year_quarter": 20093,
            "year": 2009,
            "quarter": 3,
            "eps": -0.16,
            "eps_growth_year": -141.03,
            "eps_4q": -0.14,
            "eps_4q_growth_year": -115.73,
            "roe": -0.79,
            "gross_profit": 42544,
            "gross_margin": 35.05,
            "net_income": -6749,
            "revenue": 121397,
            "common_shares": 563500,
            "equity": 852249,
            "current_ratio": 221.95,
            "debt_ratio": 22.39,
            "inventory_turnover_ratio": 0.62,
            "account_receivable_turnover_ratio": 1.08,
            "reinvestment_rate": -51.23,
            "research_to_sale_ratio": null,
            "price_fair": 40.28,
            "eps_avg_yearly": 1.15,
            "eps_latest_yearly": 0.96,
            "eps_growth_yearly": 95.76
        },
        "20094": {
            "year_quarter": 20094,
            "year": 2009,
            "quarter": 4,
            "eps": -0.03,
            "eps_growth_year": -112.5,
            "eps_4q": -0.42,
            "eps_4q_growth_year": -154.2,
            "roe": 0.14,
            "gross_profit": 46336,
            "gross_margin": 41.41,
            "net_income": 1172,
            "revenue": 111891,
            "common_shares": 563500,
            "equity": 853221,
            "current_ratio": 343.63,
            "debt_ratio": 22.71,
            "inventory_turnover_ratio": 0.58,
            "account_receivable_turnover_ratio": 1.56,
            "reinvestment_rate": -51.49,
            "research_to_sale_ratio": null,
            "price_fair": 36.63,
            "eps_avg_yearly": 1.05,
            "eps_latest_yearly": 0.96,
            "eps_growth_yearly": 76.47
        },
        "20101": {
            "year_quarter": 20101,
            "year": 2010,
            "quarter": 1,
            "eps": 0.12,
            "eps_growth_year": null,
            "eps_4q": -0.16,
            "eps_4q_growth_year": -125.52,
            "roe": 0.83,
            "gross_profit": 28585,
            "gross_margin": 35.96,
            "net_income": 7094,
            "revenue": 79502,
            "common_shares": 564900,
            "equity": 863929,
            "current_ratio": 1049.66,
            "debt_ratio": 46.07,
            "inventory_turnover_ratio": 0.47,
            "account_receivable_turnover_ratio": 0.78,
            "reinvestment_rate": -43.72,
            "research_to_sale_ratio": 21.21,
            "price_fair": 37.67,
            "eps_avg_yearly": 1.08,
            "eps_latest_yearly": 0.96,
            "eps_growth_yearly": 108.87
        },
        "20102": {
            "year_quarter": 20102,
            "year": 2010,
            "quarter": 2,
            "eps": 0.76,
            "eps_growth_year": null,
            "eps_4q": 0.7,
            "eps_4q_growth_year": 64.07,
            "roe": 4.91,
            "gross_profit": 41828,
            "gross_margin": 35.56,
            "net_income": 43455,
            "revenue": 117621,
            "common_shares": 564900,
            "equity": 907130,
            "current_ratio": 1068.4,
            "debt_ratio": 42.9,
            "inventory_turnover_ratio": 0.62,
            "account_receivable_turnover_ratio": 1.74,
            "reinvestment_rate": -0.87,
            "research_to_sale_ratio": 15.03,
            "price_fair": 44.04,
            "eps_avg_yearly": 1.26,
            "eps_latest_yearly": 3.04,
            "eps_growth_yearly": 286.65
        },
        "20103": {
            "year_quarter": 20103,
            "year": 2010,
            "quarter": 3,
            "eps": 0.81,
            "eps_growth_year": null,
            "eps_4q": 1.67,
            "eps_4q_growth_year": null,
            "roe": 5.58,
            "gross_profit": 69632,
            "gross_margin": 42.98,
            "net_income": 52059,
            "revenue": 162023,
            "common_shares": 564900,
            "equity": 957804,
            "current_ratio": 972.42,
            "debt_ratio": 40.26,
            "inventory_turnover_ratio": 0.65,
            "account_receivable_turnover_ratio": 1.82,
            "reinvestment_rate": -0.56,
            "research_to_sale_ratio": 11.96,
            "price_fair": 48.75,
            "eps_avg_yearly": 1.39,
            "eps_latest_yearly": 3.24,
            "eps_growth_yearly": 263.87
        },
        "20104": {
            "year_quarter": 20104,
            "year": 2010,
            "quarter": 4,
            "eps": 0.69,
            "eps_growth_year": null,
            "eps_4q": 2.39,
            "eps_4q_growth_year": null,
            "roe": 4.03,
            "gross_profit": 69681,
            "gross_margin": 45.58,
            "net_income": 39338,
            "revenue": 152876,
            "common_shares": 565075,
            "equity": 992216,
            "current_ratio": 1413.18,
            "debt_ratio": 35.7,
            "inventory_turnover_ratio": 0.61,
            "account_receivable_turnover_ratio": 1.81,
            "reinvestment_rate": 2.3,
            "research_to_sale_ratio": 13.23,
            "price_fair": 54.35,
            "eps_avg_yearly": 1.55,
            "eps_latest_yearly": 2.76,
            "eps_growth_yearly": 274.18
        },
        "20111": {
            "year_quarter": 20111,
            "year": 2011,
            "quarter": 1,
            "eps": 0.58,
            "eps_growth_year": 383.33,
            "eps_4q": 2.84,
            "eps_4q_growth_year": null,
            "roe": 3.3,
            "gross_profit": 30344,
            "gross_margin": 37.06,
            "net_income": 33322,
            "revenue": 81876,
            "common_shares": 565175,
            "equity": 1028185,
            "current_ratio": 1691.28,
            "debt_ratio": 32.14,
            "inventory_turnover_ratio": 0.42,
            "account_receivable_turnover_ratio": 1.25,
            "reinvestment_rate": 3.68,
            "research_to_sale_ratio": 25.07,
            "price_fair": 59.56,
            "eps_avg_yearly": 1.7,
            "eps_latest_yearly": 2.32,
            "eps_growth_yearly": 280.02
        },
        "20112": {
            "year_quarter": 20112,
            "year": 2011,
            "quarter": 2,
            "eps": 0.34,
            "eps_growth_year": -55.99,
            "eps_4q": 2.42,
            "eps_4q_growth_year": 246.79,
            "roe": 1.73,
            "gross_profit": 16072,
            "gross_margin": 19.99,
            "net_income": 17662,
            "revenue": 80390,
            "common_shares": 566275,
            "equity": 1013984,
            "current_ratio": 1055.69,
            "debt_ratio": 32.01,
            "inventory_turnover_ratio": 0.52,
            "account_receivable_turnover_ratio": 1.17,
            "reinvestment_rate": 4.76,
            "research_to_sale_ratio": 23.4,
            "price_fair": 61.47,
            "eps_avg_yearly": 1.76,
            "eps_latest_yearly": 1.36,
            "eps_growth_yearly": 260.7
        },
        "20113": {
            "year_quarter": 20113,
            "year": 2011,
            "quarter": 3,
            "eps": 0.57,
            "eps_growth_year": -29.98,
            "eps_4q": 2.17,
            "eps_4q_growth_year": 29.82,
            "roe": 3.26,
            "gross_profit": 21095,
            "gross_margin": 21.59,
            "net_income": 33719,
            "revenue": 97693,
            "common_shares": 567175,
            "equity": 1053165,
            "current_ratio": 1437.72,
            "debt_ratio": 27.27,
            "inventory_turnover_ratio": 0.66,
            "account_receivable_turnover_ratio": 1.31,
            "reinvestment_rate": 6.46,
            "research_to_sale_ratio": 19.68,
            "price_fair": 64.02,
            "eps_avg_yearly": 1.83,
            "eps_latest_yearly": 2.28,
            "eps_growth_yearly": 250.85
        },
        "20114": {
            "year_quarter": 20114,
            "year": 2011,
            "quarter": 4,
            "eps": -0.02,
            "eps_growth_year": -102.35,
            "eps_4q": 1.64,
            "eps_4q_growth_year": -31.53,
            "roe": -0.32,
            "gross_profit": 15300,
            "gross_margin": 21.75,
            "net_income": -3230,
            "revenue": 70332,
            "common_shares": 511667,
            "equity": 994130,
            "current_ratio": 1561.25,
            "debt_ratio": 25.11,
            "inventory_turnover_ratio": 0.54,
            "account_receivable_turnover_ratio": 1.05,
            "reinvestment_rate": 4.41,
            "research_to_sale_ratio": 23.69,
            "price_fair": 66.08,
            "eps_avg_yearly": 1.89,
            "eps_latest_yearly": 2.28,
            "eps_growth_yearly": 282.42
        },
        "20121": {
            "year_quarter": 20121,
            "year": 2012,
            "quarter": 1,
            "eps": 0.83,
            "eps_growth_year": 43.1,
            "eps_4q": 1.81,
            "eps_4q_growth_year": -36.3,
            "roe": 4.15,
            "gross_profit": 23989,
            "gross_margin": 27.18,
            "net_income": 42216,
            "revenue": 88251,
            "common_shares": 505725,
            "equity": 1038986,
            "current_ratio": 1716.02,
            "debt_ratio": 21.02,
            "inventory_turnover_ratio": 0.73,
            "account_receivable_turnover_ratio": 1.65,
            "reinvestment_rate": 5.43,
            "research_to_sale_ratio": 17.43,
            "price_fair": 69.69,
            "eps_avg_yearly": 1.99,
            "eps_latest_yearly": 2.28,
            "eps_growth_yearly": 323.83
        },
        "20122": {
            "year_quarter": 20122,
            "year": 2012,
            "quarter": 2,
            "eps": 0.62,
            "eps_growth_year": 85.12,
            "eps_4q": 2.07,
            "eps_4q_growth_year": -14.37,
            "roe": 2.9,
            "gross_profit": 13502,
            "gross_margin": 24.9,
            "net_income": 30161,
            "revenue": 54222,
            "common_shares": 506475,
            "equity": 1041821,
            "current_ratio": 1169.57,
            "debt_ratio": 19.56,
            "inventory_turnover_ratio": 0.52,
            "account_receivable_turnover_ratio": 1.37,
            "reinvestment_rate": 6.04,
            "research_to_sale_ratio": 14.88,
            "price_fair": 77.78,
            "eps_avg_yearly": 2.22,
            "eps_latest_yearly": 2.48,
            "eps_growth_yearly": 338.52
        },
        "20123": {
            "year_quarter": 20123,
            "year": 2012,
            "quarter": 3,
            "eps": 0.89,
            "eps_growth_year": 55.59,
            "eps_4q": 2.32,
            "eps_4q_growth_year": 6.87,
            "roe": 4.31,
            "gross_profit": 18175,
            "gross_margin": 27.13,
            "net_income": 45988,
            "revenue": 66981,
            "common_shares": 508425,
            "equity": 1090312,
            "current_ratio": 1038.09,
            "debt_ratio": 16.5,
            "inventory_turnover_ratio": 0.64,
            "account_receivable_turnover_ratio": 2.11,
            "reinvestment_rate": 5.4,
            "research_to_sale_ratio": 13.3,
            "price_fair": 85.56,
            "eps_avg_yearly": 2.44,
            "eps_latest_yearly": 3.56,
            "eps_growth_yearly": 228.98
        },
        "20124": {
            "year_quarter": 20124,
            "year": 2012,
            "quarter": 4,
            "eps": 0.58,
            "eps_growth_year": null,
            "eps_4q": 2.9,
            "eps_4q_growth_year": 77.58,
            "roe": 2.78,
            "gross_profit": 29262,
            "gross_margin": 34.11,
            "net_income": 30856,
            "revenue": 85791,
            "common_shares": 512225,
            "equity": 1127236,
            "current_ratio": 1289.44,
            "debt_ratio": 11.61,
            "inventory_turnover_ratio": 0.83,
            "account_receivable_turnover_ratio": 2.18,
            "reinvestment_rate": 34.26,
            "research_to_sale_ratio": 11.16,
            "price_fair": 90.84,
            "eps_avg_yearly": 2.6,
            "eps_latest_yearly": 2.32,
            "eps_growth_yearly": 230.6
        },
        "20131": {
            "year_quarter": 20131,
            "year": 2013,
            "quarter": 1,
            "eps": -0.09,
            "eps_growth_year": -110.84,
            "eps_4q": 1.99,
            "eps_4q_growth_year": 9.63,
            "roe": -0.67,
            "gross_profit": 10297,
            "gross_margin": 20.38,
            "net_income": -7718,
            "revenue": 50527,
            "common_shares": 512225,
            "equity": 1192805,
            "current_ratio": 1903.6,
            "debt_ratio": 4.81,
            "inventory_turnover_ratio": 0.63,
            "account_receivable_turnover_ratio": 1.49,
            "reinvestment_rate": -2.88,
            "research_to_sale_ratio": 18.44,
            "price_fair": 90.84,
            "eps_avg_yearly": 2.6,
            "eps_latest_yearly": 2.32,
            "eps_growth_yearly": 230.6
        },
        "20132": {
            "year_quarter": 20132,
            "year": 2013,
            "quarter": 2,
            "eps": -0.18,
            "eps_growth_year": -128.89,
            "eps_4q": 1.19,
            "eps_4q_growth_year": -42.58,
            "roe": -0.48,
            "gross_profit": 30037,
            "gross_margin": 43.96,
            "net_income": -5672,
            "revenue": 68328,
            "common_shares": 512225,
            "equity": 1165614,
            "current_ratio": 301.61,
            "debt_ratio": 28.73,
            "inventory_turnover_ratio": 0.56,
            "account_receivable_turnover_ratio": 2.42,
            "reinvestment_rate": 0.52,
            "research_to_sale_ratio": 12.64,
            "price_fair": 90.84,
            "eps_avg_yearly": 2.6,
            "eps_latest_yearly": 2.32,
            "eps_growth_yearly": 230.6
        },
        "20133": {
            "year_quarter": 20133,
            "year": 2013,
            "quarter": 3,
            "eps": 0.05,
            "eps_growth_year": -94.36,
            "eps_4q": 0.36,
            "eps_4q_growth_year": -84.66,
            "roe": 0.12,
            "gross_profit": 21920,
            "gross_margin": 31.31,
            "net_income": 1388,
            "revenue": 70016,
            "common_shares": 512225,
            "equity": 1174354,
            "current_ratio": 1406.56,
            "debt_ratio": 28.03,
            "inventory_turnover_ratio": 0.69,
            "account_receivable_turnover_ratio": 2.15,
            "reinvestment_rate": 148.81,
            "research_to_sale_ratio": 12.85,
            "price_fair": 90.84,
            "eps_avg_yearly": 2.6,
            "eps_latest_yearly": 2.32,
            "eps_growth_yearly": 230.6
        },
        "20134": {
            "year_quarter": 20134,
            "year": 2013,
            "quarter": 4,
            "eps": 0.11,
            "eps_growth_year": -81.16,
            "eps_4q": -0.12,
            "eps_4q_growth_year": -104.04,
            "roe": 0.54,
            "gross_profit": 13666,
            "gross_margin": 22.92,
            "net_income": 6490,
            "revenue": 59636,
            "common_shares": 512225,
            "equity": 1217439,
            "current_ratio": 1146.55,
            "debt_ratio": 4.46,
            "inventory_turnover_ratio": 0.72,
            "account_receivable_turnover_ratio": 2.04,
            "reinvestment_rate": 110.41,
            "research_to_sale_ratio": 16.12,
            "price_fair": 83.3,
            "eps_avg_yearly": 2.38,
            "eps_latest_yearly": 0.44,
            "eps_growth_yearly": 255.54
        },
        "20141": {
            "year_quarter": 20141,
            "year": 2014,
            "quarter": 1,
            "eps": 0.04,
            "eps_growth_year": null,
            "eps_4q": 0.02,
            "eps_4q_growth_year": -98.93,
            "roe": -0.02,
            "gross_profit": 7346,
            "gross_margin": 17.15,
            "net_income": -301,
            "revenue": 42835,
            "common_shares": 512225,
            "equity": 1266684,
            "current_ratio": 1358.54,
            "debt_ratio": 3.79,
            "inventory_turnover_ratio": 0.59,
            "account_receivable_turnover_ratio": 1.71,
            "reinvestment_rate": 122.27,
            "research_to_sale_ratio": 24.54,
            "price_fair": 76.24,
            "eps_avg_yearly": 2.18,
            "eps_latest_yearly": 0.16,
            "eps_growth_yearly": 209.16
        },
        "20142": {
            "year_quarter": 20142,
            "year": 2014,
            "quarter": 2,
            "eps": 0.22,
            "eps_growth_year": null,
            "eps_4q": 0.42,
            "eps_4q_growth_year": -64.92,
            "roe": 0.5,
            "gross_profit": 10945,
            "gross_margin": 30.29,
            "net_income": 6510,
            "revenue": 36135,
            "common_shares": 512225,
            "equity": 1334595,
            "current_ratio": 372.06,
            "debt_ratio": 12.19,
            "inventory_turnover_ratio": 0.44,
            "account_receivable_turnover_ratio": 1.5,
            "reinvestment_rate": 151.38,
            "research_to_sale_ratio": 24,
            "price_fair": 69.36,
            "eps_avg_yearly": 1.98,
            "eps_latest_yearly": 0.88,
            "eps_growth_yearly": 178.86
        },
        "20143": {
            "year_quarter": 20143,
            "year": 2014,
            "quarter": 3,
            "eps": 0.04,
            "eps_growth_year": -20,
            "eps_4q": 0.41,
            "eps_4q_growth_year": 15.39,
            "roe": 0.12,
            "gross_profit": 15372,
            "gross_margin": 36.85,
            "net_income": 2074,
            "revenue": 41713,
            "common_shares": 512225,
            "equity": 2072554,
            "current_ratio": 628.55,
            "debt_ratio": 4.73,
            "inventory_turnover_ratio": 0.5,
            "account_receivable_turnover_ratio": 2.2,
            "reinvestment_rate": 436.24,
            "research_to_sale_ratio": 18.1,
            "price_fair": 59.56,
            "eps_avg_yearly": 1.7,
            "eps_latest_yearly": 0.16,
            "eps_growth_yearly": 146.72
        },
        "20144": {
            "year_quarter": 20144,
            "year": 2014,
            "quarter": 4,
            "eps": 0.11,
            "eps_growth_year": 2.7,
            "eps_4q": 0.41,
            "eps_4q_growth_year": null,
            "roe": 0.3,
            "gross_profit": 22350,
            "gross_margin": 36.37,
            "net_income": 6225,
            "revenue": 61453,
            "common_shares": 512225,
            "equity": 2119634,
            "current_ratio": 541.95,
            "debt_ratio": 4.83,
            "inventory_turnover_ratio": 0.79,
            "account_receivable_turnover_ratio": 3.32,
            "reinvestment_rate": 530.99,
            "research_to_sale_ratio": 11.83,
            "price_fair": 52.18,
            "eps_avg_yearly": 1.49,
            "eps_latest_yearly": 0.44,
            "eps_growth_yearly": 215.74
        },
        "20151": {
            "year_quarter": 20151,
            "year": 2015,
            "quarter": 1,
            "eps": 0.33,
            "eps_growth_year": 725,
            "eps_4q": 0.7,
            "eps_4q_growth_year": 3210.84,
            "roe": 0.63,
            "gross_profit": 9242,
            "gross_margin": 37.34,
            "net_income": 15017,
            "revenue": 24748,
            "common_shares": 512225,
            "equity": 2675918,
            "current_ratio": 623.72,
            "debt_ratio": 3.46,
            "inventory_turnover_ratio": 0.31,
            "account_receivable_turnover_ratio": 1.48,
            "reinvestment_rate": 802.56,
            "research_to_sale_ratio": 28.82,
            "price_fair": 49,
            "eps_avg_yearly": 1.4,
            "eps_latest_yearly": 1.32,
            "eps_growth_yearly": 294.27
        },
        "20152": {
            "year_quarter": 20152,
            "year": 2015,
            "quarter": 2,
            "eps": -0.29,
            "eps_growth_year": -231.82,
            "eps_4q": 0.19,
            "eps_4q_growth_year": -53.76,
            "roe": -0.55,
            "gross_profit": 8656,
            "gross_margin": 36.68,
            "net_income": -16473,
            "revenue": 23599,
            "common_shares": 512225,
            "equity": 3298773,
            "current_ratio": 465.28,
            "debt_ratio": 3.39,
            "inventory_turnover_ratio": 0.3,
            "account_receivable_turnover_ratio": 2.06,
            "reinvestment_rate": 1294.15,
            "research_to_sale_ratio": 28.36,
            "price_fair": 49.14,
            "eps_avg_yearly": 1.4,
            "eps_latest_yearly": 1.32,
            "eps_growth_yearly": 340.24
        },
        "20153": {
            "year_quarter": 20153,
            "year": 2015,
            "quarter": 3,
            "eps": 1.01,
            "eps_growth_year": 2425,
            "eps_4q": 1.16,
            "eps_4q_growth_year": 182.04,
            "roe": 1.46,
            "gross_profit": 19040,
            "gross_margin": 51.88,
            "net_income": 52368,
            "revenue": 36701,
            "common_shares": 512225,
            "equity": 3869902,
            "current_ratio": 646.1,
            "debt_ratio": 2.29,
            "inventory_turnover_ratio": 0.39,
            "account_receivable_turnover_ratio": 2.68,
            "reinvestment_rate": 1410.54,
            "research_to_sale_ratio": 19.01,
            "price_fair": 45.73,
            "eps_avg_yearly": 1.31,
            "eps_latest_yearly": 1.32,
            "eps_growth_yearly": 347.98
        },
        "20154": {
            "year_quarter": 20154,
            "year": 2015,
            "quarter": 4,
            "eps": 1.37,
            "eps_growth_year": 1117.79,
            "eps_4q": 2.43,
            "eps_4q_growth_year": 486.7,
            "roe": 1.65,
            "gross_profit": 13599,
            "gross_margin": 43.81,
            "net_income": 67404,
            "revenue": 31041,
            "common_shares": 512225,
            "equity": 4299717,
            "current_ratio": 1161.43,
            "debt_ratio": 1.27,
            "inventory_turnover_ratio": 0.41,
            "account_receivable_turnover_ratio": 2.14,
            "reinvestment_rate": 1192.36,
            "research_to_sale_ratio": 22.67,
            "price_fair": 60.34,
            "eps_avg_yearly": 1.72,
            "eps_latest_yearly": 5.48,
            "eps_growth_yearly": 327.44
        },
        "20161": {
            "year_quarter": 20161,
            "year": 2016,
            "quarter": 1,
            "eps": 2.13,
            "eps_growth_year": 545.45,
            "eps_4q": 4.24,
            "eps_4q_growth_year": 503.28,
            "roe": 2.43,
            "gross_profit": 10463,
            "gross_margin": 44.85,
            "net_income": 106819,
            "revenue": 23330,
            "common_shares": 503225,
            "equity": 4479923,
            "current_ratio": 1279.46,
            "debt_ratio": 1.28,
            "inventory_turnover_ratio": 0.28,
            "account_receivable_turnover_ratio": 1.59,
            "reinvestment_rate": 997.85,
            "research_to_sale_ratio": 30.38,
            "price_fair": 81.96,
            "eps_avg_yearly": 2.34,
            "eps_latest_yearly": 8.52,
            "eps_growth_yearly": 317.85
        },
        "20162": {
            "year_quarter": 20162,
            "year": 2016,
            "quarter": 2,
            "eps": 1.32,
            "eps_growth_year": null,
            "eps_4q": 5.91,
            "eps_4q_growth_year": 2961.41,
            "roe": 1.56,
            "gross_profit": 9362,
            "gross_margin": 36.41,
            "net_income": 65051,
            "revenue": 25713,
            "common_shares": 503225,
            "equity": 3881200,
            "current_ratio": 499.11,
            "debt_ratio": 3.76,
            "inventory_turnover_ratio": 0.34,
            "account_receivable_turnover_ratio": 1.95,
            "reinvestment_rate": 763.45,
            "research_to_sale_ratio": 25.24,
            "price_fair": 90.87,
            "eps_avg_yearly": 2.6,
            "eps_latest_yearly": 5.28,
            "eps_growth_yearly": 313.22
        },
        "20163": {
            "year_quarter": 20163,
            "year": 2016,
            "quarter": 3,
            "eps": 2.66,
            "eps_growth_year": 163.37,
            "eps_4q": 7.6,
            "eps_4q_growth_year": 555.52,
            "roe": 3.4,
            "gross_profit": 12744,
            "gross_margin": 43.06,
            "net_income": 133000,
            "revenue": 29598,
            "common_shares": 503225,
            "equity": 3936982,
            "current_ratio": 1048.34,
            "debt_ratio": 1.98,
            "inventory_turnover_ratio": 0.36,
            "account_receivable_turnover_ratio": 2.55,
            "reinvestment_rate": 608.5,
            "research_to_sale_ratio": 25.26,
            "price_fair": 113.4,
            "eps_avg_yearly": 3.24,
            "eps_latest_yearly": 10.64,
            "eps_growth_yearly": 334.3
        },
        "20164": {
            "year_quarter": 20164,
            "year": 2016,
            "quarter": 4,
            "eps": -0.1,
            "eps_growth_year": -107.61,
            "eps_4q": 6.16,
            "eps_4q_growth_year": 153.45,
            "roe": -0.15,
            "gross_profit": 13951,
            "gross_margin": 43.9,
            "net_income": -5305,
            "revenue": 31778,
            "common_shares": 494225,
            "equity": 3260259,
            "current_ratio": 1020.44,
            "debt_ratio": 2.38,
            "inventory_turnover_ratio": 0.4,
            "account_receivable_turnover_ratio": 2.35,
            "reinvestment_rate": 486.25,
            "research_to_sale_ratio": 19.37,
            "price_fair": 116.62,
            "eps_avg_yearly": 3.33,
            "eps_latest_yearly": 10.64,
            "eps_growth_yearly": 381.66
        },
        "20171": {
            "year_quarter": 20171,
            "year": 2017,
            "quarter": 1,
            "eps": 0.9,
            "eps_growth_year": -57.75,
            "eps_4q": 4.89,
            "eps_4q_growth_year": 15.15,
            "roe": 1.28,
            "gross_profit": 6740,
            "gross_margin": 31.79,
            "net_income": 43076,
            "revenue": 21199,
            "common_shares": 486225,
            "equity": 3473670,
            "current_ratio": 1267.79,
            "debt_ratio": 1.94,
            "inventory_turnover_ratio": 0.36,
            "account_receivable_turnover_ratio": 1.46,
            "reinvestment_rate": 495.46,
            "research_to_sale_ratio": 32.34,
            "price_fair": 116.62,
            "eps_avg_yearly": 3.33,
            "eps_latest_yearly": 10.64,
            "eps_growth_yearly": 381.66
        },
        "20172": {
            "year_quarter": 20172,
            "year": 2017,
            "quarter": 2,
            "eps": 5.92,
            "eps_growth_year": 348.48,
            "eps_4q": 9.78,
            "eps_4q_growth_year": 65.38,
            "roe": 7.84,
            "gross_profit": 6487,
            "gross_margin": 33.52,
            "net_income": 282068,
            "revenue": 19351,
            "common_shares": 486225,
            "equity": 3726358,
            "current_ratio": 722.26,
            "debt_ratio": 3.88,
            "inventory_turnover_ratio": 0.35,
            "account_receivable_turnover_ratio": 1.44,
            "reinvestment_rate": 320.08,
            "research_to_sale_ratio": 30.55,
            "price_fair": 181.36,
            "eps_avg_yearly": 5.18,
            "eps_latest_yearly": 23.68,
            "eps_growth_yearly": 549.79
        },
        "20173": {
            "year_quarter": 20173,
            "year": 2017,
            "quarter": 3,
            "eps": 8.24,
            "eps_growth_year": 209.77,
            "eps_4q": 15.65,
            "eps_4q_growth_year": 105.89,
            "roe": 9.84,
            "gross_profit": 10689,
            "gross_margin": 49.32,
            "net_income": 372321,
            "revenue": 21674,
            "common_shares": 463225,
            "equity": 3843708,
            "current_ratio": 1017.39,
            "debt_ratio": 3.5,
            "inventory_turnover_ratio": 0.29,
            "account_receivable_turnover_ratio": 1.35,
            "reinvestment_rate": 153.32,
            "research_to_sale_ratio": 26.59,
            "price_fair": 262.38,
            "eps_avg_yearly": 7.5,
            "eps_latest_yearly": 32.96,
            "eps_growth_yearly": 517.04
        },
        "20174": {
            "year_quarter": 20174,
            "year": 2017,
            "quarter": 4,
            "eps": 7.49,
            "eps_growth_year": null,
            "eps_4q": 23.7,
            "eps_4q_growth_year": 284.75,
            "roe": 8.38,
            "gross_profit": 8259,
            "gross_margin": 30.12,
            "net_income": 322652,
            "revenue": 27424,
            "common_shares": 440225,
            "equity": 3859227,
            "current_ratio": 858.86,
            "debt_ratio": 5.01,
            "inventory_turnover_ratio": 0.54,
            "account_receivable_turnover_ratio": 1.69,
            "reinvestment_rate": 110.15,
            "research_to_sale_ratio": 32.06,
            "price_fair": 348.48,
            "eps_avg_yearly": 9.96,
            "eps_latest_yearly": 29.96,
            "eps_growth_yearly": 474.01
        },
        "20181": {
            "year_quarter": 20181,
            "year": 2018,
            "quarter": 1,
            "eps": -3.73,
            "eps_growth_year": -514.44,
            "eps_4q": 19.18,
            "eps_4q_growth_year": 292.51,
            "roe": -4.26,
            "gross_profit": 7330,
            "gross_margin": 35.4,
            "net_income": -160111,
            "revenue": 20705,
            "common_shares": 430225,
            "equity": 3665328,
            "current_ratio": 848.88,
            "debt_ratio": 10.31,
            "inventory_turnover_ratio": 0.4,
            "account_receivable_turnover_ratio": 1.57,
            "reinvestment_rate": -23.79,
            "research_to_sale_ratio": 20.99,
            "price_fair": 379.65,
            "eps_avg_yearly": 10.85,
            "eps_latest_yearly": 29.96,
            "eps_growth_yearly": 540.24
        },
        "20182": {
            "year_quarter": 20182,
            "year": 2018,
            "quarter": 2,
            "eps": 6.22,
            "eps_growth_year": 5.07,
            "eps_4q": 19.19,
            "eps_4q_growth_year": 96.26,
            "roe": 7.04,
            "gross_profit": 7873,
            "gross_margin": 41.64,
            "net_income": 261163,
            "revenue": 18907,
            "common_shares": 430225,
            "equity": 3753283,
            "current_ratio": 794.47,
            "debt_ratio": 11.34,
            "inventory_turnover_ratio": 0.28,
            "account_receivable_turnover_ratio": 1.69,
            "reinvestment_rate": -30.94,
            "research_to_sale_ratio": 26.79,
            "price_fair": 414.54,
            "eps_avg_yearly": 11.84,
            "eps_latest_yearly": 29.96,
            "eps_growth_yearly": 414.26
        },
        "20183": {
            "year_quarter": 20183,
            "year": 2018,
            "quarter": 3,
            "eps": -7.41,
            "eps_growth_year": -189.93,
            "eps_4q": 2.99,
            "eps_4q_growth_year": -80.89,
            "roe": -8.48,
            "gross_profit": 2407,
            "gross_margin": 11.11,
            "net_income": -302855,
            "revenue": 21661,
            "common_shares": 415225,
            "equity": 3387954,
            "current_ratio": 1130.99,
            "debt_ratio": 7.99,
            "inventory_turnover_ratio": 0.46,
            "account_receivable_turnover_ratio": 2.23,
            "reinvestment_rate": -100.66,
            "research_to_sale_ratio": 23.37,
            "price_fair": 459.98,
            "eps_avg_yearly": 13.14,
            "eps_latest_yearly": 29.96,
            "eps_growth_yearly": 496.65
        },
        "20184": {
            "year_quarter": 20184,
            "year": 2018,
            "quarter": 4,
            "eps": -3.93,
            "eps_growth_year": -152.41,
            "eps_4q": -9.22,
            "eps_4q_growth_year": -138.92,
            "roe": -4.62,
            "gross_profit": 10645,
            "gross_margin": 42.62,
            "net_income": -149645,
            "revenue": 24976,
            "common_shares": 381225,
            "equity": 3083246,
            "current_ratio": 1270.61,
            "debt_ratio": 7.3,
            "inventory_turnover_ratio": 0.41,
            "account_receivable_turnover_ratio": 2.11,
            "reinvestment_rate": -129.54,
            "research_to_sale_ratio": 20.86,
            "price_fair": 515.55,
            "eps_avg_yearly": 14.73,
            "eps_latest_yearly": 29.96,
            "eps_growth_yearly": 471.24
        },
        "20191": {
            "year_quarter": 20191,
            "year": 2019,
            "quarter": 1,
            "eps": 2.19,
            "eps_growth_year": null,
            "eps_4q": -2.9,
            "eps_4q_growth_year": -115.14,
            "roe": 2.64,
            "gross_profit": 2277,
            "gross_margin": 28.01,
            "net_income": 82168,
            "revenue": 8130,
            "common_shares": 381225,
            "equity": 3130212,
            "current_ratio": 1200.15,
            "debt_ratio": 7.92,
            "inventory_turnover_ratio": 0.18,
            "account_receivable_turnover_ratio": 0.7,
            "reinvestment_rate": -168.34,
            "research_to_sale_ratio": 62.29,
            "price_fair": 582.6,
            "eps_avg_yearly": 16.65,
            "eps_latest_yearly": 29.96,
            "eps_growth_yearly": 424.27
        },
        "20192": {
            "year_quarter": 20192,
            "year": 2019,
            "quarter": 2,
            "eps": -0.89,
            "eps_growth_year": -114.31,
            "eps_4q": -10.93,
            "eps_4q_growth_year": -156.98,
            "roe": -1.09,
            "gross_profit": 6678,
            "gross_margin": 38.32,
            "net_income": -33103,
            "revenue": 17425,
            "common_shares": 375225,
            "equity": 2962180,
            "current_ratio": 2296.17,
            "debt_ratio": 4.29,
            "inventory_turnover_ratio": 0.31,
            "account_receivable_turnover_ratio": 1.77,
            "reinvestment_rate": -232.67,
            "research_to_sale_ratio": 27.92,
            "price_fair": 582.6,
            "eps_avg_yearly": 16.65,
            "eps_latest_yearly": 29.96,
            "eps_growth_yearly": 424.27
        },
        "20193": {
            "year_quarter": 20193,
            "year": 2019,
            "quarter": 3,
            "eps": 1.12,
            "eps_growth_year": null,
            "eps_4q": -1.6,
            "eps_4q_growth_year": -153.55,
            "roe": 1.39,
            "gross_profit": 6842,
            "gross_margin": 32.4,
            "net_income": 41448,
            "revenue": 21119,
            "common_shares": 375225,
            "equity": 2998254,
            "current_ratio": 7290.15,
            "debt_ratio": 1.56,
            "inventory_turnover_ratio": 0.44,
            "account_receivable_turnover_ratio": 1.97,
            "reinvestment_rate": -279.86,
            "research_to_sale_ratio": 27.18,
            "price_fair": 582.6,
            "eps_avg_yearly": 16.65,
            "eps_latest_yearly": 29.96,
            "eps_growth_yearly": 424.27
        },
        "20194": {
            "year_quarter": 20194,
            "year": 2019,
            "quarter": 4,
            "eps": -1.01,
            "eps_growth_year": null,
            "eps_4q": 1.45,
            "eps_4q_growth_year": null,
            "roe": -1.24,
            "gross_profit": 7012,
            "gross_margin": 40.5,
            "net_income": -37088,
            "revenue": 17313,
            "common_shares": 368225,
            "equity": 2964909,
            "current_ratio": 2131.39,
            "debt_ratio": 4.38,
            "inventory_turnover_ratio": 0.33,
            "account_receivable_turnover_ratio": 1.58,
            "reinvestment_rate": -345.57,
            "research_to_sale_ratio": 31.02,
            "price_fair": 647.73,
            "eps_avg_yearly": 18.51,
            "eps_latest_yearly": 29.96,
            "eps_growth_yearly": 471.22
        },
        "20201": {
            "year_quarter": 20201,
            "year": 2020,
            "quarter": 1,
            "eps": -3.75,
            "eps_growth_year": -271.23,
            "eps_4q": -4.53,
            "eps_4q_growth_year": null,
            "roe": -4.82,
            "gross_profit": 2405,
            "gross_margin": 21.07,
            "net_income": -137973,
            "revenue": 11413,
            "common_shares": 368225,
            "equity": 2765492,
            "current_ratio": 2213.99,
            "debt_ratio": 4.26,
            "inventory_turnover_ratio": 0.28,
            "account_receivable_turnover_ratio": 1.08,
            "reinvestment_rate": -466.03,
            "research_to_sale_ratio": 43.7,
            "price_fair": 717.64,
            "eps_avg_yearly": 20.5,
            "eps_latest_yearly": 29.96,
            "eps_growth_yearly": 521.08
        },
        "20202": {
            "year_quarter": 20202,
            "year": 2020,
            "quarter": 2,
            "eps": 2.87,
            "eps_growth_year": null,
            "eps_4q": -0.8,
            "eps_4q_growth_year": null,
            "roe": 3.76,
            "gross_profit": 10425,
            "gross_margin": 47.73,
            "net_income": 104606,
            "revenue": 21843,
            "common_shares": 368225,
            "equity": 2801009,
            "current_ratio": 2784.98,
            "debt_ratio": 3.43,
            "inventory_turnover_ratio": 0.33,
            "account_receivable_turnover_ratio": 2.22,
            "reinvestment_rate": -372.17,
            "research_to_sale_ratio": 24.6,
            "price_fair": 850.85,
            "eps_avg_yearly": 24.31,
            "eps_latest_yearly": 29.96,
            "eps_growth_yearly": 689.38
        },
        "20203": {
            "year_quarter": 20203,
            "year": 2020,
            "quarter": 3,
            "eps": 1.37,
            "eps_growth_year": 22.32,
            "eps_4q": -0.66,
            "eps_4q_growth_year": null,
            "roe": 1.74,
            "gross_profit": -223,
            "gross_margin": -1.98,
            "net_income": 48867,
            "revenue": 11235,
            "common_shares": 326403,
            "equity": 2812400,
            "current_ratio": 3423.39,
            "debt_ratio": 2.83,
            "inventory_turnover_ratio": 0.33,
            "account_receivable_turnover_ratio": 1.69,
            "reinvestment_rate": -405.65,
            "research_to_sale_ratio": 41.92,
            "price_fair": 805.7,
            "eps_avg_yearly": 23.02,
            "eps_latest_yearly": 5.48,
            "eps_growth_yearly": 535.6
        },
        "20204": {
            "year_quarter": 20204,
            "year": 2020,
            "quarter": 4,
            "eps": 0.52,
            "eps_growth_year": null,
            "eps_4q": 0.99,
            "eps_4q_growth_year": -31.58,
            "roe": 0.6,
            "gross_profit": 6033,
            "gross_margin": 30.2,
            "net_income": 16899,
            "revenue": 19978,
            "common_shares": 326403,
            "equity": 2836965,
            "current_ratio": 6000.73,
            "debt_ratio": 1.71,
            "inventory_turnover_ratio": 0.46,
            "account_receivable_turnover_ratio": 2.57,
            "reinvestment_rate": -309.2,
            "research_to_sale_ratio": 26.54,
            "price_fair": 659.12,
            "eps_avg_yearly": 18.83,
            "eps_latest_yearly": 2.08,
            "eps_growth_yearly": 378.85
        },
        "20211": {
            "year_quarter": 20211,
            "year": 2021,
            "quarter": 1,
            "eps": 3.11,
            "eps_growth_year": null,
            "eps_4q": 8.33,
            "eps_4q_growth_year": null,
            "roe": 3.51,
            "gross_profit": 6707,
            "gross_margin": 47.8,
            "net_income": 101409,
            "revenue": 14031,
            "common_shares": 326403,
            "equity": 2942580,
            "current_ratio": 6732.73,
            "debt_ratio": 1.54,
            "inventory_turnover_ratio": 0.27,
            "account_receivable_turnover_ratio": 1.44,
            "reinvestment_rate": -310.72,
            "research_to_sale_ratio": 32.82,
            "price_fair": 621.83,
            "eps_avg_yearly": 17.77,
            "eps_latest_yearly": 12.44,
            "eps_growth_yearly": 647.76
        },
        "20212": {
            "year_quarter": 20212,
            "year": 2021,
            "quarter": 2,
            "eps": -0.27,
            "eps_growth_year": -109.41,
            "eps_4q": 4.85,
            "eps_4q_growth_year": null,
            "roe": -0.3,
            "gross_profit": 6843,
            "gross_margin": 43.11,
            "net_income": -8819,
            "revenue": 15872,
            "common_shares": 326403,
            "equity": 2935901,
            "current_ratio": 3024.69,
            "debt_ratio": 2.44,
            "inventory_turnover_ratio": 0.33,
            "account_receivable_turnover_ratio": 1.98,
            "reinvestment_rate": -498.88,
            "research_to_sale_ratio": 22.47,
            "price_fair": 580.44,
            "eps_avg_yearly": 16.58,
            "eps_latest_yearly": 12.44,
            "eps_growth_yearly": 331.08
        },
        "20213": {
            "year_quarter": 20213,
            "year": 2021,
            "quarter": 3,
            "eps": -0.55,
            "eps_growth_year": -140.15,
            "eps_4q": 2.81,
            "eps_4q_growth_year": null,
            "roe": -0.61,
            "gross_profit": 1008,
            "gross_margin": 7.2,
            "net_income": -17755,
            "revenue": 14009,
            "common_shares": 326403,
            "equity": 2872890,
            "current_ratio": 5989.22,
            "debt_ratio": 1.36,
            "inventory_turnover_ratio": 0.46,
            "account_receivable_turnover_ratio": 2.22,
            "reinvestment_rate": -1811.73,
            "research_to_sale_ratio": 21.09,
            "price_fair": 437.15,
            "eps_avg_yearly": 12.49,
            "eps_latest_yearly": 12.44,
            "eps_growth_yearly": 374.67
        },
        "20214": {
            "year_quarter": 20214,
            "year": 2021,
            "quarter": 4,
            "eps": -0.9,
            "eps_growth_year": -273.06,
            "eps_4q": 1.6,
            "eps_4q_growth_year": 60.8,
            "roe": -0.94,
            "gross_profit": 5862,
            "gross_margin": 38.11,
            "net_income": -26905,
            "revenue": 15380,
            "common_shares": 300290,
            "equity": 2822215,
            "current_ratio": 3845.24,
            "debt_ratio": 1.93,
            "inventory_turnover_ratio": 0.33,
            "account_receivable_turnover_ratio": 3.01,
            "reinvestment_rate": null,
            "research_to_sale_ratio": 15.73,
            "price_fair": 233.33,
            "eps_avg_yearly": 6.67,
            "eps_latest_yearly": 12.44,
            "eps_growth_yearly": 511.69
        },
        "20221": {
            "year_quarter": 20221,
            "year": 2022,
            "quarter": 1,
            "eps": -0.45,
            "eps_growth_year": -114.47,
            "eps_4q": -2.23,
            "eps_4q_growth_year": -126.75,
            "roe": -0.47,
            "gross_profit": 6217,
            "gross_margin": 36.45,
            "net_income": -13416,
            "revenue": 17058,
            "common_shares": 300290,
            "equity": 2832292,
            "current_ratio": 4569.32,
            "debt_ratio": 1.62,
            "inventory_turnover_ratio": 0.31,
            "account_receivable_turnover_ratio": 1.8,
            "reinvestment_rate": null,
            "research_to_sale_ratio": 15.5,
            "price_fair": 233.33,
            "eps_avg_yearly": 6.67,
            "eps_latest_yearly": 12.44,
            "eps_growth_yearly": 511.69
        },
        "20222": {
            "year_quarter": 20222,
            "year": 2022,
            "quarter": 2,
            "eps": -1.18,
            "eps_growth_year": null,
            "eps_4q": -3.17,
            "eps_4q_growth_year": -165.26,
            "roe": -1.28,
            "gross_profit": 5652,
            "gross_margin": 21.85,
            "net_income": -35103,
            "revenue": 25866,
            "common_shares": 300290,
            "equity": 2641576,
            "current_ratio": 2419.4,
            "debt_ratio": 2.87,
            "inventory_turnover_ratio": 0.48,
            "account_receivable_turnover_ratio": 1.67,
            "reinvestment_rate": null,
            "research_to_sale_ratio": 9.51,
            "price_fair": 233.33,
            "eps_avg_yearly": 6.67,
            "eps_latest_yearly": 12.44,
            "eps_growth_yearly": 511.69
        },
        "20223": {
            "year_quarter": 20223,
            "year": 2022,
            "quarter": 3,
            "eps": -0.27,
            "eps_growth_year": null,
            "eps_4q": -2.85,
            "eps_4q_growth_year": -201.49,
            "roe": -0.3,
            "gross_profit": 8330,
            "gross_margin": 36.98,
            "net_income": -8034,
            "revenue": 22523,
            "common_shares": 292600,
            "equity": 2650522,
            "current_ratio": 6771.95,
            "debt_ratio": 1.24,
            "inventory_turnover_ratio": 0.32,
            "account_receivable_turnover_ratio": 1.81,
            "reinvestment_rate": null,
            "research_to_sale_ratio": 11.88,
            "price_fair": 233.33,
            "eps_avg_yearly": 6.67,
            "eps_latest_yearly": 12.44,
            "eps_growth_yearly": 511.69
        },
        "20224": {
            "year_quarter": 20224,
            "year": 2022,
            "quarter": 4,
            "eps": 0.43,
            "eps_growth_year": null,
            "eps_4q": -1.5,
            "eps_4q_growth_year": -194.11,
            "roe": 0.47,
            "gross_profit": 5590,
            "gross_margin": 31.98,
            "net_income": 12603,
            "revenue": 17478,
            "common_shares": 292600,
            "equity": 2683636,
            "current_ratio": 5798.02,
            "debt_ratio": 1.32,
            "inventory_turnover_ratio": 0.25,
            "account_receivable_turnover_ratio": 2.44,
            "reinvestment_rate": 41.34,
            "research_to_sale_ratio": 20.81,
            "price_fair": 233.33,
            "eps_avg_yearly": 6.67,
            "eps_latest_yearly": 12.44,
            "eps_growth_yearly": 511.69
        },
        "20231": {
            "year_quarter": 20231,
            "year": 2023,
            "quarter": 1,
            "eps": 2.19,
            "eps_growth_year": null,
            "eps_4q": 1.15,
            "eps_4q_growth_year": null,
            "roe": 2.33,
            "gross_profit": 6264,
            "gross_margin": 34.79,
            "net_income": 64050,
            "revenue": 18007,
            "common_shares": 292600,
            "equity": 2811878,
            "current_ratio": 1765.49,
            "debt_ratio": 3.48,
            "inventory_turnover_ratio": 0.19,
            "account_receivable_turnover_ratio": 1.76,
            "reinvestment_rate": 48.23,
            "research_to_sale_ratio": 16.06,
            "price_fair": 251.65,
            "eps_avg_yearly": 7.19,
            "eps_latest_yearly": 8.76,
            "eps_growth_yearly": 793.07
        }
    },
    "months": {
        "2001-12": {
            "month": "2001-12",
            "price": "24.40",
            "revenue": 83500
        },
        "2002-01": {
            "month": "2002-01",
            "price": "26.05",
            "revenue": 109865
        },
        "2002-02": {
            "month": "2002-02",
            "price": "24.94",
            "revenue": 87597
        },
        "2002-03": {
            "month": "2002-03",
            "price": "24.86",
            "revenue": 54915
        },
        "2002-04": {
            "month": "2002-04",
            "price": "23.27",
            "revenue": 55557
        },
        "2002-05": {
            "month": "2002-05",
            "price": "19.78",
            "revenue": 58686
        },
        "2002-06": {
            "month": "2002-06",
            "price": "19.70",
            "revenue": 42493
        },
        "2002-07": {
            "month": "2002-07",
            "price": "18.30",
            "revenue": 53536
        },
        "2002-08": {
            "month": "2002-08",
            "price": "17.05",
            "revenue": 52277
        },
        "2002-09": {
            "month": "2002-09",
            "price": "14.11",
            "revenue": 88070
        },
        "2002-10": {
            "month": "2002-10",
            "price": "12.22",
            "revenue": 36358
        },
        "2002-11": {
            "month": "2002-11",
            "price": "12.67",
            "revenue": 79401
        },
        "2002-12": {
            "month": "2002-12",
            "price": "12.85",
            "revenue": 104470
        },
        "2003-01": {
            "month": "2003-01",
            "price": "12.22",
            "revenue": 40163
        },
        "2003-02": {
            "month": "2003-02",
            "price": "11.94",
            "revenue": 37794
        },
        "2003-03": {
            "month": "2003-03",
            "price": "11.76",
            "revenue": 49494
        },
        "2003-04": {
            "month": "2003-04",
            "price": "11.50",
            "revenue": 39295
        },
        "2003-05": {
            "month": "2003-05",
            "price": "9.99",
            "revenue": 36001
        },
        "2003-06": {
            "month": "2003-06",
            "price": "11.55",
            "revenue": 22648
        },
        "2003-07": {
            "month": "2003-07",
            "price": "18.77",
            "revenue": 32447
        },
        "2003-08": {
            "month": "2003-08",
            "price": "20.26",
            "revenue": 31509
        },
        "2003-09": {
            "month": "2003-09",
            "price": "13.08",
            "revenue": 33424
        },
        "2003-10": {
            "month": "2003-10",
            "price": "11.63",
            "revenue": 48279
        },
        "2003-11": {
            "month": "2003-11",
            "price": "11.41",
            "revenue": 102108
        },
        "2003-12": {
            "month": "2003-12",
            "price": "12.09",
            "revenue": 51807
        },
        "2004-01": {
            "month": "2004-01",
            "price": "12.72",
            "revenue": 22081
        },
        "2004-02": {
            "month": "2004-02",
            "price": "13.08",
            "revenue": 31079
        },
        "2004-03": {
            "month": "2004-03",
            "price": "11.87",
            "revenue": 33480
        },
        "2004-04": {
            "month": "2004-04",
            "price": "12.84",
            "revenue": 32607
        },
        "2004-05": {
            "month": "2004-05",
            "price": "10.99",
            "revenue": 24520
        },
        "2004-06": {
            "month": "2004-06",
            "price": "9.70",
            "revenue": 37603
        },
        "2004-07": {
            "month": "2004-07",
            "price": "7.81",
            "revenue": 33224
        },
        "2004-08": {
            "month": "2004-08",
            "price": "6.29",
            "revenue": 31446
        },
        "2004-09": {
            "month": "2004-09",
            "price": "6.95",
            "revenue": 51197
        },
        "2004-10": {
            "month": "2004-10",
            "price": "6.97",
            "revenue": 60987
        },
        "2004-11": {
            "month": "2004-11",
            "price": "6.73",
            "revenue": 28916
        },
        "2004-12": {
            "month": "2004-12",
            "price": "5.68",
            "revenue": 26516
        },
        "2005-01": {
            "month": "2005-01",
            "price": "5.36",
            "revenue": 18718
        },
        "2005-02": {
            "month": "2005-02",
            "price": "5.27",
            "revenue": 32993
        },
        "2005-03": {
            "month": "2005-03",
            "price": "5.87",
            "revenue": 49412
        },
        "2005-04": {
            "month": "2005-04",
            "price": "5.47",
            "revenue": 45317
        },
        "2005-05": {
            "month": "2005-05",
            "price": "5.30",
            "revenue": 28786
        },
        "2005-06": {
            "month": "2005-06",
            "price": "6.03",
            "revenue": 29015
        },
        "2005-07": {
            "month": "2005-07",
            "price": "6.73",
            "revenue": 18274
        },
        "2005-08": {
            "month": "2005-08",
            "price": "6.89",
            "revenue": 54703
        },
        "2005-09": {
            "month": "2005-09",
            "price": "6.64",
            "revenue": 48196
        },
        "2005-10": {
            "month": "2005-10",
            "price": "6.53",
            "revenue": 60593
        },
        "2005-11": {
            "month": "2005-11",
            "price": "6.40",
            "revenue": 50827
        },
        "2005-12": {
            "month": "2005-12",
            "price": "7.08",
            "revenue": 33691
        },
        "2006-01": {
            "month": "2006-01",
            "price": "7.73",
            "revenue": 40737
        },
        "2006-02": {
            "month": "2006-02",
            "price": "7.30",
            "revenue": 46849
        },
        "2006-03": {
            "month": "2006-03",
            "price": "7.91",
            "revenue": 34553
        },
        "2006-04": {
            "month": "2006-04",
            "price": "8.52",
            "revenue": 43494
        },
        "2006-05": {
            "month": "2006-05",
            "price": "9.02",
            "revenue": 55301
        },
        "2006-06": {
            "month": "2006-06",
            "price": "9.04",
            "revenue": 56549
        },
        "2006-07": {
            "month": "2006-07",
            "price": "9.82",
            "revenue": 28492
        },
        "2006-08": {
            "month": "2006-08",
            "price": "9.32",
            "revenue": 50203
        },
        "2006-09": {
            "month": "2006-09",
            "price": "9.29",
            "revenue": 30225
        },
        "2006-10": {
            "month": "2006-10",
            "price": "9.20",
            "revenue": 34542
        },
        "2006-11": {
            "month": "2006-11",
            "price": "10.13",
            "revenue": 47758
        },
        "2006-12": {
            "month": "2006-12",
            "price": "12.05",
            "revenue": 51534
        },
        "2007-01": {
            "month": "2007-01",
            "price": "13.55",
            "revenue": 29762
        },
        "2007-02": {
            "month": "2007-02",
            "price": "13.42",
            "revenue": 23380
        },
        "2007-03": {
            "month": "2007-03",
            "price": "13.66",
            "revenue": 36069
        },
        "2007-04": {
            "month": "2007-04",
            "price": "13.97",
            "revenue": 38860
        },
        "2007-05": {
            "month": "2007-05",
            "price": "13.33",
            "revenue": 40264
        },
        "2007-06": {
            "month": "2007-06",
            "price": "17.71",
            "revenue": 22742
        },
        "2007-07": {
            "month": "2007-07",
            "price": "21.51",
            "revenue": 46915
        },
        "2007-08": {
            "month": "2007-08",
            "price": "17.40",
            "revenue": 50403
        },
        "2007-09": {
            "month": "2007-09",
            "price": "16.38",
            "revenue": 32727
        },
        "2007-10": {
            "month": "2007-10",
            "price": "17.76",
            "revenue": 63647
        },
        "2007-11": {
            "month": "2007-11",
            "price": "15.24",
            "revenue": 61052
        },
        "2007-12": {
            "month": "2007-12",
            "price": "13.98",
            "revenue": 31707
        },
        "2008-01": {
            "month": "2008-01",
            "price": "12.75",
            "revenue": 41388
        },
        "2008-02": {
            "month": "2008-02",
            "price": "12.76",
            "revenue": 51116
        },
        "2008-03": {
            "month": "2008-03",
            "price": "14.54",
            "revenue": 32940
        },
        "2008-04": {
            "month": "2008-04",
            "price": "16.08",
            "revenue": 31307
        },
        "2008-05": {
            "month": "2008-05",
            "price": "15.94",
            "revenue": 25901
        },
        "2008-06": {
            "month": "2008-06",
            "price": "14.30",
            "revenue": 49612
        },
        "2008-07": {
            "month": "2008-07",
            "price": "11.81",
            "revenue": 41757
        },
        "2008-08": {
            "month": "2008-08",
            "price": "12.88",
            "revenue": 42871
        },
        "2008-09": {
            "month": "2008-09",
            "price": "11.69",
            "revenue": 36268
        },
        "2008-10": {
            "month": "2008-10",
            "price": "9.63",
            "revenue": 34793
        },
        "2008-11": {
            "month": "2008-11",
            "price": "8.97",
            "revenue": 23462
        },
        "2008-12": {
            "month": "2008-12",
            "price": "9.00",
            "revenue": 51660
        },
        "2009-01": {
            "month": "2009-01",
            "price": "8.55",
            "revenue": 273790
        },
        "2009-02": {
            "month": "2009-02",
            "price": "10.00",
            "revenue": 28435
        },
        "2009-03": {
            "month": "2009-03",
            "price": "11.60",
            "revenue": 33355
        },
        "2009-04": {
            "month": "2009-04",
            "price": "12.64",
            "revenue": 48865
        },
        "2009-05": {
            "month": "2009-05",
            "price": "12.06",
            "revenue": 22467
        },
        "2009-06": {
            "month": "2009-06",
            "price": "11.93",
            "revenue": 16386
        },
        "2009-07": {
            "month": "2009-07",
            "price": "12.35",
            "revenue": 33763
        },
        "2009-08": {
            "month": "2009-08",
            "price": "12.66",
            "revenue": 26016
        },
        "2009-09": {
            "month": "2009-09",
            "price": "14.06",
            "revenue": 16176
        },
        "2009-10": {
            "month": "2009-10",
            "price": "15.82",
            "revenue": 18588
        },
        "2009-11": {
            "month": "2009-11",
            "price": "18.03",
            "revenue": 23859
        },
        "2009-12": {
            "month": "2009-12",
            "price": "19.51",
            "revenue": 26809
        },
        "2010-01": {
            "month": "2010-01",
            "price": "19.62",
            "revenue": 12908
        },
        "2010-02": {
            "month": "2010-02",
            "price": "18.85",
            "revenue": 13015
        },
        "2010-03": {
            "month": "2010-03",
            "price": "19.82",
            "revenue": 15077
        },
        "2010-04": {
            "month": "2010-04",
            "price": "20.61",
            "revenue": 35689
        },
        "2010-05": {
            "month": "2010-05",
            "price": "20.56",
            "revenue": 18046
        },
        "2010-06": {
            "month": "2010-06",
            "price": "18.97",
            "revenue": 11970
        },
        "2010-07": {
            "month": "2010-07",
            "price": "19.58",
            "revenue": 25066
        },
        "2010-08": {
            "month": "2010-08",
            "price": "19.98",
            "revenue": 47853
        },
        "2010-09": {
            "month": "2010-09",
            "price": "21.02",
            "revenue": 11741
        },
        "2010-10": {
            "month": "2010-10",
            "price": "21.07",
            "revenue": 50476
        },
        "2010-11": {
            "month": "2010-11",
            "price": "20.66",
            "revenue": 31769
        },
        "2010-12": {
            "month": "2010-12",
            "price": "22.20",
            "revenue": 25740
        },
        "2011-01": {
            "month": "2011-01",
            "price": "21.76",
            "revenue": 9662
        },
        "2011-02": {
            "month": "2011-02",
            "price": "21.18",
            "revenue": 19342
        },
        "2011-03": {
            "month": "2011-03",
            "price": "21.13",
            "revenue": 11238
        },
        "2011-04": {
            "month": "2011-04",
            "price": "20.96",
            "revenue": 4471
        },
        "2011-05": {
            "month": "2011-05",
            "price": "20.49",
            "revenue": 9672
        },
        "2011-06": {
            "month": "2011-06",
            "price": "20.90",
            "revenue": 14503
        },
        "2011-07": {
            "month": "2011-07",
            "price": "20.71",
            "revenue": 9516
        },
        "2011-08": {
            "month": "2011-08",
            "price": "19.89",
            "revenue": 14727
        },
        "2011-09": {
            "month": "2011-09",
            "price": "19.37",
            "revenue": 11862
        },
        "2011-10": {
            "month": "2011-10",
            "price": "19.18",
            "revenue": 11193
        },
        "2011-11": {
            "month": "2011-11",
            "price": "18.58",
            "revenue": 14657
        },
        "2011-12": {
            "month": "2011-12",
            "price": "18.58",
            "revenue": 6748
        },
        "2012-01": {
            "month": "2012-01",
            "price": "18.16",
            "revenue": 3583
        },
        "2012-02": {
            "month": "2012-02",
            "price": "18.78",
            "revenue": 29084
        },
        "2012-03": {
            "month": "2012-03",
            "price": "21.05",
            "revenue": 14441
        },
        "2012-04": {
            "month": "2012-04",
            "price": "22.06",
            "revenue": 13883
        },
        "2012-05": {
            "month": "2012-05",
            "price": "28.42",
            "revenue": 7353
        },
        "2012-06": {
            "month": "2012-06",
            "price": "29.80",
            "revenue": 10103
        },
        "2012-07": {
            "month": "2012-07",
            "price": "21.55",
            "revenue": 18280
        },
        "2012-08": {
            "month": "2012-08",
            "price": "24.35",
            "revenue": 4744
        },
        "2012-09": {
            "month": "2012-09",
            "price": "25.79",
            "revenue": 2720
        },
        "2012-10": {
            "month": "2012-10",
            "price": "24.58",
            "revenue": 10926
        },
        "2012-11": {
            "month": "2012-11",
            "price": "23.56",
            "revenue": 21603
        },
        "2012-12": {
            "month": "2012-12",
            "price": "23.27",
            "revenue": 9759
        },
        "2013-01": {
            "month": "2013-01",
            "price": "24.55",
            "revenue": 18224
        },
        "2013-02": {
            "month": "2013-02",
            "price": "23.19",
            "revenue": 9571
        },
        "2013-03": {
            "month": "2013-03",
            "price": "22.56",
            "revenue": 23321
        },
        "2013-04": {
            "month": "2013-04",
            "price": "22.18",
            "revenue": 12909
        },
        "2013-05": {
            "month": "2013-05",
            "price": "21.68",
            "revenue": 22856
        },
        "2013-06": {
            "month": "2013-06",
            "price": "22.14",
            "revenue": 32347
        },
        "2013-07": {
            "month": "2013-07",
            "price": "21.96",
            "revenue": 27553
        },
        "2013-08": {
            "month": "2013-08",
            "price": "21.85",
            "revenue": 24686
        },
        "2013-09": {
            "month": "2013-09",
            "price": "21.74",
            "revenue": 17328
        },
        "2013-10": {
            "month": "2013-10",
            "price": "20.26",
            "revenue": 17162
        },
        "2013-11": {
            "month": "2013-11",
            "price": "20.42",
            "revenue": 20825
        },
        "2013-12": {
            "month": "2013-12",
            "price": "20.15",
            "revenue": 22618
        },
        "2014-01": {
            "month": "2014-01",
            "price": "20.92",
            "revenue": 16196
        },
        "2014-02": {
            "month": "2014-02",
            "price": "21.92",
            "revenue": 13431
        },
        "2014-03": {
            "month": "2014-03",
            "price": "27.16",
            "revenue": 13046
        },
        "2014-04": {
            "month": "2014-04",
            "price": "26.68",
            "revenue": 10360
        },
        "2014-05": {
            "month": "2014-05",
            "price": "26.00",
            "revenue": 15235
        },
        "2014-06": {
            "month": "2014-06",
            "price": "29.70",
            "revenue": 10736
        },
        "2014-07": {
            "month": "2014-07",
            "price": "34.88",
            "revenue": 13831
        },
        "2014-08": {
            "month": "2014-08",
            "price": "31.90",
            "revenue": 18287
        },
        "2014-09": {
            "month": "2014-09",
            "price": "31.75",
            "revenue": 9596
        },
        "2014-10": {
            "month": "2014-10",
            "price": "31.90",
            "revenue": 12966
        },
        "2014-11": {
            "month": "2014-11",
            "price": "31.24",
            "revenue": 12405
        },
        "2014-12": {
            "month": "2014-12",
            "price": "32.79",
            "revenue": 35888
        },
        "2015-01": {
            "month": "2015-01",
            "price": "34.72",
            "revenue": 11208
        },
        "2015-02": {
            "month": "2015-02",
            "price": "35.60",
            "revenue": 6808
        },
        "2015-03": {
            "month": "2015-03",
            "price": "36.98",
            "revenue": 6527
        },
        "2015-04": {
            "month": "2015-04",
            "price": "37.46",
            "revenue": 5849
        },
        "2015-05": {
            "month": "2015-05",
            "price": "39.07",
            "revenue": 12932
        },
        "2015-06": {
            "month": "2015-06",
            "price": "44.40",
            "revenue": 5693
        },
        "2015-07": {
            "month": "2015-07",
            "price": "51.65",
            "revenue": 14768
        },
        "2015-08": {
            "month": "2015-08",
            "price": "39.48",
            "revenue": 8276
        },
        "2015-09": {
            "month": "2015-09",
            "price": "38.36",
            "revenue": 12183
        },
        "2015-10": {
            "month": "2015-10",
            "price": "40.77",
            "revenue": 11674
        },
        "2015-11": {
            "month": "2015-11",
            "price": "41.36",
            "revenue": 7300
        },
        "2015-12": {
            "month": "2015-12",
            "price": "44.30",
            "revenue": 11922
        },
        "2016-01": {
            "month": "2016-01",
            "price": "45.98",
            "revenue": 8449
        },
        "2016-02": {
            "month": "2016-02",
            "price": "51.80",
            "revenue": 5937
        },
        "2016-03": {
            "month": "2016-03",
            "price": "55.63",
            "revenue": 8965
        },
        "2016-04": {
            "month": "2016-04",
            "price": "52.16",
            "revenue": 13075
        },
        "2016-05": {
            "month": "2016-05",
            "price": "48.68",
            "revenue": 5182
        },
        "2016-06": {
            "month": "2016-06",
            "price": "49.97",
            "revenue": 7423
        },
        "2016-07": {
            "month": "2016-07",
            "price": "48.46",
            "revenue": 12513
        },
        "2016-08": {
            "month": "2016-08",
            "price": "49.18",
            "revenue": 8237
        },
        "2016-09": {
            "month": "2016-09",
            "price": "46.72",
            "revenue": 8804
        },
        "2016-10": {
            "month": "2016-10",
            "price": "44.10",
            "revenue": 11490
        },
        "2016-11": {
            "month": "2016-11",
            "price": "42.01",
            "revenue": 12707
        },
        "2016-12": {
            "month": "2016-12",
            "price": "44.31",
            "revenue": 7636
        },
        "2017-01": {
            "month": "2017-01",
            "price": "44.56",
            "revenue": 6311
        },
        "2017-02": {
            "month": "2017-02",
            "price": "48.16",
            "revenue": 3827
        },
        "2017-03": {
            "month": "2017-03",
            "price": "46.74",
            "revenue": 11063
        },
        "2017-04": {
            "month": "2017-04",
            "price": "42.62",
            "revenue": 6620
        },
        "2017-05": {
            "month": "2017-05",
            "price": "44.54",
            "revenue": 3859
        },
        "2017-06": {
            "month": "2017-06",
            "price": "45.97",
            "revenue": 9419
        },
        "2017-07": {
            "month": "2017-07",
            "price": "47.29",
            "revenue": 3584
        },
        "2017-08": {
            "month": "2017-08",
            "price": "49.39",
            "revenue": 6337
        },
        "2017-09": {
            "month": "2017-09",
            "price": "52.79",
            "revenue": 11286
        },
        "2017-10": {
            "month": "2017-10",
            "price": "62.02",
            "revenue": 11528
        },
        "2017-11": {
            "month": "2017-11",
            "price": "69.63",
            "revenue": 7224
        },
        "2017-12": {
            "month": "2017-12",
            "price": "70.58",
            "revenue": 8584
        },
        "2018-01": {
            "month": "2018-01",
            "price": "71.14",
            "revenue": 7930
        },
        "2018-02": {
            "month": "2018-02",
            "price": "67.44",
            "revenue": 2514
        },
        "2018-03": {
            "month": "2018-03",
            "price": "70.15",
            "revenue": 10245
        },
        "2018-04": {
            "month": "2018-04",
            "price": "68.94",
            "revenue": 6375
        },
        "2018-05": {
            "month": "2018-05",
            "price": "68.77",
            "revenue": 4410
        },
        "2018-06": {
            "month": "2018-06",
            "price": "68.75",
            "revenue": 8151
        },
        "2018-07": {
            "month": "2018-07",
            "price": "66.21",
            "revenue": 11047
        },
        "2018-08": {
            "month": "2018-08",
            "price": "66.80",
            "revenue": 7626
        },
        "2018-09": {
            "month": "2018-09",
            "price": "62.27",
            "revenue": 2975
        },
        "2018-10": {
            "month": "2018-10",
            "price": "56.81",
            "revenue": 8821
        },
        "2018-11": {
            "month": "2018-11",
            "price": "62.45",
            "revenue": 11914
        },
        "2018-12": {
            "month": "2018-12",
            "price": "64.28",
            "revenue": 4241
        },
        "2019-01": {
            "month": "2019-01",
            "price": "61.28",
            "revenue": 2544
        },
        "2019-02": {
            "month": "2019-02",
            "price": "61.89",
            "revenue": 3858
        },
        "2019-03": {
            "month": "2019-03",
            "price": "60.45",
            "revenue": 1732
        },
        "2019-04": {
            "month": "2019-04",
            "price": "60.44",
            "revenue": 7790
        },
        "2019-05": {
            "month": "2019-05",
            "price": "60.60",
            "revenue": 3927
        },
        "2019-06": {
            "month": "2019-06",
            "price": "62.76",
            "revenue": 5448
        },
        "2019-07": {
            "month": "2019-07",
            "price": "60.84",
            "revenue": 5412
        },
        "2019-08": {
            "month": "2019-08",
            "price": "59.89",
            "revenue": 9296
        },
        "2019-09": {
            "month": "2019-09",
            "price": "61.74",
            "revenue": 6667
        },
        "2019-10": {
            "month": "2019-10",
            "price": "60.33",
            "revenue": 4015
        },
        "2019-11": {
            "month": "2019-11",
            "price": "58.33",
            "revenue": 6373
        },
        "2019-12": {
            "month": "2019-12",
            "price": "59.06",
            "revenue": 6918
        },
        "2020-01": {
            "month": "2020-01",
            "price": "57.91",
            "revenue": 2524
        },
        "2020-02": {
            "month": "2020-02",
            "price": "55.06",
            "revenue": 2660
        },
        "2020-03": {
            "month": "2020-03",
            "price": "49.23",
            "revenue": 6229
        },
        "2020-04": {
            "month": "2020-04",
            "price": "49.64",
            "revenue": 6306
        },
        "2020-05": {
            "month": "2020-05",
            "price": "49.38",
            "revenue": 8991
        },
        "2020-06": {
            "month": "2020-06",
            "price": "48.58",
            "revenue": 6421
        },
        "2020-07": {
            "month": "2020-07",
            "price": "48.81",
            "revenue": 6431
        },
        "2020-08": {
            "month": "2020-08",
            "price": "46.84",
            "revenue": 3109
        },
        "2020-09": {
            "month": "2020-09",
            "price": "46.45",
            "revenue": 1821
        },
        "2020-10": {
            "month": "2020-10",
            "price": "46.62",
            "revenue": 7798
        },
        "2020-11": {
            "month": "2020-11",
            "price": "51.13",
            "revenue": 5279
        },
        "2020-12": {
            "month": "2020-12",
            "price": "51.69",
            "revenue": 6886
        },
        "2021-01": {
            "month": "2021-01",
            "price": "50.74",
            "revenue": 4414
        },
        "2021-02": {
            "month": "2021-02",
            "price": "50.11",
            "revenue": 1450
        },
        "2021-03": {
            "month": "2021-03",
            "price": "50.90",
            "revenue": 8167
        },
        "2021-04": {
            "month": "2021-04",
            "price": "52.61",
            "revenue": 4122
        },
        "2021-05": {
            "month": "2021-05",
            "price": "53.65",
            "revenue": 6563
        },
        "2021-06": {
            "month": "2021-06",
            "price": "53.69",
            "revenue": 5187
        },
        "2021-07": {
            "month": "2021-07",
            "price": "53.40",
            "revenue": 6091
        },
        "2021-08": {
            "month": "2021-08",
            "price": "53.28",
            "revenue": 6317
        },
        "2021-09": {
            "month": "2021-09",
            "price": "51.63",
            "revenue": 1601
        },
        "2021-10": {
            "month": "2021-10",
            "price": "51.27",
            "revenue": 4214
        },
        "2021-11": {
            "month": "2021-11",
            "price": "50.77",
            "revenue": 4664
        },
        "2021-12": {
            "month": "2021-12",
            "price": "53.67",
            "revenue": 6502
        },
        "2022-01": {
            "month": "2022-01",
            "price": "53.63",
            "revenue": 1323
        },
        "2022-02": {
            "month": "2022-02",
            "price": "53.56",
            "revenue": 4555
        },
        "2022-03": {
            "month": "2022-03",
            "price": "53.24",
            "revenue": 11180
        },
        "2022-04": {
            "month": "2022-04",
            "price": "52.47",
            "revenue": 4903
        },
        "2022-05": {
            "month": "2022-05",
            "price": "52.01",
            "revenue": 6746
        },
        "2022-06": {
            "month": "2022-06",
            "price": "51.90",
            "revenue": 14217
        },
        "2022-07": {
            "month": "2022-07",
            "price": "51.78",
            "revenue": 12664
        },
        "2022-08": {
            "month": "2022-08",
            "price": "52.66",
            "revenue": 4540
        },
        "2022-09": {
            "month": "2022-09",
            "price": "51.73",
            "revenue": 5287
        },
        "2022-10": {
            "month": "2022-10",
            "price": "51.63",
            "revenue": 8500
        },
        "2022-11": {
            "month": "2022-11",
            "price": "50.59",
            "revenue": 3897
        },
        "2022-12": {
            "month": "2022-12",
            "price": "50.86",
            "revenue": 5081
        },
        "2023-01": {
            "month": "2023-01",
            "price": "51.09",
            "revenue": 6827
        },
        "2023-02": {
            "month": "2023-02",
            "price": "50.80",
            "revenue": 3018
        },
        "2023-03": {
            "month": "2023-03",
            "price": "51.06",
            "revenue": 8162
        },
        "2023-04": {
            "month": "2023-04",
            "price": "51.05",
            "revenue": 5948
        }
    }
}
