{
    "summary": {
        "stock_name": "正文",
        "stock_id": "4906",
        "category": "通信網路",
        "main_business": "無線區域網路產品類",
        "website_url": "http://www.gemteks.com",
        "ceo": "李榮昌",
        "pe_ratio": 23,
        "report_year_from": 2001,
        "report_year_to": 2023,
        "age": 23,
        "eps_negative_percentage": 4,
        "eps_growth_avg": {
            "last_all": -6.03,
            "last_2y": -23.07,
            "last_4y": 7.7,
            "last_8y": 10.66,
            "last_12y": -4.03,
            "last_16y": -7.79,
            "last_20y": -6.16,
            "at_2006_last_3y": 0.35,
            "at_2007_last_3y": 3.64,
            "at_2008_last_3y": -3.04,
            "at_2009_last_3y": 1.24,
            "at_2010_last_3y": -19.05,
            "at_2011_last_3y": -44.07,
            "at_2012_last_3y": -21.42,
            "at_2013_last_3y": -22.61,
            "at_2014_last_3y": -33.42,
            "at_2015_last_3y": 16.1,
            "at_2016_last_3y": 16.1,
            "at_2017_last_3y": 17.51,
            "at_2018_last_3y": 13.62,
            "at_2019_last_3y": -15.17,
            "at_2020_last_3y": -15.17,
            "at_2021_last_3y": -17.14,
            "at_2022_last_3y": 12.82,
            "at_2023_last_3y": 7.7,
            "at_2024_last_3y": 7.7,
            "at_2006_last_all": -0.43,
            "at_2007_last_all": -0.02,
            "at_2008_last_all": 1.33,
            "at_2009_last_all": -4.64,
            "at_2010_last_all": -8.7,
            "at_2011_last_all": -17.64,
            "at_2012_last_all": -6.95,
            "at_2013_last_all": -10.63,
            "at_2014_last_all": -16.31,
            "at_2015_last_all": -8,
            "at_2016_last_all": -0.8,
            "at_2017_last_all": -3.59,
            "at_2018_last_all": -9.27,
            "at_2019_last_all": -9.27,
            "at_2020_last_all": -3.2,
            "at_2021_last_all": -5.73,
            "at_2022_last_all": -5.95,
            "at_2023_last_all": -6.03,
            "at_2024_last_all": -6.03
        },
        "latest_eps": 1.5,
        "latest_price": 35,
        "latest_roe": 4.11,
        "latest_gross_margin": 10.49,
        "latest_equity": 13195591,
        "latest_revenue": 5903274,
        "latest_gross_profit": 619039,
        "latest_net_income": -151601,
        "latest_debt_ratio": 39.94,
        "latest_current_ratio": 186.09,
        "latest_account_receivable_turnover_ratio": 0.83,
        "latest_inventory_turnover_ratio": 1.37,
        "latest_reinvestment_rate": 50.81,
        "latest_research_to_sale_ratio": 4.72
    },
    "eps_dividends": {
        "2001": {
            "cash": 0,
            "stock": 0,
            "eps": 7.36
        },
        "2002": {
            "cash": 0,
            "stock": 0,
            "eps": 7.1
        },
        "2003": {
            "cash": 2,
            "stock": 2,
            "eps": 6.31
        },
        "2004": {
            "cash": 1.91,
            "stock": 1.91,
            "eps": 8.59
        },
        "2005": {
            "cash": 2.85,
            "stock": 1.57,
            "eps": 3.13
        },
        "2006": {
            "cash": 1.2,
            "stock": 1,
            "eps": 4.38
        },
        "2007": {
            "cash": 2.46,
            "stock": 0.49,
            "eps": 4.47
        },
        "2008": {
            "cash": 3.2,
            "stock": 0.2,
            "eps": 4.89
        },
        "2009": {
            "cash": 3.64,
            "stock": 0.49,
            "eps": 2.62
        },
        "2010": {
            "cash": 1.88,
            "stock": 0.21,
            "eps": 1.54
        },
        "2011": {
            "cash": 1.2,
            "stock": 0.3,
            "eps": 0.03
        },
        "2012": {
            "cash": 0,
            "stock": 0,
            "eps": 3.03
        },
        "2013": {
            "cash": 2.4,
            "stock": 0,
            "eps": 1.48
        },
        "2014": {
            "cash": 1.9,
            "stock": 0,
            "eps": 0.23
        },
        "2015": {
            "cash": 0.5,
            "stock": 0,
            "eps": 0.7
        },
        "2016": {
            "cash": 0.6,
            "stock": 0,
            "eps": 1.89
        },
        "2017": {
            "cash": 1.5,
            "stock": 0,
            "eps": 1.03
        },
        "2018": {
            "cash": 1,
            "stock": 0,
            "eps": -0.06
        },
        "2019": {
            "cash": 0,
            "stock": 0,
            "eps": 0.56
        },
        "2020": {
            "cash": 0.5,
            "stock": 0,
            "eps": 3.87
        },
        "2021": {
            "cash": 2,
            "stock": 0,
            "eps": 1.88
        },
        "2022": {
            "cash": 1.5,
            "stock": 0,
            "eps": 1.69
        },
        "2023": {
            "cash": 1.5,
            "stock": 0,
            "eps": 1.56
        },
        "2024": {
            "cash": 1.5,
            "stock": 0,
            "eps": 0
        }
    },
    "dividends": {
        "2003-06-23": {
            "cash": 2,
            "stock": 2
        },
        "2004-03-16": {
            "cash": 1.91,
            "stock": 1.91
        },
        "2005-03-18": {
            "cash": 2.85,
            "stock": 1.57
        },
        "2006-04-14": {
            "cash": 1.2,
            "stock": 1
        },
        "2007-04-26": {
            "cash": 2.46,
            "stock": 0.49
        },
        "2008-04-03": {
            "cash": 3.2,
            "stock": 0.2
        },
        "2009-05-05": {
            "cash": 3.64,
            "stock": 0.49
        },
        "2010-05-04": {
            "cash": 1.88,
            "stock": 0.21
        },
        "2011-01-01": {
            "cash": 0.3,
            "stock": 0
        },
        "2011-05-02": {
            "cash": 0.9,
            "stock": 0.3
        },
        "2013-05-02": {
            "cash": 2.4,
            "stock": 0
        },
        "2014-09-05": {
            "cash": 1.9,
            "stock": 0
        },
        "2015-08-14": {
            "cash": 0.5,
            "stock": 0
        },
        "2016-08-19": {
            "cash": 0.6,
            "stock": 0
        },
        "2017-08-18": {
            "cash": 1.5,
            "stock": 0
        },
        "2018-08-16": {
            "cash": 1,
            "stock": 0
        },
        "2020-08-12": {
            "cash": 0.5,
            "stock": 0
        },
        "2021-08-25": {
            "cash": 2,
            "stock": 0
        },
        "2022-07-28": {
            "cash": 1.5,
            "stock": 0
        },
        "2023-07-13": {
            "cash": 1.5,
            "stock": 0
        },
        "2024-03-13": {
            "cash": 1.5,
            "stock": 0
        }
    },
    "prices": {
        "200101": "無",
        "200102": "無",
        "200103": "無",
        "200104": "無",
        "200105": "無",
        "200106": "無",
        "200107": "無",
        "200108": "無",
        "200109": "無",
        "200110": "無",
        "200111": "無",
        "200112": "無",
        "200201": "171.13",
        "200202": "227.50",
        "200203": "209.95",
        "200204": "181.43",
        "200205": "161.30",
        "200206": "111.52",
        "200207": "97.70",
        "200208": "109.89",
        "200209": "97.08",
        "200210": "82.57",
        "200211": "90.60",
        "200212": "96.80",
        "200301": "94.21",
        "200302": "85.25",
        "200303": "84.81",
        "200304": "77.75",
        "200305": "70.26",
        "200306": "75.50",
        "200307": "85.37",
        "200308": "67.76",
        "200309": "56.52",
        "200310": "58.05",
        "200311": "67.22",
        "200312": "79.13",
        "200401": "80.50",
        "200402": "83.30",
        "200403": "93.91",
        "200404": "90.64",
        "200405": "71.90",
        "200406": "73.07",
        "200407": "64.11",
        "200408": "66.88",
        "200409": "71.57",
        "200410": "74.80",
        "200411": "76.07",
        "200412": "79.33",
        "200501": "80.98",
        "200502": "79.12",
        "200503": "77.03",
        "200504": "67.56",
        "200505": "63.13",
        "200506": "63.46",
        "200507": "63.53",
        "200508": "47.27",
        "200509": "48.40",
        "200510": "47.97",
        "200511": "43.20",
        "200512": "47.70",
        "200601": "50.73",
        "200602": "51.53",
        "200603": "54.11",
        "200604": "58.09",
        "200605": "58.14",
        "200606": "55.81",
        "200607": "55.68",
        "200608": "55.37",
        "200609": "56.16",
        "200610": "54.34",
        "200611": "57.34",
        "200612": "66.75",
        "200701": "74.66",
        "200702": "79.32",
        "200703": "81.07",
        "200704": "85.28",
        "200705": "90.92",
        "200706": "87.86",
        "200707": "86.73",
        "200708": "82.26",
        "200709": "77.52",
        "200710": "73.91",
        "200711": "63.34",
        "200712": "54.45",
        "200801": "50.02",
        "200802": "51.02",
        "200803": "51.73",
        "200804": "58.80",
        "200805": "68.59",
        "200806": "68.63",
        "200807": "65.97",
        "200808": "65.79",
        "200809": "56.31",
        "200810": "40.91",
        "200811": "35.42",
        "200812": "39.06",
        "200901": "44.76",
        "200902": "43.08",
        "200903": "46.23",
        "200904": "49.57",
        "200905": "55.60",
        "200906": "55.82",
        "200907": "58.28",
        "200908": "52.04",
        "200909": "51.31",
        "200910": "53.66",
        "200911": "54.45",
        "200912": "55.74",
        "201001": "55.81",
        "201002": "50.81",
        "201003": "51.13",
        "201004": "51.50",
        "201005": "43.88",
        "201006": "45.24",
        "201007": "44.95",
        "201008": "44.80",
        "201009": "48.40",
        "201010": "50.24",
        "201011": "44.90",
        "201012": "45.86",
        "201101": "43.64",
        "201102": "38.30",
        "201103": "34.65",
        "201104": "36.91",
        "201105": "37.25",
        "201106": "34.78",
        "201107": "32.12",
        "201108": "26.76",
        "201109": "25.33",
        "201110": "27.40",
        "201111": "25.53",
        "201112": "20.83",
        "201201": "21.82",
        "201202": "27.79",
        "201203": "27.71",
        "201204": "26.65",
        "201205": "26.26",
        "201206": "24.49",
        "201207": "27.13",
        "201208": "29.52",
        "201209": "32.09",
        "201210": "30.08",
        "201211": "30.80",
        "201212": "33.44",
        "201301": "35.99",
        "201302": "38.96",
        "201303": "37.65",
        "201304": "37.77",
        "201305": "36.65",
        "201306": "34.17",
        "201307": "32.77",
        "201308": "30.48",
        "201309": "30.55",
        "201310": "28.62",
        "201311": "28.01",
        "201312": "27.93",
        "201401": "29.49",
        "201402": "29.15",
        "201403": "29.54",
        "201404": "29.24",
        "201405": "28.01",
        "201406": "28.74",
        "201407": "29.45",
        "201408": "27.39",
        "201409": "28.15",
        "201410": "24.10",
        "201411": "21.76",
        "201412": "22.95",
        "201501": "23.47",
        "201502": "23.04",
        "201503": "23.97",
        "201504": "22.67",
        "201505": "23.78",
        "201506": "22.03",
        "201507": "18.12",
        "201508": "14.60",
        "201509": "15.34",
        "201510": "16.29",
        "201511": "15.86",
        "201512": "16.39",
        "201601": "17.66",
        "201602": "18.37",
        "201603": "18.50",
        "201604": "17.32",
        "201605": "16.81",
        "201606": "18.60",
        "201607": "18.56",
        "201608": "19.13",
        "201609": "20.13",
        "201610": "18.39",
        "201611": "18.90",
        "201612": "23.07",
        "201701": "24.24",
        "201702": "25.91",
        "201703": "27.03",
        "201704": "27.78",
        "201705": "33.42",
        "201706": "30.32",
        "201707": "27.97",
        "201708": "23.24",
        "201709": "23.88",
        "201710": "24.45",
        "201711": "24.69",
        "201712": "24.96",
        "201801": "29.06",
        "201802": "26.63",
        "201803": "27.82",
        "201804": "25.36",
        "201805": "24.95",
        "201806": "27.25",
        "201807": "27.29",
        "201808": "23.95",
        "201809": "22.11",
        "201810": "19.24",
        "201811": "20.09",
        "201812": "22.54",
        "201901": "24.75",
        "201902": "24.77",
        "201903": "24.86",
        "201904": "24.42",
        "201905": "24.34",
        "201906": "24.07",
        "201907": "26.27",
        "201908": "28.09",
        "201909": "27.25",
        "201910": "25.30",
        "201911": "24.71",
        "201912": "25.46",
        "202001": "24.91",
        "202002": "23.07",
        "202003": "19.82",
        "202004": "20.05",
        "202005": "21.38",
        "202006": "22.04",
        "202007": "24.37",
        "202008": "26.86",
        "202009": "26.95",
        "202010": "27.15",
        "202011": "29.79",
        "202012": "29.88",
        "202101": "29.24",
        "202102": "29.39",
        "202103": "31.91",
        "202104": "34.86",
        "202105": "29.74",
        "202106": "30.85",
        "202107": "33.56",
        "202108": "27.68",
        "202109": "25.82",
        "202110": "26.08",
        "202111": "27.95",
        "202112": "29.58",
        "202201": "30.50",
        "202202": "31.93",
        "202203": "31.02",
        "202204": "31.16",
        "202205": "29.06",
        "202206": "30.61",
        "202207": "29.25",
        "202208": "30.21",
        "202209": "30.10",
        "202210": "27.12",
        "202211": "27.80",
        "202212": "27.80",
        "202301": "27.49",
        "202302": "27.89",
        "202303": "29.03",
        "202304": "31.46",
        "202305": "30.29",
        "202306": "31.24",
        "202307": "32.46",
        "202308": "34.17",
        "202309": "36.95",
        "202310": "34.73",
        "202311": "33.68",
        "202312": "35.14"
    },
    "quarters": {
        "20011": {
            "year_quarter": 20011,
            "year": 2001,
            "quarter": 1,
            "eps": 1.49,
            "eps_growth_year": null,
            "eps_4q": null,
            "eps_4q_growth_year": null,
            "roe": 7.8,
            "roe_4q": 7.8,
            "gross_profit": 114698,
            "gross_margin": 25.62,
            "gross_margin_4q_avg": 25.62,
            "net_income": 59782,
            "net_income_4q": null,
            "revenue": 447757,
            "revenue_4q": null,
            "common_shares": 400000,
            "book_valuer_per_share": 19.88,
            "book_valuer_per_share_4q_avg": 19.88,
            "equity": 795011,
            "current_ratio": 298.57,
            "debt_ratio": 32.8,
            "inventory_turnover_ratio": 1,
            "account_receivable_turnover_ratio": null,
            "reinvestment_rate": null,
            "research_to_sale_ratio": null,
            "price_fair": 0,
            "eps_avg_yearly": 0,
            "eps_latest_yearly": 0,
            "eps_growth_yearly": 0
        },
        "20012": {
            "year_quarter": 20012,
            "year": 2001,
            "quarter": 2,
            "eps": 2.78,
            "eps_growth_year": null,
            "eps_4q": null,
            "eps_4q_growth_year": null,
            "roe": 13.07,
            "roe_4q": 20.87,
            "gross_profit": 177680,
            "gross_margin": 26.16,
            "gross_margin_4q_avg": 25.89,
            "net_income": 111207,
            "net_income_4q": null,
            "revenue": 679148,
            "revenue_4q": null,
            "common_shares": 400000,
            "book_valuer_per_share": 22.66,
            "book_valuer_per_share_4q_avg": 21.27,
            "equity": 906218,
            "current_ratio": 224.39,
            "debt_ratio": 41.72,
            "inventory_turnover_ratio": 1.23,
            "account_receivable_turnover_ratio": null,
            "reinvestment_rate": null,
            "research_to_sale_ratio": null,
            "price_fair": 0,
            "eps_avg_yearly": 0,
            "eps_latest_yearly": 0,
            "eps_growth_yearly": 0
        },
        "20013": {
            "year_quarter": 20013,
            "year": 2001,
            "quarter": 3,
            "eps": 1.09,
            "eps_growth_year": null,
            "eps_4q": null,
            "eps_4q_growth_year": null,
            "roe": 4.69,
            "roe_4q": 25.560000000000002,
            "gross_profit": 102953,
            "gross_margin": 19.94,
            "gross_margin_4q_avg": 23.91,
            "net_income": 43568,
            "net_income_4q": null,
            "revenue": 516323,
            "revenue_4q": null,
            "common_shares": 400000,
            "book_valuer_per_share": 23.74,
            "book_valuer_per_share_4q_avg": 22.09,
            "equity": 949786,
            "current_ratio": 247.76,
            "debt_ratio": 35.77,
            "inventory_turnover_ratio": 0.85,
            "account_receivable_turnover_ratio": null,
            "reinvestment_rate": null,
            "research_to_sale_ratio": null,
            "price_fair": 0,
            "eps_avg_yearly": 0,
            "eps_latest_yearly": 0,
            "eps_growth_yearly": 0
        },
        "20014": {
            "year_quarter": 20014,
            "year": 2001,
            "quarter": 4,
            "eps": 2,
            "eps_growth_year": null,
            "eps_4q": 7.37,
            "eps_4q_growth_year": null,
            "roe": 8.08,
            "roe_4q": 33.64,
            "gross_profit": 154901,
            "gross_margin": 21.8,
            "gross_margin_4q_avg": 23.38,
            "net_income": 79926,
            "net_income_4q": null,
            "revenue": 710463,
            "revenue_4q": null,
            "common_shares": 400000,
            "book_valuer_per_share": 25.74,
            "book_valuer_per_share_4q_avg": 23.01,
            "equity": 1029712,
            "current_ratio": 204.63,
            "debt_ratio": 40.77,
            "inventory_turnover_ratio": 1.11,
            "account_receivable_turnover_ratio": null,
            "reinvestment_rate": null,
            "research_to_sale_ratio": null,
            "price_fair": 0,
            "eps_avg_yearly": 0,
            "eps_latest_yearly": 0,
            "eps_growth_yearly": 0
        },
        "20021": {
            "year_quarter": 20021,
            "year": 2002,
            "quarter": 1,
            "eps": 2.48,
            "eps_growth_year": 66.44,
            "eps_4q": 8.35,
            "eps_4q_growth_year": null,
            "roe": 9.19,
            "roe_4q": 35.03,
            "gross_profit": 166363,
            "gross_margin": 19.19,
            "gross_margin_4q_avg": 21.77,
            "net_income": 99223,
            "net_income_4q": null,
            "revenue": 867136,
            "revenue_4q": null,
            "common_shares": 400000,
            "book_valuer_per_share": 28.22,
            "book_valuer_per_share_4q_avg": 25.09,
            "equity": 1128935,
            "current_ratio": 178.61,
            "debt_ratio": 43.72,
            "inventory_turnover_ratio": 1.29,
            "account_receivable_turnover_ratio": null,
            "reinvestment_rate": null,
            "research_to_sale_ratio": null,
            "price_fair": 347.2,
            "eps_avg_yearly": 9.92,
            "eps_latest_yearly": 9.92,
            "eps_growth_yearly": 96
        },
        "20022": {
            "year_quarter": 20022,
            "year": 2002,
            "quarter": 2,
            "eps": 1.49,
            "eps_growth_year": -46.4,
            "eps_4q": 5.01,
            "eps_4q_growth_year": null,
            "roe": 8.11,
            "roe_4q": 30.069999999999997,
            "gross_profit": 160641,
            "gross_margin": 17.05,
            "gross_margin_4q_avg": 19.5,
            "net_income": 94192,
            "net_income_4q": null,
            "revenue": 941992,
            "revenue_4q": null,
            "common_shares": 633750,
            "book_valuer_per_share": 18.82,
            "book_valuer_per_share_4q_avg": 24.13,
            "equity": 1192766,
            "current_ratio": 181.52,
            "debt_ratio": 42.79,
            "inventory_turnover_ratio": 1.32,
            "account_receivable_turnover_ratio": null,
            "reinvestment_rate": null,
            "research_to_sale_ratio": null,
            "price_fair": 23.82,
            "eps_avg_yearly": 7.94,
            "eps_latest_yearly": 5.96,
            "eps_growth_yearly": -31.84
        },
        "20023": {
            "year_quarter": 20023,
            "year": 2002,
            "quarter": 3,
            "eps": 1.02,
            "eps_growth_year": -6.42,
            "eps_4q": 5.26,
            "eps_4q_growth_year": null,
            "roe": 4.04,
            "roe_4q": 29.419999999999995,
            "gross_profit": 141974,
            "gross_margin": 15.56,
            "gross_margin_4q_avg": 18.4,
            "net_income": 65721,
            "net_income_4q": null,
            "revenue": 912591,
            "revenue_4q": null,
            "common_shares": 733750,
            "book_valuer_per_share": 28.05,
            "book_valuer_per_share_4q_avg": 25.21,
            "equity": 2058487,
            "current_ratio": 288.07,
            "debt_ratio": 27.12,
            "inventory_turnover_ratio": 1.23,
            "account_receivable_turnover_ratio": null,
            "reinvestment_rate": null,
            "research_to_sale_ratio": null,
            "price_fair": 19.96,
            "eps_avg_yearly": 6.65,
            "eps_latest_yearly": 4.08,
            "eps_growth_yearly": -63.28
        },
        "20024": {
            "year_quarter": 20024,
            "year": 2002,
            "quarter": 4,
            "eps": 2.11,
            "eps_growth_year": 5.5,
            "eps_4q": 5.99,
            "eps_4q_growth_year": -18.71,
            "roe": 6.62,
            "roe_4q": 27.96,
            "gross_profit": 241456,
            "gross_margin": 17.97,
            "gross_margin_4q_avg": 17.44,
            "net_income": 140906,
            "net_income_4q": null,
            "revenue": 1343618,
            "revenue_4q": null,
            "common_shares": 733750,
            "book_valuer_per_share": 29.97,
            "book_valuer_per_share_4q_avg": 26.27,
            "equity": 2199204,
            "current_ratio": 230.82,
            "debt_ratio": 34.34,
            "inventory_turnover_ratio": 1.35,
            "account_receivable_turnover_ratio": null,
            "reinvestment_rate": null,
            "research_to_sale_ratio": null,
            "price_fair": 248.5,
            "eps_avg_yearly": 7.1,
            "eps_latest_yearly": 8.44,
            "eps_growth_yearly": 59.4
        },
        "20031": {
            "year_quarter": 20031,
            "year": 2003,
            "quarter": 1,
            "eps": 1.53,
            "eps_growth_year": -38.31,
            "eps_4q": 5.64,
            "eps_4q_growth_year": -32.45,
            "roe": 4.97,
            "roe_4q": 23.74,
            "gross_profit": 213791,
            "gross_margin": 15.04,
            "gross_margin_4q_avg": 16.41,
            "net_income": 112039,
            "net_income_4q": null,
            "revenue": 1421662,
            "revenue_4q": null,
            "common_shares": 733750,
            "book_valuer_per_share": 31.5,
            "book_valuer_per_share_4q_avg": 27.09,
            "equity": 2311426,
            "current_ratio": 200.27,
            "debt_ratio": 40.35,
            "inventory_turnover_ratio": 1.05,
            "account_receivable_turnover_ratio": null,
            "reinvestment_rate": null,
            "research_to_sale_ratio": null,
            "price_fair": 241.64,
            "eps_avg_yearly": 6.9,
            "eps_latest_yearly": 6.12,
            "eps_growth_yearly": 25.53
        },
        "20032": {
            "year_quarter": 20032,
            "year": 2003,
            "quarter": 2,
            "eps": 0.96,
            "eps_growth_year": -35.57,
            "eps_4q": 5.29,
            "eps_4q_growth_year": 5.45,
            "roe": 3.13,
            "roe_4q": 18.759999999999998,
            "gross_profit": 195499,
            "gross_margin": 10.55,
            "gross_margin_4q_avg": 14.78,
            "net_income": 70709,
            "net_income_4q": null,
            "revenue": 1853036,
            "revenue_4q": null,
            "common_shares": 733750,
            "book_valuer_per_share": 30,
            "book_valuer_per_share_4q_avg": 29.88,
            "equity": 2201077,
            "current_ratio": 267.88,
            "debt_ratio": 55.42,
            "inventory_turnover_ratio": 1.43,
            "account_receivable_turnover_ratio": null,
            "reinvestment_rate": null,
            "research_to_sale_ratio": null,
            "price_fair": 19.18,
            "eps_avg_yearly": 6.39,
            "eps_latest_yearly": 3.84,
            "eps_growth_yearly": -3.56
        },
        "20033": {
            "year_quarter": 20033,
            "year": 2003,
            "quarter": 3,
            "eps": 1.5,
            "eps_growth_year": 47.06,
            "eps_4q": 5.06,
            "eps_4q_growth_year": -3.86,
            "roe": 6.01,
            "roe_4q": 20.73,
            "gross_profit": 274552,
            "gross_margin": 12.76,
            "gross_margin_4q_avg": 14.08,
            "net_income": 136410,
            "net_income_4q": null,
            "revenue": 2151647,
            "revenue_4q": null,
            "common_shares": 907500,
            "book_valuer_per_share": 25.73,
            "book_valuer_per_share_4q_avg": 29.3,
            "equity": 2335370,
            "current_ratio": 241.88,
            "debt_ratio": 56.97,
            "inventory_turnover_ratio": 1.52,
            "account_receivable_turnover_ratio": null,
            "reinvestment_rate": null,
            "research_to_sale_ratio": null,
            "price_fair": 221.8,
            "eps_avg_yearly": 6.34,
            "eps_latest_yearly": 6,
            "eps_growth_yearly": 29.09
        },
        "20034": {
            "year_quarter": 20034,
            "year": 2003,
            "quarter": 4,
            "eps": 2.32,
            "eps_growth_year": 9.95,
            "eps_4q": 5.84,
            "eps_4q_growth_year": -2.51,
            "roe": 8.33,
            "roe_4q": 22.439999999999998,
            "gross_profit": 424879,
            "gross_margin": 14.69,
            "gross_margin_4q_avg": 13.26,
            "net_income": 210350,
            "net_income_4q": null,
            "revenue": 2892212,
            "revenue_4q": null,
            "common_shares": 907500,
            "book_valuer_per_share": 29.91,
            "book_valuer_per_share_4q_avg": 29.29,
            "equity": 2713922,
            "current_ratio": 200.2,
            "debt_ratio": 58.02,
            "inventory_turnover_ratio": 1.66,
            "account_receivable_turnover_ratio": null,
            "reinvestment_rate": null,
            "research_to_sale_ratio": null,
            "price_fair": 234.68,
            "eps_avg_yearly": 6.71,
            "eps_latest_yearly": 9.28,
            "eps_growth_yearly": 52.79
        },
        "20041": {
            "year_quarter": 20041,
            "year": 2004,
            "quarter": 1,
            "eps": 2.05,
            "eps_growth_year": 33.99,
            "eps_4q": 6.48,
            "eps_4q_growth_year": 14.95,
            "roe": 6.7,
            "roe_4q": 24.169999999999998,
            "gross_profit": 359606,
            "gross_margin": 12.06,
            "gross_margin_4q_avg": 12.52,
            "net_income": 193154,
            "net_income_4q": null,
            "revenue": 2980685,
            "revenue_4q": null,
            "common_shares": 945692,
            "book_valuer_per_share": 32.29,
            "book_valuer_per_share_4q_avg": 29.48,
            "equity": 3053714,
            "current_ratio": 169.84,
            "debt_ratio": 58.28,
            "inventory_turnover_ratio": 1.65,
            "account_receivable_turnover_ratio": null,
            "reinvestment_rate": null,
            "research_to_sale_ratio": null,
            "price_fair": 240.49,
            "eps_avg_yearly": 6.87,
            "eps_latest_yearly": 8.2,
            "eps_growth_yearly": 41.75
        },
        "20042": {
            "year_quarter": 20042,
            "year": 2004,
            "quarter": 2,
            "eps": 2.04,
            "eps_growth_year": 112.5,
            "eps_4q": 6.55,
            "eps_4q_growth_year": 23.85,
            "roe": 7.62,
            "roe_4q": 28.659999999999997,
            "gross_profit": 361454,
            "gross_margin": 12.04,
            "gross_margin_4q_avg": 12.89,
            "net_income": 244369,
            "net_income_4q": null,
            "revenue": 3001936,
            "revenue_4q": null,
            "common_shares": 960136,
            "book_valuer_per_share": 34.96,
            "book_valuer_per_share_4q_avg": 30.72,
            "equity": 3356386,
            "current_ratio": 169.66,
            "debt_ratio": 53.18,
            "inventory_turnover_ratio": 1.83,
            "account_receivable_turnover_ratio": null,
            "reinvestment_rate": null,
            "research_to_sale_ratio": null,
            "price_fair": 245,
            "eps_avg_yearly": 7,
            "eps_latest_yearly": 8.16,
            "eps_growth_yearly": 37.38
        },
        "20043": {
            "year_quarter": 20043,
            "year": 2004,
            "quarter": 3,
            "eps": 2.11,
            "eps_growth_year": 40.67,
            "eps_4q": 7.47,
            "eps_4q_growth_year": 47.65,
            "roe": 7.11,
            "roe_4q": 29.759999999999998,
            "gross_profit": 387628,
            "gross_margin": 14.05,
            "gross_margin_4q_avg": 13.21,
            "net_income": 255053,
            "net_income_4q": null,
            "revenue": 2759419,
            "revenue_4q": null,
            "common_shares": 1235266,
            "book_valuer_per_share": 30.92,
            "book_valuer_per_share_4q_avg": 32.02,
            "equity": 3818861,
            "current_ratio": 176.59,
            "debt_ratio": 46.92,
            "inventory_turnover_ratio": 1.98,
            "account_receivable_turnover_ratio": null,
            "reinvestment_rate": null,
            "research_to_sale_ratio": null,
            "price_fair": 249.58,
            "eps_avg_yearly": 7.13,
            "eps_latest_yearly": 8.44,
            "eps_growth_yearly": 35.23
        },
        "20044": {
            "year_quarter": 20044,
            "year": 2004,
            "quarter": 4,
            "eps": 2.39,
            "eps_growth_year": 3.02,
            "eps_4q": 8.03,
            "eps_4q_growth_year": 37.45,
            "roe": 7.32,
            "roe_4q": 28.75,
            "gross_profit": 537283,
            "gross_margin": 14.88,
            "gross_margin_4q_avg": 13.26,
            "net_income": 293624,
            "net_income_4q": null,
            "revenue": 3611979,
            "revenue_4q": null,
            "common_shares": 1276941,
            "book_valuer_per_share": 32.91,
            "book_valuer_per_share_4q_avg": 32.77,
            "equity": 4202345,
            "current_ratio": 150.56,
            "debt_ratio": 52.2,
            "inventory_turnover_ratio": 1.94,
            "account_receivable_turnover_ratio": null,
            "reinvestment_rate": 56.27,
            "research_to_sale_ratio": null,
            "price_fair": 256.67,
            "eps_avg_yearly": 7.33,
            "eps_latest_yearly": 9.56,
            "eps_growth_yearly": 36.72
        },
        "20051": {
            "year_quarter": 20051,
            "year": 2005,
            "quarter": 1,
            "eps": 0.88,
            "eps_growth_year": -57.07,
            "eps_4q": 6.96,
            "eps_4q_growth_year": 7.43,
            "roe": 2.64,
            "roe_4q": 24.69,
            "gross_profit": 244679,
            "gross_margin": 10.77,
            "gross_margin_4q_avg": 12.94,
            "net_income": 114737,
            "net_income_4q": null,
            "revenue": 2272705,
            "revenue_4q": null,
            "common_shares": 1301746,
            "book_valuer_per_share": 34.58,
            "book_valuer_per_share_4q_avg": 33.34,
            "equity": 4501598,
            "current_ratio": 175.36,
            "debt_ratio": 39.31,
            "inventory_turnover_ratio": 1.18,
            "account_receivable_turnover_ratio": null,
            "reinvestment_rate": 45.91,
            "research_to_sale_ratio": null,
            "price_fair": 172.14,
            "eps_avg_yearly": 7.04,
            "eps_latest_yearly": 3.52,
            "eps_growth_yearly": 14.45
        },
        "20052": {
            "year_quarter": 20052,
            "year": 2005,
            "quarter": 2,
            "eps": 0.71,
            "eps_growth_year": -65.2,
            "eps_4q": 5.44,
            "eps_4q_growth_year": -16.94,
            "roe": 2.03,
            "roe_4q": 19.1,
            "gross_profit": 236117,
            "gross_margin": 10.35,
            "gross_margin_4q_avg": 12.51,
            "net_income": 99625,
            "net_income_4q": null,
            "revenue": 2280686,
            "revenue_4q": null,
            "common_shares": 1547205,
            "book_valuer_per_share": 34.46,
            "book_valuer_per_share_4q_avg": 33.22,
            "equity": 5331798,
            "current_ratio": 186.38,
            "debt_ratio": 39.02,
            "inventory_turnover_ratio": 1.45,
            "account_receivable_turnover_ratio": null,
            "reinvestment_rate": 46.82,
            "research_to_sale_ratio": null,
            "price_fair": 120.65,
            "eps_avg_yearly": 6.74,
            "eps_latest_yearly": 2.84,
            "eps_growth_yearly": 7.9
        },
        "20053": {
            "year_quarter": 20053,
            "year": 2005,
            "quarter": 3,
            "eps": 0.89,
            "eps_growth_year": -57.82,
            "eps_4q": 3.88,
            "eps_4q_growth_year": -47.99,
            "roe": 2.78,
            "roe_4q": 14.77,
            "gross_profit": 284268,
            "gross_margin": 11.01,
            "gross_margin_4q_avg": 11.75,
            "net_income": 150964,
            "net_income_4q": null,
            "revenue": 2582775,
            "revenue_4q": null,
            "common_shares": 1835007,
            "book_valuer_per_share": 30.14,
            "book_valuer_per_share_4q_avg": 33.02,
            "equity": 5530144,
            "current_ratio": 200.74,
            "debt_ratio": 36.05,
            "inventory_turnover_ratio": 1.72,
            "account_receivable_turnover_ratio": null,
            "reinvestment_rate": 43.32,
            "research_to_sale_ratio": null,
            "price_fair": 157.55,
            "eps_avg_yearly": 6.53,
            "eps_latest_yearly": 3.56,
            "eps_growth_yearly": 14.13
        },
        "20054": {
            "year_quarter": 20054,
            "year": 2005,
            "quarter": 4,
            "eps": 0.65,
            "eps_growth_year": -72.8,
            "eps_4q": 2.69,
            "eps_4q_growth_year": -66.52,
            "roe": 2.06,
            "roe_4q": 9.51,
            "gross_profit": 335856,
            "gross_margin": 10.52,
            "gross_margin_4q_avg": 10.66,
            "net_income": 116527,
            "net_income_4q": null,
            "revenue": 3191855,
            "revenue_4q": null,
            "common_shares": 1835007,
            "book_valuer_per_share": 30.85,
            "book_valuer_per_share_4q_avg": 32.51,
            "equity": 5786086,
            "current_ratio": 152.92,
            "debt_ratio": 45.11,
            "inventory_turnover_ratio": 1.78,
            "account_receivable_turnover_ratio": null,
            "reinvestment_rate": 104.17,
            "research_to_sale_ratio": null,
            "price_fair": 103.72,
            "eps_avg_yearly": 6.28,
            "eps_latest_yearly": 2.6,
            "eps_growth_yearly": 6.51
        },
        "20061": {
            "year_quarter": 20061,
            "year": 2006,
            "quarter": 1,
            "eps": 1.08,
            "eps_growth_year": 22.73,
            "eps_4q": 3.08,
            "eps_4q_growth_year": -55.75,
            "roe": 3.4,
            "roe_4q": 10.27,
            "gross_profit": 317931,
            "gross_margin": 12.02,
            "gross_margin_4q_avg": 10.98,
            "net_income": 198178,
            "net_income_4q": null,
            "revenue": 2645768,
            "revenue_4q": null,
            "common_shares": 1850825,
            "book_valuer_per_share": 31.71,
            "book_valuer_per_share_4q_avg": 31.79,
            "equity": 5869250,
            "current_ratio": 205.59,
            "debt_ratio": 33.83,
            "inventory_turnover_ratio": 1.53,
            "account_receivable_turnover_ratio": null,
            "reinvestment_rate": 36.76,
            "research_to_sale_ratio": null,
            "price_fair": 160.46,
            "eps_avg_yearly": 5.93,
            "eps_latest_yearly": 4.32,
            "eps_growth_yearly": 17.05
        },
        "20062": {
            "year_quarter": 20062,
            "year": 2006,
            "quarter": 2,
            "eps": 1.16,
            "eps_growth_year": 63.38,
            "eps_4q": 3.67,
            "eps_4q_growth_year": -32.47,
            "roe": 3.67,
            "roe_4q": 11.91,
            "gross_profit": 349501,
            "gross_margin": 10.48,
            "gross_margin_4q_avg": 11.01,
            "net_income": 215038,
            "net_income_4q": null,
            "revenue": 3336398,
            "revenue_4q": null,
            "common_shares": 1853094,
            "book_valuer_per_share": 31.57,
            "book_valuer_per_share_4q_avg": 31.07,
            "equity": 5849854,
            "current_ratio": 178.32,
            "debt_ratio": 39.17,
            "inventory_turnover_ratio": 2.39,
            "account_receivable_turnover_ratio": null,
            "reinvestment_rate": 33.94,
            "research_to_sale_ratio": null,
            "price_fair": 204.75,
            "eps_avg_yearly": 5.85,
            "eps_latest_yearly": 4.64,
            "eps_growth_yearly": 28.88
        },
        "20063": {
            "year_quarter": 20063,
            "year": 2006,
            "quarter": 3,
            "eps": 1.63,
            "eps_growth_year": 83.15,
            "eps_4q": 4.17,
            "eps_4q_growth_year": 7.33,
            "roe": 5.46,
            "roe_4q": 14.59,
            "gross_profit": 397737,
            "gross_margin": 11.47,
            "gross_margin_4q_avg": 11.12,
            "net_income": 340036,
            "net_income_4q": null,
            "revenue": 3467309,
            "revenue_4q": null,
            "common_shares": 1858081,
            "book_valuer_per_share": 35.51,
            "book_valuer_per_share_4q_avg": 32.41,
            "equity": 6598851,
            "current_ratio": 252.47,
            "debt_ratio": 39.74,
            "inventory_turnover_ratio": 2.36,
            "account_receivable_turnover_ratio": null,
            "reinvestment_rate": 29.16,
            "research_to_sale_ratio": null,
            "price_fair": 210.09,
            "eps_avg_yearly": 6,
            "eps_latest_yearly": 6.52,
            "eps_growth_yearly": 46.89
        },
        "20064": {
            "year_quarter": 20064,
            "year": 2006,
            "quarter": 4,
            "eps": 0.51,
            "eps_growth_year": -21.54,
            "eps_4q": 4.07,
            "eps_4q_growth_year": 51.46,
            "roe": 1.59,
            "roe_4q": 14.12,
            "gross_profit": 360508,
            "gross_margin": 12.04,
            "gross_margin_4q_avg": 11.5,
            "net_income": 107882,
            "net_income_4q": null,
            "revenue": 2994544,
            "revenue_4q": null,
            "common_shares": 2137357,
            "book_valuer_per_share": 32.16,
            "book_valuer_per_share_4q_avg": 32.74,
            "equity": 6970525,
            "current_ratio": 217.8,
            "debt_ratio": 42.42,
            "inventory_turnover_ratio": 1.55,
            "account_receivable_turnover_ratio": null,
            "reinvestment_rate": 88.48,
            "research_to_sale_ratio": null,
            "price_fair": 72.84,
            "eps_avg_yearly": 5.6,
            "eps_latest_yearly": 2.04,
            "eps_growth_yearly": 3
        },
        "20071": {
            "year_quarter": 20071,
            "year": 2007,
            "quarter": 1,
            "eps": 1.38,
            "eps_growth_year": 27.78,
            "eps_4q": 4.42,
            "eps_4q_growth_year": 43.51,
            "roe": 4.19,
            "roe_4q": 14.91,
            "gross_profit": 398528,
            "gross_margin": 12.87,
            "gross_margin_4q_avg": 11.72,
            "net_income": 300840,
            "net_income_4q": null,
            "revenue": 3097275,
            "revenue_4q": null,
            "common_shares": 2242026,
            "book_valuer_per_share": 32.91,
            "book_valuer_per_share_4q_avg": 33.04,
            "equity": 7379148,
            "current_ratio": 281.73,
            "debt_ratio": 32.11,
            "inventory_turnover_ratio": 1.79,
            "account_receivable_turnover_ratio": null,
            "reinvestment_rate": 25.23,
            "research_to_sale_ratio": null,
            "price_fair": 194.78,
            "eps_avg_yearly": 5.57,
            "eps_latest_yearly": 5.52,
            "eps_growth_yearly": 52.52
        },
        "20072": {
            "year_quarter": 20072,
            "year": 2007,
            "quarter": 2,
            "eps": 1.4,
            "eps_growth_year": 20.69,
            "eps_4q": 4.81,
            "eps_4q_growth_year": 30.86,
            "roe": 4.26,
            "roe_4q": 15.5,
            "gross_profit": 602309,
            "gross_margin": 18.9,
            "gross_margin_4q_avg": 13.82,
            "net_income": 307829,
            "net_income_4q": null,
            "revenue": 3187290,
            "revenue_4q": null,
            "common_shares": 2242026,
            "book_valuer_per_share": 31.5,
            "book_valuer_per_share_4q_avg": 33.02,
            "equity": 7062607,
            "current_ratio": 233.96,
            "debt_ratio": 35.82,
            "inventory_turnover_ratio": 3.13,
            "account_receivable_turnover_ratio": null,
            "reinvestment_rate": 20.8,
            "research_to_sale_ratio": null,
            "price_fair": 198.63,
            "eps_avg_yearly": 5.68,
            "eps_latest_yearly": 5.6,
            "eps_growth_yearly": 62.2
        },
        "20073": {
            "year_quarter": 20073,
            "year": 2007,
            "quarter": 3,
            "eps": 1.28,
            "eps_growth_year": -21.47,
            "eps_4q": 4.31,
            "eps_4q_growth_year": 3.28,
            "roe": 4.12,
            "roe_4q": 14.16,
            "gross_profit": 506206,
            "gross_margin": 17.27,
            "gross_margin_4q_avg": 15.27,
            "net_income": 303098,
            "net_income_4q": null,
            "revenue": 2931898,
            "revenue_4q": null,
            "common_shares": 2411851,
            "book_valuer_per_share": 31.68,
            "book_valuer_per_share_4q_avg": 32.06,
            "equity": 7639966,
            "current_ratio": 245.88,
            "debt_ratio": 34.3,
            "inventory_turnover_ratio": 3.15,
            "account_receivable_turnover_ratio": null,
            "reinvestment_rate": 18.63,
            "research_to_sale_ratio": null,
            "price_fair": 196.7,
            "eps_avg_yearly": 5.62,
            "eps_latest_yearly": 5.12,
            "eps_growth_yearly": 45.99
        },
        "20074": {
            "year_quarter": 20074,
            "year": 2007,
            "quarter": 4,
            "eps": 0.41,
            "eps_growth_year": -19.61,
            "eps_4q": 4.28,
            "eps_4q_growth_year": 5.13,
            "roe": 1.26,
            "roe_4q": 13.830000000000002,
            "gross_profit": 444263,
            "gross_margin": 13.7,
            "gross_margin_4q_avg": 15.69,
            "net_income": 96604,
            "net_income_4q": null,
            "revenue": 3242889,
            "revenue_4q": null,
            "common_shares": 2411851,
            "book_valuer_per_share": 31.7,
            "book_valuer_per_share_4q_avg": 31.95,
            "equity": 7729557,
            "current_ratio": 220.2,
            "debt_ratio": 38,
            "inventory_turnover_ratio": 2.32,
            "account_receivable_turnover_ratio": null,
            "reinvestment_rate": 66.85,
            "research_to_sale_ratio": null,
            "price_fair": 130.27,
            "eps_avg_yearly": 5.14,
            "eps_latest_yearly": 1.64,
            "eps_growth_yearly": 15.33
        },
        "20081": {
            "year_quarter": 20081,
            "year": 2008,
            "quarter": 1,
            "eps": 0.71,
            "eps_growth_year": -48.55,
            "eps_4q": 3.41,
            "eps_4q_growth_year": -22.78,
            "roe": 2.45,
            "roe_4q": 12.09,
            "gross_profit": 535407,
            "gross_margin": 12.68,
            "gross_margin_4q_avg": 15.64,
            "net_income": 179223,
            "net_income_4q": null,
            "revenue": 4222353,
            "revenue_4q": null,
            "common_shares": 2411851,
            "book_valuer_per_share": 28.12,
            "book_valuer_per_share_4q_avg": 30.75,
            "equity": 6891482,
            "current_ratio": 163.52,
            "debt_ratio": 41.9,
            "inventory_turnover_ratio": 2.03,
            "account_receivable_turnover_ratio": null,
            "reinvestment_rate": 61.38,
            "research_to_sale_ratio": null,
            "price_fair": 168.26,
            "eps_avg_yearly": 4.81,
            "eps_latest_yearly": 2.84,
            "eps_growth_yearly": 36.53
        },
        "20082": {
            "year_quarter": 20082,
            "year": 2008,
            "quarter": 2,
            "eps": 1.6,
            "eps_growth_year": 14.29,
            "eps_4q": 3.52,
            "eps_4q_growth_year": -26.73,
            "roe": 6.28,
            "roe_4q": 14.11,
            "gross_profit": 752632,
            "gross_margin": 12.99,
            "gross_margin_4q_avg": 14.16,
            "net_income": 422654,
            "net_income_4q": null,
            "revenue": 5794973,
            "revenue_4q": null,
            "common_shares": 2414881,
            "book_valuer_per_share": 26.75,
            "book_valuer_per_share_4q_avg": 29.56,
            "equity": 6574389,
            "current_ratio": 156.94,
            "debt_ratio": 53.91,
            "inventory_turnover_ratio": 2.54,
            "account_receivable_turnover_ratio": null,
            "reinvestment_rate": 61.61,
            "research_to_sale_ratio": null,
            "price_fair": 164.41,
            "eps_avg_yearly": 4.7,
            "eps_latest_yearly": 6.4,
            "eps_growth_yearly": 67.99
        },
        "20083": {
            "year_quarter": 20083,
            "year": 2008,
            "quarter": 3,
            "eps": 1.63,
            "eps_growth_year": 27.34,
            "eps_4q": 4.47,
            "eps_4q_growth_year": 3.76,
            "roe": 5.38,
            "roe_4q": 15.37,
            "gross_profit": 770997,
            "gross_margin": 13.48,
            "gross_margin_4q_avg": 13.21,
            "net_income": 367985,
            "net_income_4q": null,
            "revenue": 5718453,
            "revenue_4q": null,
            "common_shares": 2535429,
            "book_valuer_per_share": 27.64,
            "book_valuer_per_share_4q_avg": 28.55,
            "equity": 7111285,
            "current_ratio": 168.77,
            "debt_ratio": 49.51,
            "inventory_turnover_ratio": 2.37,
            "account_receivable_turnover_ratio": null,
            "reinvestment_rate": 64.01,
            "research_to_sale_ratio": null,
            "price_fair": 160.21,
            "eps_avg_yearly": 4.58,
            "eps_latest_yearly": 6.52,
            "eps_growth_yearly": 67.6
        },
        "20084": {
            "year_quarter": 20084,
            "year": 2008,
            "quarter": 4,
            "eps": 0.95,
            "eps_growth_year": 131.71,
            "eps_4q": 5.49,
            "eps_4q_growth_year": 28.35,
            "roe": 2.7,
            "roe_4q": 16.81,
            "gross_profit": 723440,
            "gross_margin": 12.48,
            "gross_margin_4q_avg": 12.91,
            "net_income": 196566,
            "net_income_4q": null,
            "revenue": 5798919,
            "revenue_4q": null,
            "common_shares": 2563412,
            "book_valuer_per_share": 28.78,
            "book_valuer_per_share_4q_avg": 27.82,
            "equity": 7446862,
            "current_ratio": 171.41,
            "debt_ratio": 47.34,
            "inventory_turnover_ratio": 2.87,
            "account_receivable_turnover_ratio": 2.67,
            "reinvestment_rate": 66.46,
            "research_to_sale_ratio": null,
            "price_fair": 147.61,
            "eps_avg_yearly": 4.22,
            "eps_latest_yearly": 3.8,
            "eps_growth_yearly": 53.86
        },
        "20091": {
            "year_quarter": 20091,
            "year": 2009,
            "quarter": 1,
            "eps": 0.88,
            "eps_growth_year": 23.94,
            "eps_4q": 5.05,
            "eps_4q_growth_year": 47.91,
            "roe": 2.72,
            "roe_4q": 17.080000000000002,
            "gross_profit": 570938,
            "gross_margin": 12.21,
            "gross_margin_4q_avg": 12.79,
            "net_income": 207619,
            "net_income_4q": null,
            "revenue": 4677242,
            "revenue_4q": null,
            "common_shares": 2582435,
            "book_valuer_per_share": 29.97,
            "book_valuer_per_share_4q_avg": 28.29,
            "equity": 7809992,
            "current_ratio": 170.56,
            "debt_ratio": 46.69,
            "inventory_turnover_ratio": 3.01,
            "account_receivable_turnover_ratio": 1.03,
            "reinvestment_rate": 72.52,
            "research_to_sale_ratio": null,
            "price_fair": 147.61,
            "eps_avg_yearly": 4.22,
            "eps_latest_yearly": 3.52,
            "eps_growth_yearly": 67.81
        },
        "20092": {
            "year_quarter": 20092,
            "year": 2009,
            "quarter": 2,
            "eps": 0.59,
            "eps_growth_year": -63.12,
            "eps_4q": 3.81,
            "eps_4q_growth_year": 8.23,
            "roe": 1.99,
            "roe_4q": 12.79,
            "gross_profit": 547453,
            "gross_margin": 11.99,
            "gross_margin_4q_avg": 12.54,
            "net_income": 149304,
            "net_income_4q": null,
            "revenue": 4566407,
            "revenue_4q": null,
            "common_shares": 2599583,
            "book_valuer_per_share": 27.37,
            "book_valuer_per_share_4q_avg": 28.44,
            "equity": 7184645,
            "current_ratio": 137.65,
            "debt_ratio": 48.42,
            "inventory_turnover_ratio": 3.14,
            "account_receivable_turnover_ratio": 1.05,
            "reinvestment_rate": 71.75,
            "research_to_sale_ratio": null,
            "price_fair": 146.56,
            "eps_avg_yearly": 4.19,
            "eps_latest_yearly": 2.36,
            "eps_growth_yearly": 64.4
        },
        "20093": {
            "year_quarter": 20093,
            "year": 2009,
            "quarter": 3,
            "eps": 0.35,
            "eps_growth_year": -78.53,
            "eps_4q": 2.6,
            "eps_4q_growth_year": -41.82,
            "roe": 1.24,
            "roe_4q": 8.65,
            "gross_profit": 526387,
            "gross_margin": 13.65,
            "gross_margin_4q_avg": 12.58,
            "net_income": 90553,
            "net_income_4q": null,
            "revenue": 3855112,
            "revenue_4q": null,
            "common_shares": 2739176,
            "book_valuer_per_share": 26.67,
            "book_valuer_per_share_4q_avg": 28.2,
            "equity": 7372928,
            "current_ratio": 144.74,
            "debt_ratio": 42.64,
            "inventory_turnover_ratio": 2.4,
            "account_receivable_turnover_ratio": 1.12,
            "reinvestment_rate": 74.17,
            "research_to_sale_ratio": null,
            "price_fair": 141.84,
            "eps_avg_yearly": 4.05,
            "eps_latest_yearly": 1.4,
            "eps_growth_yearly": 47.89
        },
        "20094": {
            "year_quarter": 20094,
            "year": 2009,
            "quarter": 4,
            "eps": 0.8,
            "eps_growth_year": -15.79,
            "eps_4q": 2.49,
            "eps_4q_growth_year": -54.62,
            "roe": 2.74,
            "roe_4q": 8.690000000000001,
            "gross_profit": 617209,
            "gross_margin": 13.04,
            "gross_margin_4q_avg": 12.72,
            "net_income": 208947,
            "net_income_4q": null,
            "revenue": 4734189,
            "revenue_4q": null,
            "common_shares": 2767123,
            "book_valuer_per_share": 29.79,
            "book_valuer_per_share_4q_avg": 28.45,
            "equity": 7871981,
            "current_ratio": 150.62,
            "debt_ratio": 45.14,
            "inventory_turnover_ratio": 2.96,
            "account_receivable_turnover_ratio": 2.18,
            "reinvestment_rate": 58.81,
            "research_to_sale_ratio": null,
            "price_fair": 143.15,
            "eps_avg_yearly": 4.09,
            "eps_latest_yearly": 3.2,
            "eps_growth_yearly": 86.78
        },
        "20101": {
            "year_quarter": 20101,
            "year": 2010,
            "quarter": 1,
            "eps": 0.54,
            "eps_growth_year": -38.64,
            "eps_4q": 2.22,
            "eps_4q_growth_year": -55.99,
            "roe": 1.77,
            "roe_4q": 7.74,
            "gross_profit": 506476,
            "gross_margin": 12.36,
            "gross_margin_4q_avg": 12.76,
            "net_income": 140938,
            "net_income_4q": null,
            "revenue": 4096806,
            "revenue_4q": null,
            "common_shares": 2782958,
            "book_valuer_per_share": 30.25,
            "book_valuer_per_share_4q_avg": 28.52,
            "equity": 8041450,
            "current_ratio": 146.38,
            "debt_ratio": 47.56,
            "inventory_turnover_ratio": 2.44,
            "account_receivable_turnover_ratio": 1,
            "reinvestment_rate": 101.71,
            "research_to_sale_ratio": 6.35,
            "price_fair": 138.43,
            "eps_avg_yearly": 3.96,
            "eps_latest_yearly": 2.16,
            "eps_growth_yearly": 62.12
        },
        "20102": {
            "year_quarter": 20102,
            "year": 2010,
            "quarter": 2,
            "eps": 0.49,
            "eps_growth_year": -17.59,
            "eps_4q": 2.2,
            "eps_4q_growth_year": -42.33,
            "roe": 1.62,
            "roe_4q": 7.370000000000001,
            "gross_profit": 502986,
            "gross_margin": 11.28,
            "gross_margin_4q_avg": 12.58,
            "net_income": 124074,
            "net_income_4q": null,
            "revenue": 4459295,
            "revenue_4q": null,
            "common_shares": 2782958,
            "book_valuer_per_share": 28.33,
            "book_valuer_per_share_4q_avg": 28.76,
            "equity": 7229082,
            "current_ratio": 126.23,
            "debt_ratio": 56.09,
            "inventory_turnover_ratio": 2.03,
            "account_receivable_turnover_ratio": 1.08,
            "reinvestment_rate": 93.79,
            "research_to_sale_ratio": 5.92,
            "price_fair": 132.56,
            "eps_avg_yearly": 3.79,
            "eps_latest_yearly": 1.96,
            "eps_growth_yearly": 57.95
        },
        "20103": {
            "year_quarter": 20103,
            "year": 2010,
            "quarter": 3,
            "eps": 0.27,
            "eps_growth_year": -22.49,
            "eps_4q": 2.09,
            "eps_4q_growth_year": -19.49,
            "roe": 0.98,
            "roe_4q": 7.11,
            "gross_profit": 635798,
            "gross_margin": 10.34,
            "gross_margin_4q_avg": 11.76,
            "net_income": 70108,
            "net_income_4q": null,
            "revenue": 6147751,
            "revenue_4q": null,
            "common_shares": 2835677,
            "book_valuer_per_share": 27.46,
            "book_valuer_per_share_4q_avg": 28.96,
            "equity": 7095238,
            "current_ratio": 118.67,
            "debt_ratio": 61.98,
            "inventory_turnover_ratio": 2.1,
            "account_receivable_turnover_ratio": 1.18,
            "reinvestment_rate": 115.71,
            "research_to_sale_ratio": 5.03,
            "price_fair": 120.66,
            "eps_avg_yearly": 3.45,
            "eps_latest_yearly": 1.08,
            "eps_growth_yearly": 36.59
        },
        "20104": {
            "year_quarter": 20104,
            "year": 2010,
            "quarter": 4,
            "eps": 0.24,
            "eps_growth_year": -70.02,
            "eps_4q": 1.49,
            "eps_4q_growth_year": -40.2,
            "roe": 0.65,
            "roe_4q": 5.02,
            "gross_profit": 677497,
            "gross_margin": 9.79,
            "gross_margin_4q_avg": 10.94,
            "net_income": 46924,
            "net_income_4q": null,
            "revenue": 6918799,
            "revenue_4q": null,
            "common_shares": 2844333,
            "book_valuer_per_share": 27.04,
            "book_valuer_per_share_4q_avg": 28.27,
            "equity": 7295734,
            "current_ratio": 116.57,
            "debt_ratio": 62.25,
            "inventory_turnover_ratio": 2.21,
            "account_receivable_turnover_ratio": 1.09,
            "reinvestment_rate": 60.02,
            "research_to_sale_ratio": 5.35,
            "price_fair": 118.3,
            "eps_avg_yearly": 3.38,
            "eps_latest_yearly": 0.96,
            "eps_growth_yearly": 50.99
        },
        "20111": {
            "year_quarter": 20111,
            "year": 2011,
            "quarter": 1,
            "eps": 0.18,
            "eps_growth_year": -66.67,
            "eps_4q": 1.06,
            "eps_4q_growth_year": -52.19,
            "roe": 0.59,
            "roe_4q": 3.84,
            "gross_profit": 676325,
            "gross_margin": 10.72,
            "gross_margin_4q_avg": 10.53,
            "net_income": 45306,
            "net_income_4q": null,
            "revenue": 6311674,
            "revenue_4q": null,
            "common_shares": 2905918,
            "book_valuer_per_share": 27.53,
            "book_valuer_per_share_4q_avg": 27.59,
            "equity": 7997327,
            "current_ratio": 120.65,
            "debt_ratio": 62.24,
            "inventory_turnover_ratio": 1.81,
            "account_receivable_turnover_ratio": 0.89,
            "reinvestment_rate": 133.51,
            "research_to_sale_ratio": 4.71,
            "price_fair": 37.26,
            "eps_avg_yearly": 3.08,
            "eps_latest_yearly": 0.72,
            "eps_growth_yearly": 2.1
        },
        "20112": {
            "year_quarter": 20112,
            "year": 2011,
            "quarter": 2,
            "eps": -0.82,
            "eps_growth_year": -268.92,
            "eps_4q": -0.2,
            "eps_4q_growth_year": -109.16,
            "roe": -3.08,
            "roe_4q": -0.8600000000000003,
            "gross_profit": 453892,
            "gross_margin": 6.65,
            "gross_margin_4q_avg": 9.38,
            "net_income": -239326,
            "net_income_4q": null,
            "revenue": 6821503,
            "revenue_4q": null,
            "common_shares": 2905918,
            "book_valuer_per_share": 25.54,
            "book_valuer_per_share_4q_avg": 26.89,
            "equity": 7551865,
            "current_ratio": 119.49,
            "debt_ratio": 60.5,
            "inventory_turnover_ratio": 1.8,
            "account_receivable_turnover_ratio": 1.12,
            "reinvestment_rate": 162.74,
            "research_to_sale_ratio": 3.43,
            "price_fair": 34.51,
            "eps_avg_yearly": 2.91,
            "eps_latest_yearly": 0.72,
            "eps_growth_yearly": 1.85
        },
        "20113": {
            "year_quarter": 20113,
            "year": 2011,
            "quarter": 3,
            "eps": 0.48,
            "eps_growth_year": 77.5,
            "eps_4q": 0.06,
            "eps_4q_growth_year": -97.18,
            "roe": 1.88,
            "roe_4q": 0.039999999999999813,
            "gross_profit": 735454,
            "gross_margin": 9.01,
            "gross_margin_4q_avg": 9.04,
            "net_income": 147739,
            "net_income_4q": null,
            "revenue": 8160808,
            "revenue_4q": null,
            "common_shares": 3098601,
            "book_valuer_per_share": 26.7,
            "book_valuer_per_share_4q_avg": 26.7,
            "equity": 8190512,
            "current_ratio": 140.86,
            "debt_ratio": 62.27,
            "inventory_turnover_ratio": 1.97,
            "account_receivable_turnover_ratio": 1.6,
            "reinvestment_rate": 176.45,
            "research_to_sale_ratio": 3.31,
            "price_fair": 39.75,
            "eps_avg_yearly": 2.75,
            "eps_latest_yearly": 0.72,
            "eps_growth_yearly": 4.43
        },
        "20114": {
            "year_quarter": 20114,
            "year": 2011,
            "quarter": 4,
            "eps": 0.19,
            "eps_growth_year": -21.38,
            "eps_4q": 0.04,
            "eps_4q_growth_year": -97.47,
            "roe": 0.7,
            "roe_4q": 0.08999999999999997,
            "gross_profit": 747898,
            "gross_margin": 10.77,
            "gross_margin_4q_avg": 9.29,
            "net_income": 57843,
            "net_income_4q": null,
            "revenue": 6943326,
            "revenue_4q": null,
            "common_shares": 3098602,
            "book_valuer_per_share": 26.83,
            "book_valuer_per_share_4q_avg": 26.65,
            "equity": 8231832,
            "current_ratio": 166.71,
            "debt_ratio": 51.9,
            "inventory_turnover_ratio": 1.97,
            "account_receivable_turnover_ratio": 1.33,
            "reinvestment_rate": 91.73,
            "research_to_sale_ratio": 5.21,
            "price_fair": 44.65,
            "eps_avg_yearly": 2.69,
            "eps_latest_yearly": 0.76,
            "eps_growth_yearly": 6.59
        },
        "20121": {
            "year_quarter": 20121,
            "year": 2012,
            "quarter": 1,
            "eps": 0.42,
            "eps_growth_year": 133.33,
            "eps_4q": 0.29,
            "eps_4q_growth_year": -72.27,
            "roe": 1.55,
            "roe_4q": 1.0499999999999998,
            "gross_profit": 623977,
            "gross_margin": 10.35,
            "gross_margin_4q_avg": 9.2,
            "net_income": 127635,
            "net_income_4q": null,
            "revenue": 6031458,
            "revenue_4q": null,
            "common_shares": 3068033,
            "book_valuer_per_share": 27.02,
            "book_valuer_per_share_4q_avg": 26.52,
            "equity": 8288296,
            "current_ratio": 164.73,
            "debt_ratio": 52.96,
            "inventory_turnover_ratio": 2.29,
            "account_receivable_turnover_ratio": 1.31,
            "reinvestment_rate": 111.66,
            "research_to_sale_ratio": 4.53,
            "price_fair": 78.96,
            "eps_avg_yearly": 2.61,
            "eps_latest_yearly": 1.68,
            "eps_growth_yearly": 20.27
        },
        "20122": {
            "year_quarter": 20122,
            "year": 2012,
            "quarter": 2,
            "eps": 1.25,
            "eps_growth_year": null,
            "eps_4q": 2.34,
            "eps_4q_growth_year": null,
            "roe": 4.53,
            "roe_4q": 8.66,
            "gross_profit": 1034801,
            "gross_margin": 13.83,
            "gross_margin_4q_avg": 10.99,
            "net_income": 381285,
            "net_income_4q": null,
            "revenue": 7480321,
            "revenue_4q": null,
            "common_shares": 3068033,
            "book_valuer_per_share": 27.99,
            "book_valuer_per_share_4q_avg": 27.14,
            "equity": 8537928,
            "current_ratio": 164.26,
            "debt_ratio": 54.47,
            "inventory_turnover_ratio": 2.74,
            "account_receivable_turnover_ratio": 1.66,
            "reinvestment_rate": 97.87,
            "research_to_sale_ratio": 3.99,
            "price_fair": 87.8,
            "eps_avg_yearly": 2.51,
            "eps_latest_yearly": 5,
            "eps_growth_yearly": 40.92
        },
        "20123": {
            "year_quarter": 20123,
            "year": 2012,
            "quarter": 3,
            "eps": 0.89,
            "eps_growth_year": 84.21,
            "eps_4q": 2.74,
            "eps_4q_growth_year": 4546.1,
            "roe": 3.14,
            "roe_4q": 9.92,
            "gross_profit": 871536,
            "gross_margin": 12.8,
            "gross_margin_4q_avg": 11.94,
            "net_income": 270628,
            "net_income_4q": null,
            "revenue": 6806857,
            "revenue_4q": null,
            "common_shares": 3050853,
            "book_valuer_per_share": 28.56,
            "book_valuer_per_share_4q_avg": 27.6,
            "equity": 8713383,
            "current_ratio": 174.35,
            "debt_ratio": 51.83,
            "inventory_turnover_ratio": 2.73,
            "account_receivable_turnover_ratio": 1.55,
            "reinvestment_rate": 91.64,
            "research_to_sale_ratio": 4.11,
            "price_fair": 80.4,
            "eps_avg_yearly": 2.3,
            "eps_latest_yearly": 3.56,
            "eps_growth_yearly": 32.15
        },
        "20124": {
            "year_quarter": 20124,
            "year": 2012,
            "quarter": 4,
            "eps": 0.47,
            "eps_growth_year": 148.05,
            "eps_4q": 3.02,
            "eps_4q_growth_year": 7921.33,
            "roe": 1.63,
            "roe_4q": 10.850000000000001,
            "gross_profit": 864234,
            "gross_margin": 14.16,
            "gross_margin_4q_avg": 12.79,
            "net_income": 142676,
            "net_income_4q": null,
            "revenue": 6101939,
            "revenue_4q": null,
            "common_shares": 3050853,
            "book_valuer_per_share": 28.97,
            "book_valuer_per_share_4q_avg": 28.14,
            "equity": 8838803,
            "current_ratio": 186.25,
            "debt_ratio": 49.34,
            "inventory_turnover_ratio": 2.7,
            "account_receivable_turnover_ratio": 1.6,
            "reinvestment_rate": 43.26,
            "research_to_sale_ratio": 5.59,
            "price_fair": 75.6,
            "eps_avg_yearly": 2.16,
            "eps_latest_yearly": 1.88,
            "eps_growth_yearly": 30.59
        },
        "20131": {
            "year_quarter": 20131,
            "year": 2013,
            "quarter": 1,
            "eps": 0.73,
            "eps_growth_year": 73.81,
            "eps_4q": 3.29,
            "eps_4q_growth_year": 1017.72,
            "roe": 2.48,
            "roe_4q": 11.780000000000001,
            "gross_profit": 624363,
            "gross_margin": 12.02,
            "gross_margin_4q_avg": 13.2,
            "net_income": 223828,
            "net_income_4q": null,
            "revenue": 5195439,
            "revenue_4q": null,
            "common_shares": 3050853,
            "book_valuer_per_share": 30.24,
            "book_valuer_per_share_4q_avg": 28.94,
            "equity": 9227273,
            "current_ratio": 175.26,
            "debt_ratio": 51.24,
            "inventory_turnover_ratio": 2.42,
            "account_receivable_turnover_ratio": 1.51,
            "reinvestment_rate": 57.99,
            "research_to_sale_ratio": 5.63,
            "price_fair": 74.1,
            "eps_avg_yearly": 2.12,
            "eps_latest_yearly": 2.92,
            "eps_growth_yearly": 48.5
        },
        "20132": {
            "year_quarter": 20132,
            "year": 2013,
            "quarter": 2,
            "eps": 0.47,
            "eps_growth_year": -62.39,
            "eps_4q": 2.53,
            "eps_4q_growth_year": 8.02,
            "roe": 1.62,
            "roe_4q": 8.87,
            "gross_profit": 636864,
            "gross_margin": 10.96,
            "gross_margin_4q_avg": 12.49,
            "net_income": 145385,
            "net_income_4q": null,
            "revenue": 5812001,
            "revenue_4q": null,
            "common_shares": 3093034,
            "book_valuer_per_share": 28.24,
            "book_valuer_per_share_4q_avg": 29,
            "equity": 8733739,
            "current_ratio": 164.41,
            "debt_ratio": 52.69,
            "inventory_turnover_ratio": 2.5,
            "account_receivable_turnover_ratio": 1.65,
            "reinvestment_rate": 75.47,
            "research_to_sale_ratio": 5.47,
            "price_fair": 72.9,
            "eps_avg_yearly": 2.08,
            "eps_latest_yearly": 1.88,
            "eps_growth_yearly": 47.74
        },
        "20133": {
            "year_quarter": 20133,
            "year": 2013,
            "quarter": 3,
            "eps": 0.12,
            "eps_growth_year": -86.47,
            "eps_4q": 1.78,
            "eps_4q_growth_year": -35.31,
            "roe": 0.43,
            "roe_4q": 6.16,
            "gross_profit": 613963,
            "gross_margin": 13.11,
            "gross_margin_4q_avg": 12.56,
            "net_income": 37329,
            "net_income_4q": null,
            "revenue": 4682347,
            "revenue_4q": null,
            "common_shares": 3093099,
            "book_valuer_per_share": 28.38,
            "book_valuer_per_share_4q_avg": 28.96,
            "equity": 8777632,
            "current_ratio": 164.78,
            "debt_ratio": 51.62,
            "inventory_turnover_ratio": 2.01,
            "account_receivable_turnover_ratio": 1.25,
            "reinvestment_rate": 74.94,
            "research_to_sale_ratio": 6.64,
            "price_fair": 70.6,
            "eps_avg_yearly": 2.02,
            "eps_latest_yearly": 0.48,
            "eps_growth_yearly": 38.09
        },
        "20134": {
            "year_quarter": 20134,
            "year": 2013,
            "quarter": 4,
            "eps": 0.16,
            "eps_growth_year": -66.03,
            "eps_4q": 1.47,
            "eps_4q_growth_year": -51.26,
            "roe": 0.56,
            "roe_4q": 5.09,
            "gross_profit": 447366,
            "gross_margin": 10.55,
            "gross_margin_4q_avg": 11.66,
            "net_income": 49143,
            "net_income_4q": null,
            "revenue": 4239533,
            "revenue_4q": null,
            "common_shares": 3093099,
            "book_valuer_per_share": 28.87,
            "book_valuer_per_share_4q_avg": 28.93,
            "equity": 8929191,
            "current_ratio": 135.72,
            "debt_ratio": 50.14,
            "inventory_turnover_ratio": 2.18,
            "account_receivable_turnover_ratio": 1.12,
            "reinvestment_rate": 39.95,
            "research_to_sale_ratio": 7.14,
            "price_fair": 38.29,
            "eps_avg_yearly": 1.83,
            "eps_latest_yearly": 0.64,
            "eps_growth_yearly": 10.88
        },
        "20141": {
            "year_quarter": 20141,
            "year": 2014,
            "quarter": 1,
            "eps": 0.16,
            "eps_growth_year": -78.08,
            "eps_4q": 0.91,
            "eps_4q_growth_year": -72.39,
            "roe": 0.55,
            "roe_4q": 3.16,
            "gross_profit": 424187,
            "gross_margin": 11.74,
            "gross_margin_4q_avg": 11.59,
            "net_income": 49378,
            "net_income_4q": null,
            "revenue": 3614659,
            "revenue_4q": null,
            "common_shares": 3093099,
            "book_valuer_per_share": 29.24,
            "book_valuer_per_share_4q_avg": 28.68,
            "equity": 9044795,
            "current_ratio": 142.76,
            "debt_ratio": 49.98,
            "inventory_turnover_ratio": 1.93,
            "account_receivable_turnover_ratio": 0.96,
            "reinvestment_rate": 11.6,
            "research_to_sale_ratio": 7.09,
            "price_fair": 52.05,
            "eps_avg_yearly": 1.73,
            "eps_latest_yearly": 0.64,
            "eps_growth_yearly": 20.16
        },
        "20142": {
            "year_quarter": 20142,
            "year": 2014,
            "quarter": 2,
            "eps": 0.03,
            "eps_growth_year": -93.62,
            "eps_4q": 0.47,
            "eps_4q_growth_year": -81.41,
            "roe": 0.11,
            "roe_4q": 1.6500000000000001,
            "gross_profit": 487363,
            "gross_margin": 12.18,
            "gross_margin_4q_avg": 11.9,
            "net_income": 9616,
            "net_income_4q": null,
            "revenue": 4002654,
            "revenue_4q": null,
            "common_shares": 3093099,
            "book_valuer_per_share": 27.18,
            "book_valuer_per_share_4q_avg": 28.42,
            "equity": 8408069,
            "current_ratio": 126.43,
            "debt_ratio": 54.55,
            "inventory_turnover_ratio": 1.85,
            "account_receivable_turnover_ratio": 1.05,
            "reinvestment_rate": 70.15,
            "research_to_sale_ratio": 5.9,
            "price_fair": 4.78,
            "eps_avg_yearly": 1.59,
            "eps_latest_yearly": 0.12,
            "eps_growth_yearly": -0.41
        },
        "20143": {
            "year_quarter": 20143,
            "year": 2014,
            "quarter": 3,
            "eps": 0.01,
            "eps_growth_year": -91.67,
            "eps_4q": 0.35,
            "eps_4q_growth_year": -80.08,
            "roe": 0.04,
            "roe_4q": 1.2600000000000002,
            "gross_profit": 446969,
            "gross_margin": 8.48,
            "gross_margin_4q_avg": 10.74,
            "net_income": 3414,
            "net_income_4q": null,
            "revenue": 5273249,
            "revenue_4q": null,
            "common_shares": 3153099,
            "book_valuer_per_share": 26.87,
            "book_valuer_per_share_4q_avg": 28.04,
            "equity": 8471907,
            "current_ratio": 125.39,
            "debt_ratio": 56.05,
            "inventory_turnover_ratio": 2.13,
            "account_receivable_turnover_ratio": 1.13,
            "reinvestment_rate": 42.54,
            "research_to_sale_ratio": 5.4,
            "price_fair": 4.56,
            "eps_avg_yearly": 1.52,
            "eps_latest_yearly": 0.04,
            "eps_growth_yearly": -6.63
        },
        "20144": {
            "year_quarter": 20144,
            "year": 2014,
            "quarter": 4,
            "eps": 0.03,
            "eps_growth_year": -81,
            "eps_4q": 0.23,
            "eps_4q_growth_year": -84.11,
            "roe": 0.11,
            "roe_4q": 0.81,
            "gross_profit": 490546,
            "gross_margin": 10.23,
            "gross_margin_4q_avg": 10.66,
            "net_income": 9236,
            "net_income_4q": null,
            "revenue": 4793890,
            "revenue_4q": null,
            "common_shares": 3153099,
            "book_valuer_per_share": 28.78,
            "book_valuer_per_share_4q_avg": 28.02,
            "equity": 8539516,
            "current_ratio": 118.06,
            "debt_ratio": 51.16,
            "inventory_turnover_ratio": 1.88,
            "account_receivable_turnover_ratio": 0.93,
            "reinvestment_rate": 136.63,
            "research_to_sale_ratio": 6.36,
            "price_fair": 51.1,
            "eps_avg_yearly": 1.46,
            "eps_latest_yearly": 0.12,
            "eps_growth_yearly": 53.69
        },
        "20151": {
            "year_quarter": 20151,
            "year": 2015,
            "quarter": 1,
            "eps": 0.17,
            "eps_growth_year": 6.25,
            "eps_4q": 0.24,
            "eps_4q_growth_year": -73.93,
            "roe": 0.59,
            "roe_4q": 0.85,
            "gross_profit": 537065,
            "gross_margin": 12.09,
            "gross_margin_4q_avg": 10.75,
            "net_income": 50240,
            "net_income_4q": null,
            "revenue": 4443740,
            "revenue_4q": null,
            "common_shares": 3058975,
            "book_valuer_per_share": 27.81,
            "book_valuer_per_share_4q_avg": 27.66,
            "equity": 8507174,
            "current_ratio": 116.03,
            "debt_ratio": 52.82,
            "inventory_turnover_ratio": 1.68,
            "account_receivable_turnover_ratio": 0.94,
            "reinvestment_rate": 119.65,
            "research_to_sale_ratio": 6.28,
            "price_fair": 51,
            "eps_avg_yearly": 1.46,
            "eps_latest_yearly": 0.68,
            "eps_growth_yearly": 194.17
        },
        "20152": {
            "year_quarter": 20152,
            "year": 2015,
            "quarter": 2,
            "eps": 0.04,
            "eps_growth_year": 33.33,
            "eps_4q": 0.24,
            "eps_4q_growth_year": -48.54,
            "roe": 0.13,
            "roe_4q": 0.87,
            "gross_profit": 578526,
            "gross_margin": 12.12,
            "gross_margin_4q_avg": 10.73,
            "net_income": 11114,
            "net_income_4q": null,
            "revenue": 4772131,
            "revenue_4q": null,
            "common_shares": 3057606,
            "book_valuer_per_share": 27.16,
            "book_valuer_per_share_4q_avg": 27.66,
            "equity": 8303580,
            "current_ratio": 138.99,
            "debt_ratio": 47.12,
            "inventory_turnover_ratio": 2.01,
            "account_receivable_turnover_ratio": 1.07,
            "reinvestment_rate": 17.33,
            "research_to_sale_ratio": 6.01,
            "price_fair": 47.97,
            "eps_avg_yearly": 1.37,
            "eps_latest_yearly": 0.16,
            "eps_growth_yearly": 160.83
        },
        "20153": {
            "year_quarter": 20153,
            "year": 2015,
            "quarter": 3,
            "eps": 0.5,
            "eps_growth_year": 4900,
            "eps_4q": 0.72,
            "eps_4q_growth_year": 104.43,
            "roe": 1.77,
            "roe_4q": 2.5999999999999996,
            "gross_profit": 508552,
            "gross_margin": 11.48,
            "gross_margin_4q_avg": 11.48,
            "net_income": 149162,
            "net_income_4q": null,
            "revenue": 4429294,
            "revenue_4q": null,
            "common_shares": 3057606,
            "book_valuer_per_share": 28.33,
            "book_valuer_per_share_4q_avg": 28.02,
            "equity": 8554993,
            "current_ratio": 130.98,
            "debt_ratio": 48.66,
            "inventory_turnover_ratio": 2.26,
            "account_receivable_turnover_ratio": 0.95,
            "reinvestment_rate": 50.81,
            "research_to_sale_ratio": 6.29,
            "price_fair": 49.35,
            "eps_avg_yearly": 1.41,
            "eps_latest_yearly": 2,
            "eps_growth_yearly": 438.28
        },
        "20154": {
            "year_quarter": 20154,
            "year": 2015,
            "quarter": 4,
            "eps": -0.01,
            "eps_growth_year": -142.12,
            "eps_4q": 0.68,
            "eps_4q_growth_year": 191.4,
            "roe": -0.05,
            "roe_4q": 2.44,
            "gross_profit": 508278,
            "gross_margin": 13.08,
            "gross_margin_4q_avg": 12.19,
            "net_income": -3851,
            "net_income_4q": null,
            "revenue": 3884436,
            "revenue_4q": null,
            "common_shares": 3029201,
            "book_valuer_per_share": 28.04,
            "book_valuer_per_share_4q_avg": 27.84,
            "equity": 8493100,
            "current_ratio": 140.45,
            "debt_ratio": 45.04,
            "inventory_turnover_ratio": 2.26,
            "account_receivable_turnover_ratio": 0.87,
            "reinvestment_rate": 41.78,
            "research_to_sale_ratio": 7,
            "price_fair": 50.87,
            "eps_avg_yearly": 1.45,
            "eps_latest_yearly": 2,
            "eps_growth_yearly": 483.61
        },
        "20161": {
            "year_quarter": 20161,
            "year": 2016,
            "quarter": 1,
            "eps": 0.16,
            "eps_growth_year": -5.88,
            "eps_4q": 0.67,
            "eps_4q_growth_year": 182.68,
            "roe": 0.55,
            "roe_4q": 2.4,
            "gross_profit": 468649,
            "gross_margin": 15.19,
            "gross_margin_4q_avg": 12.97,
            "net_income": 46486,
            "net_income_4q": null,
            "revenue": 3084276,
            "revenue_4q": null,
            "common_shares": 3028412,
            "book_valuer_per_share": 28.25,
            "book_valuer_per_share_4q_avg": 27.95,
            "equity": 8554106,
            "current_ratio": 178.67,
            "debt_ratio": 43.56,
            "inventory_turnover_ratio": 1.98,
            "account_receivable_turnover_ratio": 0.87,
            "reinvestment_rate": -11.25,
            "research_to_sale_ratio": 7.97,
            "price_fair": 50.3,
            "eps_avg_yearly": 1.44,
            "eps_latest_yearly": 2,
            "eps_growth_yearly": 483.56
        },
        "20162": {
            "year_quarter": 20162,
            "year": 2016,
            "quarter": 2,
            "eps": 0.54,
            "eps_growth_year": 1250,
            "eps_4q": 1.17,
            "eps_4q_growth_year": 382.48,
            "roe": 1.9,
            "roe_4q": 4.17,
            "gross_profit": 567417,
            "gross_margin": 14.25,
            "gross_margin_4q_avg": 13.5,
            "net_income": 161726,
            "net_income_4q": null,
            "revenue": 3981125,
            "revenue_4q": null,
            "common_shares": 3027361,
            "book_valuer_per_share": 27.92,
            "book_valuer_per_share_4q_avg": 28.14,
            "equity": 8453338,
            "current_ratio": 151.85,
            "debt_ratio": 46.26,
            "inventory_turnover_ratio": 2.73,
            "account_receivable_turnover_ratio": 1.13,
            "reinvestment_rate": 74.37,
            "research_to_sale_ratio": 6.69,
            "price_fair": 43.2,
            "eps_avg_yearly": 1.23,
            "eps_latest_yearly": 2.16,
            "eps_growth_yearly": 494.96
        },
        "20163": {
            "year_quarter": 20163,
            "year": 2016,
            "quarter": 3,
            "eps": 0.7,
            "eps_growth_year": 40,
            "eps_4q": 1.37,
            "eps_4q_growth_year": 88.98,
            "roe": 2.48,
            "roe_4q": 4.88,
            "gross_profit": 646284,
            "gross_margin": 16.87,
            "gross_margin_4q_avg": 14.85,
            "net_income": 209406,
            "net_income_4q": null,
            "revenue": 3830199,
            "revenue_4q": null,
            "common_shares": 3027361,
            "book_valuer_per_share": 27.8,
            "book_valuer_per_share_4q_avg": 28,
            "equity": 8414757,
            "current_ratio": 177.66,
            "debt_ratio": 42.72,
            "inventory_turnover_ratio": 2.49,
            "account_receivable_turnover_ratio": 1.01,
            "reinvestment_rate": 11.15,
            "research_to_sale_ratio": 7.36,
            "price_fair": 41.3,
            "eps_avg_yearly": 1.18,
            "eps_latest_yearly": 2.8,
            "eps_growth_yearly": 511.65
        },
        "20164": {
            "year_quarter": 20164,
            "year": 2016,
            "quarter": 4,
            "eps": 0.49,
            "eps_growth_year": null,
            "eps_4q": 1.87,
            "eps_4q_growth_year": 173.58,
            "roe": 1.76,
            "roe_4q": 6.69,
            "gross_profit": 602923,
            "gross_margin": 16.68,
            "gross_margin_4q_avg": 15.75,
            "net_income": 149454,
            "net_income_4q": null,
            "revenue": 3615654,
            "revenue_4q": null,
            "common_shares": 3027018,
            "book_valuer_per_share": 28.06,
            "book_valuer_per_share_4q_avg": 28.01,
            "equity": 8524027,
            "current_ratio": 200.86,
            "debt_ratio": 38.13,
            "inventory_turnover_ratio": 2.04,
            "account_receivable_turnover_ratio": 0.99,
            "reinvestment_rate": 43.56,
            "research_to_sale_ratio": 8.08,
            "price_fair": 41.5,
            "eps_avg_yearly": 1.19,
            "eps_latest_yearly": 1.96,
            "eps_growth_yearly": 516.56
        },
        "20171": {
            "year_quarter": 20171,
            "year": 2017,
            "quarter": 1,
            "eps": 0.63,
            "eps_growth_year": 293.75,
            "eps_4q": 2.29,
            "eps_4q_growth_year": 242.5,
            "roe": 2.23,
            "roe_4q": 8.370000000000001,
            "gross_profit": 638031,
            "gross_margin": 16.43,
            "gross_margin_4q_avg": 16.06,
            "net_income": 189506,
            "net_income_4q": null,
            "revenue": 3882939,
            "revenue_4q": null,
            "common_shares": 3071764,
            "book_valuer_per_share": 27.47,
            "book_valuer_per_share_4q_avg": 27.81,
            "equity": 8499763,
            "current_ratio": 167.09,
            "debt_ratio": 39.98,
            "inventory_turnover_ratio": 2.13,
            "account_receivable_turnover_ratio": 1.04,
            "reinvestment_rate": -25.83,
            "research_to_sale_ratio": 5.93,
            "price_fair": 40.5,
            "eps_avg_yearly": 1.16,
            "eps_latest_yearly": 2.52,
            "eps_growth_yearly": 508.92
        },
        "20172": {
            "year_quarter": 20172,
            "year": 2017,
            "quarter": 2,
            "eps": 0.14,
            "eps_growth_year": -74.07,
            "eps_4q": 1.88,
            "eps_4q_growth_year": 60.94,
            "roe": 0.52,
            "roe_4q": 6.99,
            "gross_profit": 418083,
            "gross_margin": 12.59,
            "gross_margin_4q_avg": 15.64,
            "net_income": 43522,
            "net_income_4q": null,
            "revenue": 3321223,
            "revenue_4q": null,
            "common_shares": 3094857,
            "book_valuer_per_share": 25.95,
            "book_valuer_per_share_4q_avg": 27.32,
            "equity": 8171420,
            "current_ratio": 162.44,
            "debt_ratio": 38.78,
            "inventory_turnover_ratio": 1.94,
            "account_receivable_turnover_ratio": 0.88,
            "reinvestment_rate": -57.89,
            "research_to_sale_ratio": 6.64,
            "price_fair": 37.2,
            "eps_avg_yearly": 1.06,
            "eps_latest_yearly": 0.56,
            "eps_growth_yearly": 496.88
        },
        "20173": {
            "year_quarter": 20173,
            "year": 2017,
            "quarter": 3,
            "eps": 0.53,
            "eps_growth_year": -24.29,
            "eps_4q": 1.72,
            "eps_4q_growth_year": 25.52,
            "roe": 1.85,
            "roe_4q": 6.359999999999999,
            "gross_profit": 317610,
            "gross_margin": 10.72,
            "gross_margin_4q_avg": 14.11,
            "net_income": 166988,
            "net_income_4q": null,
            "revenue": 2961499,
            "revenue_4q": null,
            "common_shares": 3157203,
            "book_valuer_per_share": 31,
            "book_valuer_per_share_4q_avg": 28.12,
            "equity": 9927924,
            "current_ratio": 165.54,
            "debt_ratio": 35.92,
            "inventory_turnover_ratio": 1.58,
            "account_receivable_turnover_ratio": 0.82,
            "reinvestment_rate": 59.31,
            "research_to_sale_ratio": 8.78,
            "price_fair": 41.3,
            "eps_avg_yearly": 1.18,
            "eps_latest_yearly": 2.12,
            "eps_growth_yearly": 597.74
        },
        "20174": {
            "year_quarter": 20174,
            "year": 2017,
            "quarter": 4,
            "eps": -0.27,
            "eps_growth_year": -154.7,
            "eps_4q": 0.95,
            "eps_4q_growth_year": -48.94,
            "roe": -0.91,
            "roe_4q": 3.69,
            "gross_profit": 329143,
            "gross_margin": 9.64,
            "gross_margin_4q_avg": 12.35,
            "net_income": -88075,
            "net_income_4q": null,
            "revenue": 3414946,
            "revenue_4q": null,
            "common_shares": 3207203,
            "book_valuer_per_share": 29,
            "book_valuer_per_share_4q_avg": 28.36,
            "equity": 9493008,
            "current_ratio": 164.46,
            "debt_ratio": 36.97,
            "inventory_turnover_ratio": 1.65,
            "account_receivable_turnover_ratio": 0.93,
            "reinvestment_rate": 17.99,
            "research_to_sale_ratio": 8.14,
            "price_fair": 42.75,
            "eps_avg_yearly": 1.22,
            "eps_latest_yearly": 2.12,
            "eps_growth_yearly": 633.47
        },
        "20181": {
            "year_quarter": 20181,
            "year": 2018,
            "quarter": 1,
            "eps": 0.14,
            "eps_growth_year": -77.78,
            "eps_4q": 0.48,
            "eps_4q_growth_year": -78.98,
            "roe": 0.46,
            "roe_4q": 1.9200000000000002,
            "gross_profit": 321615,
            "gross_margin": 8.64,
            "gross_margin_4q_avg": 10.4,
            "net_income": 44932,
            "net_income_4q": null,
            "revenue": 3721602,
            "revenue_4q": null,
            "common_shares": 3207203,
            "book_valuer_per_share": 28.83,
            "book_valuer_per_share_4q_avg": 28.7,
            "equity": 10107540,
            "current_ratio": 181.33,
            "debt_ratio": 33.56,
            "inventory_turnover_ratio": 1.57,
            "account_receivable_turnover_ratio": 1.01,
            "reinvestment_rate": -174.1,
            "research_to_sale_ratio": 5.04,
            "price_fair": 44.45,
            "eps_avg_yearly": 1.27,
            "eps_latest_yearly": 2.12,
            "eps_growth_yearly": 686.26
        },
        "20182": {
            "year_quarter": 20182,
            "year": 2018,
            "quarter": 2,
            "eps": -0.32,
            "eps_growth_year": -328.57,
            "eps_4q": 0.04,
            "eps_4q_growth_year": -97.62,
            "roe": -1.1,
            "roe_4q": 0.2999999999999998,
            "gross_profit": 290810,
            "gross_margin": 7.12,
            "gross_margin_4q_avg": 9.03,
            "net_income": -107179,
            "net_income_4q": null,
            "revenue": 4084022,
            "revenue_4q": null,
            "common_shares": 3443157,
            "book_valuer_per_share": 26.78,
            "book_valuer_per_share_4q_avg": 28.9,
            "equity": 9431635,
            "current_ratio": 159.49,
            "debt_ratio": 40.09,
            "inventory_turnover_ratio": 1.39,
            "account_receivable_turnover_ratio": 1.04,
            "reinvestment_rate": -251.01,
            "research_to_sale_ratio": 5.91,
            "price_fair": 48.11,
            "eps_avg_yearly": 1.37,
            "eps_latest_yearly": 2.12,
            "eps_growth_yearly": 778.19
        },
        "20183": {
            "year_quarter": 20183,
            "year": 2018,
            "quarter": 3,
            "eps": 0.08,
            "eps_growth_year": -84.91,
            "eps_4q": -0.36,
            "eps_4q_growth_year": -120.8,
            "roe": 0.28,
            "roe_4q": -1.27,
            "gross_profit": 485359,
            "gross_margin": 10.98,
            "gross_margin_4q_avg": 9.1,
            "net_income": 26357,
            "net_income_4q": null,
            "revenue": 4420372,
            "revenue_4q": null,
            "common_shares": 3490369,
            "book_valuer_per_share": 25.73,
            "book_valuer_per_share_4q_avg": 27.59,
            "equity": 9080570,
            "current_ratio": 148.91,
            "debt_ratio": 45.98,
            "inventory_turnover_ratio": 1.19,
            "account_receivable_turnover_ratio": 0.96,
            "reinvestment_rate": -274.19,
            "research_to_sale_ratio": 4.75,
            "price_fair": 52.78,
            "eps_avg_yearly": 1.51,
            "eps_latest_yearly": 2.12,
            "eps_growth_yearly": 882.68
        },
        "20184": {
            "year_quarter": 20184,
            "year": 2018,
            "quarter": 4,
            "eps": 0.04,
            "eps_growth_year": null,
            "eps_4q": -0.06,
            "eps_4q_growth_year": -106.71,
            "roe": 0.16,
            "roe_4q": -0.2,
            "gross_profit": 502901,
            "gross_margin": 9.85,
            "gross_margin_4q_avg": 9.15,
            "net_income": 14044,
            "net_income_4q": null,
            "revenue": 5107755,
            "revenue_4q": null,
            "common_shares": 3511620,
            "book_valuer_per_share": 24.13,
            "book_valuer_per_share_4q_avg": 26.37,
            "equity": 8642719,
            "current_ratio": 151.98,
            "debt_ratio": 46.31,
            "inventory_turnover_ratio": 1.4,
            "account_receivable_turnover_ratio": 0.97,
            "reinvestment_rate": -370.86,
            "research_to_sale_ratio": 4.42,
            "price_fair": 52.92,
            "eps_avg_yearly": 1.51,
            "eps_latest_yearly": 0.16,
            "eps_growth_yearly": 782.68
        },
        "20191": {
            "year_quarter": 20191,
            "year": 2019,
            "quarter": 1,
            "eps": 0.24,
            "eps_growth_year": 71.43,
            "eps_4q": 0.05,
            "eps_4q_growth_year": -89.85,
            "roe": 1,
            "roe_4q": 0.33999999999999986,
            "gross_profit": 362219,
            "gross_margin": 8.25,
            "gross_margin_4q_avg": 9.05,
            "net_income": 86231,
            "net_income_4q": null,
            "revenue": 4389568,
            "revenue_4q": null,
            "common_shares": 3568835,
            "book_valuer_per_share": 24.2,
            "book_valuer_per_share_4q_avg": 25.21,
            "equity": 8678534,
            "current_ratio": 171.4,
            "debt_ratio": 49.22,
            "inventory_turnover_ratio": 1.32,
            "account_receivable_turnover_ratio": 0.81,
            "reinvestment_rate": -355.96,
            "research_to_sale_ratio": 4.79,
            "price_fair": 53.9,
            "eps_avg_yearly": 1.54,
            "eps_latest_yearly": 0.96,
            "eps_growth_yearly": 796.01
        },
        "20192": {
            "year_quarter": 20192,
            "year": 2019,
            "quarter": 2,
            "eps": 0.3,
            "eps_growth_year": null,
            "eps_4q": 0.65,
            "eps_4q_growth_year": 1360.59,
            "roe": 1.26,
            "roe_4q": 2.7,
            "gross_profit": 516423,
            "gross_margin": 9.4,
            "gross_margin_4q_avg": 9.62,
            "net_income": 108393,
            "net_income_4q": null,
            "revenue": 5492557,
            "revenue_4q": null,
            "common_shares": 3568835,
            "book_valuer_per_share": 23.68,
            "book_valuer_per_share_4q_avg": 24.44,
            "equity": 8491287,
            "current_ratio": 167.25,
            "debt_ratio": 50.14,
            "inventory_turnover_ratio": 1.7,
            "account_receivable_turnover_ratio": 0.97,
            "reinvestment_rate": -206.63,
            "research_to_sale_ratio": 3.9,
            "price_fair": 57.54,
            "eps_avg_yearly": 1.64,
            "eps_latest_yearly": 1.2,
            "eps_growth_yearly": 836.6
        },
        "20193": {
            "year_quarter": 20193,
            "year": 2019,
            "quarter": 3,
            "eps": 0.25,
            "eps_growth_year": 212.5,
            "eps_4q": 0.83,
            "eps_4q_growth_year": null,
            "roe": 1.07,
            "roe_4q": 3.49,
            "gross_profit": 480740,
            "gross_margin": 10.57,
            "gross_margin_4q_avg": 9.52,
            "net_income": 92279,
            "net_income_4q": null,
            "revenue": 4547164,
            "revenue_4q": null,
            "common_shares": 3568835,
            "book_valuer_per_share": 23.89,
            "book_valuer_per_share_4q_avg": 23.98,
            "equity": 8723321,
            "current_ratio": 192.24,
            "debt_ratio": 43.7,
            "inventory_turnover_ratio": 1.67,
            "account_receivable_turnover_ratio": 0.79,
            "reinvestment_rate": -273.91,
            "research_to_sale_ratio": 4.49,
            "price_fair": 54.04,
            "eps_avg_yearly": 1.54,
            "eps_latest_yearly": 1,
            "eps_growth_yearly": 369.93
        },
        "20194": {
            "year_quarter": 20194,
            "year": 2019,
            "quarter": 4,
            "eps": -0.23,
            "eps_growth_year": -669.78,
            "eps_4q": 0.56,
            "eps_4q_growth_year": null,
            "roe": -0.88,
            "roe_4q": 2.45,
            "gross_profit": 413109,
            "gross_margin": 11.39,
            "gross_margin_4q_avg": 9.9,
            "net_income": -76930,
            "net_income_4q": null,
            "revenue": 3627842,
            "revenue_4q": null,
            "common_shares": 3568835,
            "book_valuer_per_share": 23.59,
            "book_valuer_per_share_4q_avg": 23.84,
            "equity": 8687875,
            "current_ratio": 206.95,
            "debt_ratio": 40.9,
            "inventory_turnover_ratio": 1.37,
            "account_receivable_turnover_ratio": 0.77,
            "reinvestment_rate": -261.63,
            "research_to_sale_ratio": 5.75,
            "price_fair": 54.04,
            "eps_avg_yearly": 1.54,
            "eps_latest_yearly": 1,
            "eps_growth_yearly": 369.93
        },
        "20201": {
            "year_quarter": 20201,
            "year": 2020,
            "quarter": 1,
            "eps": -0.35,
            "eps_growth_year": -245.83,
            "eps_4q": -0.02,
            "eps_4q_growth_year": -148.17,
            "roe": -1.35,
            "roe_4q": 0.10000000000000009,
            "gross_profit": 302707,
            "gross_margin": 11.48,
            "gross_margin_4q_avg": 10.71,
            "net_income": -114382,
            "net_income_4q": null,
            "revenue": 2637207,
            "revenue_4q": null,
            "common_shares": 3568835,
            "book_valuer_per_share": 22.37,
            "book_valuer_per_share_4q_avg": 23.38,
            "equity": 8262436,
            "current_ratio": 147.11,
            "debt_ratio": 46.92,
            "inventory_turnover_ratio": 0.76,
            "account_receivable_turnover_ratio": 0.76,
            "reinvestment_rate": -232.61,
            "research_to_sale_ratio": 7.76,
            "price_fair": 54.04,
            "eps_avg_yearly": 1.54,
            "eps_latest_yearly": 1,
            "eps_growth_yearly": 369.93
        },
        "20202": {
            "year_quarter": 20202,
            "year": 2020,
            "quarter": 2,
            "eps": 0.43,
            "eps_growth_year": 43.33,
            "eps_4q": 0.1,
            "eps_4q_growth_year": -84.7,
            "roe": 2.07,
            "roe_4q": 0.9099999999999998,
            "gross_profit": 623035,
            "gross_margin": 11.02,
            "gross_margin_4q_avg": 11.12,
            "net_income": 170588,
            "net_income_4q": null,
            "revenue": 5651465,
            "revenue_4q": null,
            "common_shares": 3568835,
            "book_valuer_per_share": 22.45,
            "book_valuer_per_share_4q_avg": 23.08,
            "equity": 8206581,
            "current_ratio": 135.03,
            "debt_ratio": 51.64,
            "inventory_turnover_ratio": 1.38,
            "account_receivable_turnover_ratio": 1.34,
            "reinvestment_rate": -344.36,
            "research_to_sale_ratio": 4.02,
            "price_fair": 51.64,
            "eps_avg_yearly": 1.48,
            "eps_latest_yearly": 1,
            "eps_growth_yearly": 305.48
        },
        "20203": {
            "year_quarter": 20203,
            "year": 2020,
            "quarter": 3,
            "eps": 3.48,
            "eps_growth_year": 1292,
            "eps_4q": 3.29,
            "eps_4q_growth_year": 294.47,
            "roe": 14.23,
            "roe_4q": 14.07,
            "gross_profit": 803960,
            "gross_margin": 11.91,
            "gross_margin_4q_avg": 11.45,
            "net_income": 1239707,
            "net_income_4q": null,
            "revenue": 6752034,
            "revenue_4q": null,
            "common_shares": 3575905,
            "book_valuer_per_share": 25.78,
            "book_valuer_per_share_4q_avg": 23.55,
            "equity": 9219399,
            "current_ratio": 133.93,
            "debt_ratio": 53.38,
            "inventory_turnover_ratio": 1.56,
            "account_receivable_turnover_ratio": 1.09,
            "reinvestment_rate": -57.84,
            "research_to_sale_ratio": 3.85,
            "price_fair": 94.89,
            "eps_avg_yearly": 2.71,
            "eps_latest_yearly": 13.92,
            "eps_growth_yearly": 607.56
        },
        "20204": {
            "year_quarter": 20204,
            "year": 2020,
            "quarter": 4,
            "eps": 0.31,
            "eps_growth_year": null,
            "eps_4q": 3.83,
            "eps_4q_growth_year": 579.67,
            "roe": 1.2,
            "roe_4q": 16.15,
            "gross_profit": 535874,
            "gross_margin": 10.96,
            "gross_margin_4q_avg": 11.34,
            "net_income": 111661,
            "net_income_4q": null,
            "revenue": 4888666,
            "revenue_4q": null,
            "common_shares": 3575905,
            "book_valuer_per_share": 26.24,
            "book_valuer_per_share_4q_avg": 24.21,
            "equity": 9384135,
            "current_ratio": 140.14,
            "debt_ratio": 49.7,
            "inventory_turnover_ratio": 1.04,
            "account_receivable_turnover_ratio": 0.76,
            "reinvestment_rate": -42.58,
            "research_to_sale_ratio": 3.75,
            "price_fair": 92.09,
            "eps_avg_yearly": 2.63,
            "eps_latest_yearly": 1.24,
            "eps_growth_yearly": 580.4
        },
        "20211": {
            "year_quarter": 20211,
            "year": 2021,
            "quarter": 1,
            "eps": 0.36,
            "eps_growth_year": null,
            "eps_4q": 4.53,
            "eps_4q_growth_year": null,
            "roe": 1.27,
            "roe_4q": 18.77,
            "gross_profit": 522150,
            "gross_margin": 9.96,
            "gross_margin_4q_avg": 10.96,
            "net_income": 128786,
            "net_income_4q": null,
            "revenue": 5240283,
            "revenue_4q": null,
            "common_shares": 3575905,
            "book_valuer_per_share": 30.31,
            "book_valuer_per_share_4q_avg": 26.2,
            "equity": 10848922,
            "current_ratio": 137.21,
            "debt_ratio": 49.28,
            "inventory_turnover_ratio": 0.98,
            "account_receivable_turnover_ratio": 0.89,
            "reinvestment_rate": -12.89,
            "research_to_sale_ratio": 3.33,
            "price_fair": 87.89,
            "eps_avg_yearly": 2.51,
            "eps_latest_yearly": 1.44,
            "eps_growth_yearly": 574.87
        },
        "20212": {
            "year_quarter": 20212,
            "year": 2021,
            "quarter": 2,
            "eps": 0.51,
            "eps_growth_year": 18.6,
            "eps_4q": 4.55,
            "eps_4q_growth_year": 4446.62,
            "roe": 1.61,
            "roe_4q": 18.310000000000002,
            "gross_profit": 583119,
            "gross_margin": 8.94,
            "gross_margin_4q_avg": 10.44,
            "net_income": 181592,
            "net_income_4q": null,
            "revenue": 6524004,
            "revenue_4q": null,
            "common_shares": 3629215,
            "book_valuer_per_share": 32.21,
            "book_valuer_per_share_4q_avg": 28.64,
            "equity": 11690214,
            "current_ratio": 135.12,
            "debt_ratio": 49.82,
            "inventory_turnover_ratio": 1.12,
            "account_receivable_turnover_ratio": 0.95,
            "reinvestment_rate": -4.24,
            "research_to_sale_ratio": 2.79,
            "price_fair": 93.64,
            "eps_avg_yearly": 2.68,
            "eps_latest_yearly": 2.04,
            "eps_growth_yearly": 627.96
        },
        "20213": {
            "year_quarter": 20213,
            "year": 2021,
            "quarter": 3,
            "eps": 0.28,
            "eps_growth_year": -91.95,
            "eps_4q": 1.42,
            "eps_4q_growth_year": -56.73,
            "roe": 0.9,
            "roe_4q": 4.98,
            "gross_profit": 481005,
            "gross_margin": 8.69,
            "gross_margin_4q_avg": 9.64,
            "net_income": 100134,
            "net_income_4q": null,
            "revenue": 5538031,
            "revenue_4q": null,
            "common_shares": 3629215,
            "book_valuer_per_share": 29.13,
            "book_valuer_per_share_4q_avg": 29.47,
            "equity": 10657182,
            "current_ratio": 136.51,
            "debt_ratio": 48.4,
            "inventory_turnover_ratio": 1,
            "account_receivable_turnover_ratio": 0.76,
            "reinvestment_rate": -85.62,
            "research_to_sale_ratio": 3.26,
            "price_fair": 89.76,
            "eps_avg_yearly": 2.56,
            "eps_latest_yearly": 1.12,
            "eps_growth_yearly": 484.11
        },
        "20214": {
            "year_quarter": 20214,
            "year": 2021,
            "quarter": 4,
            "eps": 0.73,
            "eps_growth_year": 134.18,
            "eps_4q": 1.83,
            "eps_4q_growth_year": -52.13,
            "roe": 2.4,
            "roe_4q": 6.18,
            "gross_profit": 474318,
            "gross_margin": 8.45,
            "gross_margin_4q_avg": 9.01,
            "net_income": 271072,
            "net_income_4q": null,
            "revenue": 5610373,
            "revenue_4q": null,
            "common_shares": 3661188,
            "book_valuer_per_share": 31.54,
            "book_valuer_per_share_4q_avg": 30.8,
            "equity": 11915821,
            "current_ratio": 149.06,
            "debt_ratio": 41.06,
            "inventory_turnover_ratio": 1.18,
            "account_receivable_turnover_ratio": 0.86,
            "reinvestment_rate": -60.5,
            "research_to_sale_ratio": 3.86,
            "price_fair": 91,
            "eps_avg_yearly": 2.6,
            "eps_latest_yearly": 2.92,
            "eps_growth_yearly": 499.98
        },
        "20221": {
            "year_quarter": 20221,
            "year": 2022,
            "quarter": 1,
            "eps": 0.17,
            "eps_growth_year": -52.78,
            "eps_4q": 1.52,
            "eps_4q_growth_year": -66.51,
            "roe": 0.95,
            "roe_4q": 5.86,
            "gross_profit": 479862,
            "gross_margin": 9.28,
            "gross_margin_4q_avg": 8.84,
            "net_income": 126663,
            "net_income_4q": null,
            "revenue": 5172589,
            "revenue_4q": null,
            "common_shares": 4051590,
            "book_valuer_per_share": 35.39,
            "book_valuer_per_share_4q_avg": 32.07,
            "equity": 14628559,
            "current_ratio": 155.75,
            "debt_ratio": 38.77,
            "inventory_turnover_ratio": 0.98,
            "account_receivable_turnover_ratio": 0.82,
            "reinvestment_rate": 66.83,
            "research_to_sale_ratio": 4.16,
            "price_fair": 84.89,
            "eps_avg_yearly": 2.43,
            "eps_latest_yearly": 0.68,
            "eps_growth_yearly": 426.63
        },
        "20222": {
            "year_quarter": 20222,
            "year": 2022,
            "quarter": 2,
            "eps": 0.14,
            "eps_growth_year": -72.55,
            "eps_4q": 1.21,
            "eps_4q_growth_year": -73.41,
            "roe": 0.63,
            "roe_4q": 4.88,
            "gross_profit": 611174,
            "gross_margin": 9.41,
            "gross_margin_4q_avg": 8.96,
            "net_income": 89423,
            "net_income_4q": null,
            "revenue": 6492947,
            "revenue_4q": null,
            "common_shares": 4051590,
            "book_valuer_per_share": 33.19,
            "book_valuer_per_share_4q_avg": 32.31,
            "equity": 13768879,
            "current_ratio": 138.52,
            "debt_ratio": 43.37,
            "inventory_turnover_ratio": 1.09,
            "account_receivable_turnover_ratio": 0.94,
            "reinvestment_rate": 70.6,
            "research_to_sale_ratio": 3.19,
            "price_fair": 79.45,
            "eps_avg_yearly": 2.27,
            "eps_latest_yearly": 0.56,
            "eps_growth_yearly": 385.2
        },
        "20223": {
            "year_quarter": 20223,
            "year": 2022,
            "quarter": 3,
            "eps": 0.57,
            "eps_growth_year": 103.57,
            "eps_4q": 1.56,
            "eps_4q_growth_year": 9.26,
            "roe": 1.63,
            "roe_4q": 5.609999999999999,
            "gross_profit": 658236,
            "gross_margin": 8.54,
            "gross_margin_4q_avg": 8.92,
            "net_income": 231283,
            "net_income_4q": null,
            "revenue": 7703717,
            "revenue_4q": null,
            "common_shares": 3946465,
            "book_valuer_per_share": 36.07,
            "book_valuer_per_share_4q_avg": 34.05,
            "equity": 14564540,
            "current_ratio": 131.87,
            "debt_ratio": 48.28,
            "inventory_turnover_ratio": 1.28,
            "account_receivable_turnover_ratio": 0.9,
            "reinvestment_rate": 82.16,
            "research_to_sale_ratio": 2.99,
            "price_fair": 79.48,
            "eps_avg_yearly": 2.27,
            "eps_latest_yearly": 2.28,
            "eps_growth_yearly": 450.07
        },
        "20224": {
            "year_quarter": 20224,
            "year": 2022,
            "quarter": 4,
            "eps": 0.81,
            "eps_growth_year": 11.55,
            "eps_4q": 1.68,
            "eps_4q_growth_year": -8.18,
            "roe": 2.14,
            "roe_4q": 5.3500000000000005,
            "gross_profit": 1116002,
            "gross_margin": 13.08,
            "gross_margin_4q_avg": 10.08,
            "net_income": 298681,
            "net_income_4q": null,
            "revenue": 8530737,
            "revenue_4q": null,
            "common_shares": 3946465,
            "book_valuer_per_share": 33.13,
            "book_valuer_per_share_4q_avg": 34.45,
            "equity": 13378862,
            "current_ratio": 136.27,
            "debt_ratio": 46.12,
            "inventory_turnover_ratio": 1.4,
            "account_receivable_turnover_ratio": 0.9,
            "reinvestment_rate": 80.12,
            "research_to_sale_ratio": 3.09,
            "price_fair": 87.77,
            "eps_avg_yearly": 2.51,
            "eps_latest_yearly": 3.24,
            "eps_growth_yearly": 478.41
        },
        "20231": {
            "year_quarter": 20231,
            "year": 2023,
            "quarter": 1,
            "eps": 0.16,
            "eps_growth_year": -5.88,
            "eps_4q": 1.68,
            "eps_4q_growth_year": 10.62,
            "roe": 0.34,
            "roe_4q": 4.739999999999999,
            "gross_profit": 640256,
            "gross_margin": 9.06,
            "gross_margin_4q_avg": 10.02,
            "net_income": 45765,
            "net_income_4q": null,
            "revenue": 7063009,
            "revenue_4q": null,
            "common_shares": 3944745,
            "book_valuer_per_share": 34.06,
            "book_valuer_per_share_4q_avg": 34.11,
            "equity": 13723887,
            "current_ratio": 140.28,
            "debt_ratio": 44.4,
            "inventory_turnover_ratio": 1.34,
            "account_receivable_turnover_ratio": 0.79,
            "reinvestment_rate": 72.03,
            "research_to_sale_ratio": 3.29,
            "price_fair": 86.91,
            "eps_avg_yearly": 2.48,
            "eps_latest_yearly": 0.64,
            "eps_growth_yearly": 299.88
        },
        "20232": {
            "year_quarter": 20232,
            "year": 2023,
            "quarter": 2,
            "eps": 0.79,
            "eps_growth_year": 464.29,
            "eps_4q": 2.32,
            "eps_4q_growth_year": 91.98,
            "roe": 2.28,
            "roe_4q": 6.39,
            "gross_profit": 869492,
            "gross_margin": 12.4,
            "gross_margin_4q_avg": 10.77,
            "net_income": 304410,
            "net_income_4q": null,
            "revenue": 7013592,
            "revenue_4q": null,
            "common_shares": 3944745,
            "book_valuer_per_share": 31.96,
            "book_valuer_per_share_4q_avg": 33.81,
            "equity": 13000595,
            "current_ratio": 160.41,
            "debt_ratio": 47.72,
            "inventory_turnover_ratio": 1.33,
            "account_receivable_turnover_ratio": 0.8,
            "reinvestment_rate": 55.52,
            "research_to_sale_ratio": 3.85,
            "price_fair": 92.18,
            "eps_avg_yearly": 2.63,
            "eps_latest_yearly": 3.16,
            "eps_growth_yearly": 413.34
        },
        "20233": {
            "year_quarter": 20233,
            "year": 2023,
            "quarter": 3,
            "eps": 0.9,
            "eps_growth_year": 57.89,
            "eps_4q": 2.62,
            "eps_4q_growth_year": 68.45,
            "roe": 2.61,
            "roe_4q": 7.369999999999999,
            "gross_profit": 642370,
            "gross_margin": 10.43,
            "gross_margin_4q_avg": 11.24,
            "net_income": 346971,
            "net_income_4q": null,
            "revenue": 6156474,
            "revenue_4q": null,
            "common_shares": 3984283,
            "book_valuer_per_share": 32.89,
            "book_valuer_per_share_4q_avg": 33.01,
            "equity": 13547465,
            "current_ratio": 178.91,
            "debt_ratio": 42.39,
            "inventory_turnover_ratio": 1.24,
            "account_receivable_turnover_ratio": 0.74,
            "reinvestment_rate": 55.32,
            "research_to_sale_ratio": 4.68,
            "price_fair": 99.18,
            "eps_avg_yearly": 2.83,
            "eps_latest_yearly": 3.6,
            "eps_growth_yearly": 422.75
        },
        "20234": {
            "year_quarter": 20234,
            "year": 2023,
            "quarter": 4,
            "eps": -0.29,
            "eps_growth_year": -135.7,
            "eps_4q": 1.5,
            "eps_4q_growth_year": -10.83,
            "roe": -1.13,
            "roe_4q": 4.1,
            "gross_profit": 619039,
            "gross_margin": 10.49,
            "gross_margin_4q_avg": 10.6,
            "net_income": -151601,
            "net_income_4q": null,
            "revenue": 5903274,
            "revenue_4q": null,
            "common_shares": 4001211,
            "book_valuer_per_share": 31.65,
            "book_valuer_per_share_4q_avg": 32.64,
            "equity": 13195591,
            "current_ratio": 186.09,
            "debt_ratio": 39.94,
            "inventory_turnover_ratio": 1.37,
            "account_receivable_turnover_ratio": 0.83,
            "reinvestment_rate": 50.81,
            "research_to_sale_ratio": 4.72,
            "price_fair": 99.18,
            "eps_avg_yearly": 2.83,
            "eps_latest_yearly": 3.6,
            "eps_growth_yearly": 422.75
        }
    },
    "months": {
        "2002-01": {
            "month": "2002-01",
            "price": "171.13",
            "revenue": 226899
        },
        "2002-02": {
            "month": "2002-02",
            "price": "227.50",
            "revenue": 249071
        },
        "2002-03": {
            "month": "2002-03",
            "price": "209.95",
            "revenue": 391165
        },
        "2002-04": {
            "month": "2002-04",
            "price": "181.43",
            "revenue": 303812
        },
        "2002-05": {
            "month": "2002-05",
            "price": "161.30",
            "revenue": 315934
        },
        "2002-08": {
            "month": "2002-08",
            "price": "109.89",
            "revenue": 260497
        },
        "2002-09": {
            "month": "2002-09",
            "price": "97.08",
            "revenue": 352294
        },
        "2002-10": {
            "month": "2002-10",
            "price": "82.57",
            "revenue": 401120
        },
        "2002-11": {
            "month": "2002-11",
            "price": "90.60",
            "revenue": 483879
        },
        "2002-12": {
            "month": "2002-12",
            "price": "96.80",
            "revenue": 462300
        },
        "2003-01": {
            "month": "2003-01",
            "price": "94.21",
            "revenue": 444902
        },
        "2003-02": {
            "month": "2003-02",
            "price": "85.25",
            "revenue": 423889
        },
        "2003-03": {
            "month": "2003-03",
            "price": "84.81",
            "revenue": 552937
        },
        "2003-04": {
            "month": "2003-04",
            "price": "77.75",
            "revenue": 561187
        },
        "2003-05": {
            "month": "2003-05",
            "price": "70.26",
            "revenue": 602202
        },
        "2003-06": {
            "month": "2003-06",
            "price": "75.50",
            "revenue": 692029
        },
        "2003-07": {
            "month": "2003-07",
            "price": "85.37",
            "revenue": 612105
        },
        "2003-08": {
            "month": "2003-08",
            "price": "67.76",
            "revenue": 670781
        },
        "2003-09": {
            "month": "2003-09",
            "price": "56.52",
            "revenue": 881733
        },
        "2003-10": {
            "month": "2003-10",
            "price": "58.05",
            "revenue": 909477
        },
        "2003-11": {
            "month": "2003-11",
            "price": "67.22",
            "revenue": 1048826
        },
        "2003-12": {
            "month": "2003-12",
            "price": "79.13",
            "revenue": 1078849
        },
        "2004-01": {
            "month": "2004-01",
            "price": "80.50",
            "revenue": 782347
        },
        "2004-02": {
            "month": "2004-02",
            "price": "83.30",
            "revenue": 1052767
        },
        "2004-03": {
            "month": "2004-03",
            "price": "93.91",
            "revenue": 1100763
        },
        "2004-04": {
            "month": "2004-04",
            "price": "90.64",
            "revenue": 1047371
        },
        "2004-05": {
            "month": "2004-05",
            "price": "71.90",
            "revenue": 923087
        },
        "2004-06": {
            "month": "2004-06",
            "price": "73.07",
            "revenue": 1037677
        },
        "2004-07": {
            "month": "2004-07",
            "price": "64.11",
            "revenue": 911024
        },
        "2004-08": {
            "month": "2004-08",
            "price": "66.88",
            "revenue": 854169
        },
        "2004-09": {
            "month": "2004-09",
            "price": "71.57",
            "revenue": 1030893
        },
        "2004-10": {
            "month": "2004-10",
            "price": "74.80",
            "revenue": 1141628
        },
        "2004-11": {
            "month": "2004-11",
            "price": "76.07",
            "revenue": 1211637
        },
        "2004-12": {
            "month": "2004-12",
            "price": "79.33",
            "revenue": 1224412
        },
        "2005-01": {
            "month": "2005-01",
            "price": "80.98",
            "revenue": 796355
        },
        "2005-02": {
            "month": "2005-02",
            "price": "79.12",
            "revenue": 664751
        },
        "2005-03": {
            "month": "2005-03",
            "price": "77.03",
            "revenue": 805876
        },
        "2005-04": {
            "month": "2005-04",
            "price": "67.56",
            "revenue": 833180
        },
        "2005-05": {
            "month": "2005-05",
            "price": "63.13",
            "revenue": 761991
        },
        "2005-06": {
            "month": "2005-06",
            "price": "63.46",
            "revenue": 742508
        },
        "2005-07": {
            "month": "2005-07",
            "price": "63.53",
            "revenue": 800176
        },
        "2005-08": {
            "month": "2005-08",
            "price": "47.27",
            "revenue": 1001706
        },
        "2005-09": {
            "month": "2005-09",
            "price": "48.40",
            "revenue": 1180236
        },
        "2005-10": {
            "month": "2005-10",
            "price": "47.97",
            "revenue": 1244558
        },
        "2005-11": {
            "month": "2005-11",
            "price": "43.20",
            "revenue": 1323298
        },
        "2005-12": {
            "month": "2005-12",
            "price": "47.70",
            "revenue": 1300543
        },
        "2006-01": {
            "month": "2006-01",
            "price": "50.73",
            "revenue": 1136676
        },
        "2006-02": {
            "month": "2006-02",
            "price": "51.53",
            "revenue": 935934
        },
        "2006-03": {
            "month": "2006-03",
            "price": "54.11",
            "revenue": 1291083
        },
        "2006-04": {
            "month": "2006-04",
            "price": "58.09",
            "revenue": 1250798
        },
        "2006-05": {
            "month": "2006-05",
            "price": "58.14",
            "revenue": 1295951
        },
        "2006-06": {
            "month": "2006-06",
            "price": "55.81",
            "revenue": 1405904
        },
        "2006-07": {
            "month": "2006-07",
            "price": "55.68",
            "revenue": 1443094
        },
        "2006-08": {
            "month": "2006-08",
            "price": "55.37",
            "revenue": 1522153
        },
        "2006-09": {
            "month": "2006-09",
            "price": "56.16",
            "revenue": 1119033
        },
        "2006-10": {
            "month": "2006-10",
            "price": "54.34",
            "revenue": 1514249
        },
        "2006-11": {
            "month": "2006-11",
            "price": "57.34",
            "revenue": 1506686
        },
        "2006-12": {
            "month": "2006-12",
            "price": "66.75",
            "revenue": 1455166
        },
        "2007-01": {
            "month": "2007-01",
            "price": "74.66",
            "revenue": 1670354
        },
        "2007-02": {
            "month": "2007-02",
            "price": "79.32",
            "revenue": 1205322
        },
        "2007-03": {
            "month": "2007-03",
            "price": "81.07",
            "revenue": 1429881
        },
        "2007-04": {
            "month": "2007-04",
            "price": "85.28",
            "revenue": 1565155
        },
        "2007-05": {
            "month": "2007-05",
            "price": "90.92",
            "revenue": 1393795
        },
        "2007-06": {
            "month": "2007-06",
            "price": "87.86",
            "revenue": 1482485
        },
        "2007-07": {
            "month": "2007-07",
            "price": "86.73",
            "revenue": 1647393
        },
        "2007-08": {
            "month": "2007-08",
            "price": "82.26",
            "revenue": 1522961
        },
        "2007-09": {
            "month": "2007-09",
            "price": "77.52",
            "revenue": 1400673
        },
        "2007-10": {
            "month": "2007-10",
            "price": "73.91",
            "revenue": 1405305
        },
        "2007-11": {
            "month": "2007-11",
            "price": "63.34",
            "revenue": 1419614
        },
        "2007-12": {
            "month": "2007-12",
            "price": "54.45",
            "revenue": 1405321
        },
        "2008-01": {
            "month": "2008-01",
            "price": "50.02",
            "revenue": 1458645
        },
        "2008-02": {
            "month": "2008-02",
            "price": "51.02",
            "revenue": 1050969
        },
        "2008-03": {
            "month": "2008-03",
            "price": "51.73",
            "revenue": 1712739
        },
        "2008-04": {
            "month": "2008-04",
            "price": "58.80",
            "revenue": 1855023
        },
        "2008-05": {
            "month": "2008-05",
            "price": "68.59",
            "revenue": 1923503
        },
        "2008-06": {
            "month": "2008-06",
            "price": "68.63",
            "revenue": 1924983
        },
        "2008-07": {
            "month": "2008-07",
            "price": "65.97",
            "revenue": 1924484
        },
        "2008-08": {
            "month": "2008-08",
            "price": "65.79",
            "revenue": 1982071
        },
        "2008-09": {
            "month": "2008-09",
            "price": "56.31",
            "revenue": 1903362
        },
        "2008-10": {
            "month": "2008-10",
            "price": "40.91",
            "revenue": 1829012
        },
        "2008-11": {
            "month": "2008-11",
            "price": "35.42",
            "revenue": 1800539
        },
        "2008-12": {
            "month": "2008-12",
            "price": "39.06",
            "revenue": 2026160
        },
        "2009-01": {
            "month": "2009-01",
            "price": "44.76",
            "revenue": 1518356
        },
        "2009-02": {
            "month": "2009-02",
            "price": "43.08",
            "revenue": 1559227
        },
        "2009-03": {
            "month": "2009-03",
            "price": "46.23",
            "revenue": 1599659
        },
        "2009-04": {
            "month": "2009-04",
            "price": "49.57",
            "revenue": 1501151
        },
        "2009-05": {
            "month": "2009-05",
            "price": "55.60",
            "revenue": 1551849
        },
        "2009-06": {
            "month": "2009-06",
            "price": "55.82",
            "revenue": 1526356
        },
        "2009-07": {
            "month": "2009-07",
            "price": "58.28",
            "revenue": 1505231
        },
        "2009-08": {
            "month": "2009-08",
            "price": "52.04",
            "revenue": 1162032
        },
        "2009-09": {
            "month": "2009-09",
            "price": "51.31",
            "revenue": 1204265
        },
        "2009-10": {
            "month": "2009-10",
            "price": "53.66",
            "revenue": 1434611
        },
        "2009-11": {
            "month": "2009-11",
            "price": "54.45",
            "revenue": 1454357
        },
        "2009-12": {
            "month": "2009-12",
            "price": "55.74",
            "revenue": 1701882
        },
        "2010-01": {
            "month": "2010-01",
            "price": "55.81",
            "revenue": 1403783
        },
        "2010-02": {
            "month": "2010-02",
            "price": "50.81",
            "revenue": 1104555
        },
        "2010-03": {
            "month": "2010-03",
            "price": "51.13",
            "revenue": 1560958
        },
        "2010-04": {
            "month": "2010-04",
            "price": "51.50",
            "revenue": 1308782
        },
        "2010-05": {
            "month": "2010-05",
            "price": "43.88",
            "revenue": 1552845
        },
        "2010-06": {
            "month": "2010-06",
            "price": "45.24",
            "revenue": 1615860
        },
        "2010-07": {
            "month": "2010-07",
            "price": "44.95",
            "revenue": 1898256
        },
        "2010-08": {
            "month": "2010-08",
            "price": "44.80",
            "revenue": 2095612
        },
        "2010-09": {
            "month": "2010-09",
            "price": "48.40",
            "revenue": 2153882
        },
        "2010-10": {
            "month": "2010-10",
            "price": "50.24",
            "revenue": 2207070
        },
        "2010-11": {
            "month": "2010-11",
            "price": "44.90",
            "revenue": 2313953
        },
        "2010-12": {
            "month": "2010-12",
            "price": "45.86",
            "revenue": 2210649
        },
        "2011-01": {
            "month": "2011-01",
            "price": "43.64",
            "revenue": 2002854
        },
        "2011-02": {
            "month": "2011-02",
            "price": "38.30",
            "revenue": 1714194
        },
        "2011-03": {
            "month": "2011-03",
            "price": "34.65",
            "revenue": 2487811
        },
        "2011-04": {
            "month": "2011-04",
            "price": "36.91",
            "revenue": 2468297
        },
        "2011-05": {
            "month": "2011-05",
            "price": "37.25",
            "revenue": 2149260
        },
        "2011-06": {
            "month": "2011-06",
            "price": "34.78",
            "revenue": 2327904
        },
        "2011-07": {
            "month": "2011-07",
            "price": "32.12",
            "revenue": 2507092
        },
        "2011-08": {
            "month": "2011-08",
            "price": "26.76",
            "revenue": 2789836
        },
        "2011-09": {
            "month": "2011-09",
            "price": "25.33",
            "revenue": 2853714
        },
        "2011-10": {
            "month": "2011-10",
            "price": "27.40",
            "revenue": 2480100
        },
        "2011-11": {
            "month": "2011-11",
            "price": "25.53",
            "revenue": 2034963
        },
        "2011-12": {
            "month": "2011-12",
            "price": "20.83",
            "revenue": 2416341
        },
        "2012-01": {
            "month": "2012-01",
            "price": "21.82",
            "revenue": 1643880
        },
        "2012-02": {
            "month": "2012-02",
            "price": "27.79",
            "revenue": 2006912
        },
        "2012-03": {
            "month": "2012-03",
            "price": "27.71",
            "revenue": 2372025
        },
        "2012-04": {
            "month": "2012-04",
            "price": "26.65",
            "revenue": 2290553
        },
        "2012-05": {
            "month": "2012-05",
            "price": "26.26",
            "revenue": 2465541
        },
        "2012-06": {
            "month": "2012-06",
            "price": "24.49",
            "revenue": 2782845
        },
        "2012-07": {
            "month": "2012-07",
            "price": "27.13",
            "revenue": 2247380
        },
        "2012-08": {
            "month": "2012-08",
            "price": "29.52",
            "revenue": 2199617
        },
        "2012-09": {
            "month": "2012-09",
            "price": "32.09",
            "revenue": 2309917
        },
        "2012-10": {
            "month": "2012-10",
            "price": "30.08",
            "revenue": 2106086
        },
        "2012-11": {
            "month": "2012-11",
            "price": "30.80",
            "revenue": 2041583
        },
        "2012-12": {
            "month": "2012-12",
            "price": "33.44",
            "revenue": 1973378
        },
        "2013-01": {
            "month": "2013-01",
            "price": "35.99",
            "revenue": 1847114
        },
        "2013-02": {
            "month": "2013-02",
            "price": "38.96",
            "revenue": 1338781
        },
        "2013-03": {
            "month": "2013-03",
            "price": "37.65",
            "revenue": 2008295
        },
        "2013-04": {
            "month": "2013-04",
            "price": "37.77",
            "revenue": 1851151
        },
        "2013-05": {
            "month": "2013-05",
            "price": "36.65",
            "revenue": 2057532
        },
        "2013-06": {
            "month": "2013-06",
            "price": "34.17",
            "revenue": 1904567
        },
        "2013-07": {
            "month": "2013-07",
            "price": "32.77",
            "revenue": 1474993
        },
        "2013-08": {
            "month": "2013-08",
            "price": "30.48",
            "revenue": 1675907
        },
        "2013-09": {
            "month": "2013-09",
            "price": "30.55",
            "revenue": 1531640
        },
        "2013-10": {
            "month": "2013-10",
            "price": "28.62",
            "revenue": 1402460
        },
        "2013-11": {
            "month": "2013-11",
            "price": "28.01",
            "revenue": 1230336
        },
        "2013-12": {
            "month": "2013-12",
            "price": "27.93",
            "revenue": 1606544
        },
        "2014-01": {
            "month": "2014-01",
            "price": "29.49",
            "revenue": 1160449
        },
        "2014-02": {
            "month": "2014-02",
            "price": "29.15",
            "revenue": 1042209
        },
        "2014-03": {
            "month": "2014-03",
            "price": "29.54",
            "revenue": 1412001
        },
        "2014-04": {
            "month": "2014-04",
            "price": "29.24",
            "revenue": 1031449
        },
        "2014-05": {
            "month": "2014-05",
            "price": "28.01",
            "revenue": 1403391
        },
        "2014-06": {
            "month": "2014-06",
            "price": "28.74",
            "revenue": 1568782
        },
        "2014-07": {
            "month": "2014-07",
            "price": "29.45",
            "revenue": 1707435
        },
        "2014-08": {
            "month": "2014-08",
            "price": "27.39",
            "revenue": 1892910
        },
        "2014-09": {
            "month": "2014-09",
            "price": "28.15",
            "revenue": 1714044
        },
        "2014-10": {
            "month": "2014-10",
            "price": "24.10",
            "revenue": 1497001
        },
        "2014-11": {
            "month": "2014-11",
            "price": "21.76",
            "revenue": 1508146
        },
        "2014-12": {
            "month": "2014-12",
            "price": "22.95",
            "revenue": 1746444
        },
        "2015-01": {
            "month": "2015-01",
            "price": "23.47",
            "revenue": 1700765
        },
        "2015-02": {
            "month": "2015-02",
            "price": "23.04",
            "revenue": 1114670
        },
        "2015-03": {
            "month": "2015-03",
            "price": "23.97",
            "revenue": 1628305
        },
        "2015-04": {
            "month": "2015-04",
            "price": "22.67",
            "revenue": 1664892
        },
        "2015-05": {
            "month": "2015-05",
            "price": "23.78",
            "revenue": 1442272
        },
        "2015-06": {
            "month": "2015-06",
            "price": "22.03",
            "revenue": 1664967
        },
        "2015-07": {
            "month": "2015-07",
            "price": "18.12",
            "revenue": 1620090
        },
        "2015-08": {
            "month": "2015-08",
            "price": "14.60",
            "revenue": 1507908
        },
        "2015-09": {
            "month": "2015-09",
            "price": "15.34",
            "revenue": 1301296
        },
        "2015-10": {
            "month": "2015-10",
            "price": "16.29",
            "revenue": 1231783
        },
        "2015-11": {
            "month": "2015-11",
            "price": "15.86",
            "revenue": 1205737
        },
        "2015-12": {
            "month": "2015-12",
            "price": "16.39",
            "revenue": 1446917
        },
        "2016-01": {
            "month": "2016-01",
            "price": "17.66",
            "revenue": 1013048
        },
        "2016-02": {
            "month": "2016-02",
            "price": "18.37",
            "revenue": 808798
        },
        "2016-03": {
            "month": "2016-03",
            "price": "18.50",
            "revenue": 1262430
        },
        "2016-04": {
            "month": "2016-04",
            "price": "17.32",
            "revenue": 1147554
        },
        "2016-05": {
            "month": "2016-05",
            "price": "16.81",
            "revenue": 1329195
        },
        "2016-06": {
            "month": "2016-06",
            "price": "18.60",
            "revenue": 1504376
        },
        "2016-07": {
            "month": "2016-07",
            "price": "18.56",
            "revenue": 1244299
        },
        "2016-08": {
            "month": "2016-08",
            "price": "19.13",
            "revenue": 1250434
        },
        "2016-09": {
            "month": "2016-09",
            "price": "20.13",
            "revenue": 1335466
        },
        "2016-10": {
            "month": "2016-10",
            "price": "18.39",
            "revenue": 1134729
        },
        "2016-11": {
            "month": "2016-11",
            "price": "18.90",
            "revenue": 1251509
        },
        "2016-12": {
            "month": "2016-12",
            "price": "23.07",
            "revenue": 1229416
        },
        "2017-01": {
            "month": "2017-01",
            "price": "24.24",
            "revenue": 1133399
        },
        "2017-02": {
            "month": "2017-02",
            "price": "25.91",
            "revenue": 1378309
        },
        "2017-03": {
            "month": "2017-03",
            "price": "27.03",
            "revenue": 1371231
        },
        "2017-04": {
            "month": "2017-04",
            "price": "27.78",
            "revenue": 1128471
        },
        "2017-05": {
            "month": "2017-05",
            "price": "33.42",
            "revenue": 1187648
        },
        "2017-06": {
            "month": "2017-06",
            "price": "30.32",
            "revenue": 1005104
        },
        "2017-07": {
            "month": "2017-07",
            "price": "27.97",
            "revenue": 884966
        },
        "2017-08": {
            "month": "2017-08",
            "price": "23.24",
            "revenue": 1006273
        },
        "2017-09": {
            "month": "2017-09",
            "price": "23.88",
            "revenue": 1070260
        },
        "2017-10": {
            "month": "2017-10",
            "price": "24.45",
            "revenue": 1087049
        },
        "2017-11": {
            "month": "2017-11",
            "price": "24.69",
            "revenue": 1288171
        },
        "2017-12": {
            "month": "2017-12",
            "price": "24.96",
            "revenue": 1039726
        },
        "2018-01": {
            "month": "2018-01",
            "price": "29.06",
            "revenue": 1287897
        },
        "2018-02": {
            "month": "2018-02",
            "price": "26.63",
            "revenue": 876504
        },
        "2018-03": {
            "month": "2018-03",
            "price": "27.82",
            "revenue": 1557201
        },
        "2018-04": {
            "month": "2018-04",
            "price": "25.36",
            "revenue": 1278398
        },
        "2018-05": {
            "month": "2018-05",
            "price": "24.95",
            "revenue": 1426031
        },
        "2018-06": {
            "month": "2018-06",
            "price": "27.25",
            "revenue": 1379593
        },
        "2018-07": {
            "month": "2018-07",
            "price": "27.29",
            "revenue": 1363987
        },
        "2018-08": {
            "month": "2018-08",
            "price": "23.95",
            "revenue": 1533204
        },
        "2018-09": {
            "month": "2018-09",
            "price": "22.11",
            "revenue": 1523181
        },
        "2018-10": {
            "month": "2018-10",
            "price": "19.24",
            "revenue": 1463448
        },
        "2018-11": {
            "month": "2018-11",
            "price": "20.09",
            "revenue": 1905455
        },
        "2018-12": {
            "month": "2018-12",
            "price": "22.54",
            "revenue": 1738852
        },
        "2019-01": {
            "month": "2019-01",
            "price": "24.75",
            "revenue": 1624269
        },
        "2019-02": {
            "month": "2019-02",
            "price": "24.77",
            "revenue": 1041661
        },
        "2019-03": {
            "month": "2019-03",
            "price": "24.86",
            "revenue": 1723637
        },
        "2019-04": {
            "month": "2019-04",
            "price": "24.42",
            "revenue": 1703180
        },
        "2019-05": {
            "month": "2019-05",
            "price": "24.34",
            "revenue": 1829302
        },
        "2019-06": {
            "month": "2019-06",
            "price": "24.07",
            "revenue": 1960075
        },
        "2019-07": {
            "month": "2019-07",
            "price": "26.27",
            "revenue": 1674624
        },
        "2019-08": {
            "month": "2019-08",
            "price": "28.09",
            "revenue": 1598683
        },
        "2019-09": {
            "month": "2019-09",
            "price": "27.25",
            "revenue": 1273857
        },
        "2019-10": {
            "month": "2019-10",
            "price": "25.30",
            "revenue": 1154813
        },
        "2019-11": {
            "month": "2019-11",
            "price": "24.71",
            "revenue": 1166231
        },
        "2019-12": {
            "month": "2019-12",
            "price": "25.46",
            "revenue": 1306798
        },
        "2020-01": {
            "month": "2020-01",
            "price": "24.91",
            "revenue": 944226
        },
        "2020-02": {
            "month": "2020-02",
            "price": "23.07",
            "revenue": 462085
        },
        "2020-03": {
            "month": "2020-03",
            "price": "19.82",
            "revenue": 1230896
        },
        "2020-04": {
            "month": "2020-04",
            "price": "20.05",
            "revenue": 1912250
        },
        "2020-05": {
            "month": "2020-05",
            "price": "21.38",
            "revenue": 1812071
        },
        "2020-06": {
            "month": "2020-06",
            "price": "22.04",
            "revenue": 1927143
        },
        "2020-07": {
            "month": "2020-07",
            "price": "24.37",
            "revenue": 2184262
        },
        "2020-08": {
            "month": "2020-08",
            "price": "26.86",
            "revenue": 2203654
        },
        "2020-09": {
            "month": "2020-09",
            "price": "26.95",
            "revenue": 2364119
        },
        "2020-10": {
            "month": "2020-10",
            "price": "27.15",
            "revenue": 1604590
        },
        "2020-11": {
            "month": "2020-11",
            "price": "29.79",
            "revenue": 1602445
        },
        "2020-12": {
            "month": "2020-12",
            "price": "29.88",
            "revenue": 1682964
        },
        "2021-01": {
            "month": "2021-01",
            "price": "29.24",
            "revenue": 1701474
        },
        "2021-02": {
            "month": "2021-02",
            "price": "29.39",
            "revenue": 1490681
        },
        "2021-03": {
            "month": "2021-03",
            "price": "31.91",
            "revenue": 2048128
        },
        "2021-04": {
            "month": "2021-04",
            "price": "34.86",
            "revenue": 2107273
        },
        "2021-05": {
            "month": "2021-05",
            "price": "29.74",
            "revenue": 2252259
        },
        "2021-06": {
            "month": "2021-06",
            "price": "30.85",
            "revenue": 2193212
        },
        "2021-07": {
            "month": "2021-07",
            "price": "33.56",
            "revenue": 1752854
        },
        "2021-08": {
            "month": "2021-08",
            "price": "27.68",
            "revenue": 2004380
        },
        "2021-09": {
            "month": "2021-09",
            "price": "25.82",
            "revenue": 1779943
        },
        "2021-10": {
            "month": "2021-10",
            "price": "26.08",
            "revenue": 1701830
        },
        "2021-11": {
            "month": "2021-11",
            "price": "27.95",
            "revenue": 1798364
        },
        "2021-12": {
            "month": "2021-12",
            "price": "29.58",
            "revenue": 2052728
        },
        "2022-01": {
            "month": "2022-01",
            "price": "30.50",
            "revenue": 1725958
        },
        "2022-02": {
            "month": "2022-02",
            "price": "31.93",
            "revenue": 1586098
        },
        "2022-03": {
            "month": "2022-03",
            "price": "31.02",
            "revenue": 1862719
        },
        "2022-04": {
            "month": "2022-04",
            "price": "31.16",
            "revenue": 1580291
        },
        "2022-05": {
            "month": "2022-05",
            "price": "29.06",
            "revenue": 2187641
        },
        "2022-06": {
            "month": "2022-06",
            "price": "30.61",
            "revenue": 2721803
        },
        "2022-07": {
            "month": "2022-07",
            "price": "29.25",
            "revenue": 2300161
        },
        "2022-08": {
            "month": "2022-08",
            "price": "30.21",
            "revenue": 2654839
        },
        "2022-09": {
            "month": "2022-09",
            "price": "30.10",
            "revenue": 2750568
        },
        "2022-10": {
            "month": "2022-10",
            "price": "27.12",
            "revenue": 2943618
        },
        "2022-11": {
            "month": "2022-11",
            "price": "27.80",
            "revenue": 3033007
        },
        "2022-12": {
            "month": "2022-12",
            "price": "27.80",
            "revenue": 2552928
        },
        "2023-01": {
            "month": "2023-01",
            "price": "27.49",
            "revenue": 1743436
        },
        "2023-02": {
            "month": "2023-02",
            "price": "27.89",
            "revenue": 2333661
        },
        "2023-03": {
            "month": "2023-03",
            "price": "29.03",
            "revenue": 2985352
        },
        "2023-04": {
            "month": "2023-04",
            "price": "31.46",
            "revenue": 2568577
        },
        "2023-05": {
            "month": "2023-05",
            "price": "30.29",
            "revenue": 2467493
        },
        "2023-06": {
            "month": "2023-06",
            "price": "31.24",
            "revenue": 1979084
        },
        "2023-07": {
            "month": "2023-07",
            "price": "32.46",
            "revenue": 2122788
        },
        "2023-08": {
            "month": "2023-08",
            "price": "34.17",
            "revenue": 2015384
        },
        "2023-09": {
            "month": "2023-09",
            "price": "36.95",
            "revenue": 2019765
        },
        "2023-10": {
            "month": "2023-10",
            "price": "34.73",
            "revenue": 1821600
        },
        "2023-11": {
            "month": "2023-11",
            "price": "33.68",
            "revenue": 1906562
        },
        "2023-12": {
            "month": "2023-12",
            "price": "35.14",
            "revenue": 2175119
        }
    }
}
