{
    "summary": {
        "stock_name": "富宇",
        "stock_id": "4907",
        "category": "建材營造",
        "main_business": "委託營造廠商興建商業大樓及國民住宅出租、出售業務。<br>有關建材、裝潢材料及建設機械之買賣及進出口業務等",
        "website_url": "http://www.fuyu-property.com.tw",
        "ceo": "鍾堯明",
        "pe_ratio": -122,
        "report_year_from": 2001,
        "report_year_to": 2023,
        "age": 22,
        "eps_negative_percentage": 52,
        "eps_growth_avg": {
            "last_all": -24.35,
            "last_2y": -20.04,
            "last_4y": -34.62,
            "last_8y": -30.43,
            "last_12y": -15.94,
            "last_16y": -15.94,
            "last_20y": -24.35,
            "at_2006_last_3y": null,
            "at_2007_last_3y": null,
            "at_2008_last_3y": null,
            "at_2009_last_3y": null,
            "at_2010_last_3y": null,
            "at_2011_last_3y": null,
            "at_2012_last_3y": null,
            "at_2013_last_3y": 100,
            "at_2014_last_3y": 14.81,
            "at_2015_last_3y": 43.21,
            "at_2016_last_3y": 7.41,
            "at_2017_last_3y": -23.46,
            "at_2018_last_3y": -17.1,
            "at_2019_last_3y": -70.99,
            "at_2020_last_3y": -41.36,
            "at_2021_last_3y": -19.56,
            "at_2022_last_3y": -30.45,
            "at_2023_last_3y": -30.45,
            "at_2006_last_all": -100,
            "at_2007_last_all": -100,
            "at_2008_last_all": -100,
            "at_2009_last_all": -100,
            "at_2010_last_all": -100,
            "at_2011_last_all": -100,
            "at_2012_last_all": -100,
            "at_2013_last_all": 0,
            "at_2014_last_all": -23.46,
            "at_2015_last_all": 7.41,
            "at_2016_last_all": -14.07,
            "at_2017_last_all": -14.07,
            "at_2018_last_all": -20.28,
            "at_2019_last_all": -26.19,
            "at_2020_last_all": -24.31,
            "at_2021_last_all": -16.51,
            "at_2022_last_all": -24.35,
            "at_2023_last_all": -24.35
        },
        "latest_eps": -0.33,
        "latest_price": 40.15,
        "latest_roe": -2.22,
        "latest_gross_margin": 44.03,
        "latest_equity": 1674008,
        "latest_revenue": 53291,
        "latest_gross_profit": 23462,
        "latest_net_income": -9167,
        "latest_debt_ratio": 85.04,
        "latest_current_ratio": 163.25,
        "latest_account_receivable_turnover_ratio": 3.05,
        "latest_inventory_turnover_ratio": 0,
        "latest_reinvestment_rate": -0.3,
        "latest_research_to_sale_ratio": null
    },
    "eps_dividends": {
        "2000": {
            "cash": 0,
            "stock": 0.7,
            "eps": 0
        },
        "2001": {
            "cash": 0,
            "stock": 0,
            "eps": 0.56
        },
        "2002": {
            "cash": 0,
            "stock": 0.45,
            "eps": -1.35
        },
        "2003": {
            "cash": 0,
            "stock": 0,
            "eps": -1.59
        },
        "2004": {
            "cash": 0,
            "stock": 0,
            "eps": -1.27
        },
        "2005": {
            "cash": 0,
            "stock": 0,
            "eps": -1.83
        },
        "2006": {
            "cash": 0,
            "stock": 0,
            "eps": -0.86
        },
        "2007": {
            "cash": 0,
            "stock": 0,
            "eps": -3.73
        },
        "2008": {
            "cash": 0,
            "stock": 0,
            "eps": -2.88
        },
        "2009": {
            "cash": 0,
            "stock": 0,
            "eps": -4.86
        },
        "2010": {
            "cash": 0,
            "stock": 0,
            "eps": -1.37
        },
        "2011": {
            "cash": 0,
            "stock": 0,
            "eps": -0.96
        },
        "2012": {
            "cash": 0,
            "stock": 0,
            "eps": 0.13
        },
        "2013": {
            "cash": 0,
            "stock": 0,
            "eps": 1.35
        },
        "2014": {
            "cash": 0,
            "stock": 0,
            "eps": 0.4
        },
        "2015": {
            "cash": 0,
            "stock": 0,
            "eps": 1.55
        },
        "2016": {
            "cash": 0,
            "stock": 0,
            "eps": -0.03
        },
        "2017": {
            "cash": 0,
            "stock": 0,
            "eps": 7.23
        },
        "2018": {
            "cash": 1.5,
            "stock": 0,
            "eps": 3.52
        },
        "2019": {
            "cash": 1.5,
            "stock": 0,
            "eps": 1.35
        },
        "2020": {
            "cash": 1.2,
            "stock": 0,
            "eps": 1.2
        },
        "2021": {
            "cash": 1.2,
            "stock": 0,
            "eps": 1.75
        },
        "2022": {
            "cash": 1.3,
            "stock": 0,
            "eps": 0.09
        },
        "2023": {
            "cash": 1.2,
            "stock": 0,
            "eps": -0.36
        }
    },
    "dividends": {
        "2000-06-22": {
            "cash": 0,
            "stock": 0.7
        },
        "2002-06-28": {
            "cash": 0,
            "stock": 0.45
        },
        "2018-09-20": {
            "cash": 1.5,
            "stock": 0
        },
        "2019-09-26": {
            "cash": 1.5,
            "stock": 0
        },
        "2020-09-24": {
            "cash": 1.2,
            "stock": 0
        },
        "2021-10-29": {
            "cash": 1.2,
            "stock": 0
        },
        "2022-09-22": {
            "cash": 1.3,
            "stock": 0
        },
        "2023-09-22": {
            "cash": 1.2,
            "stock": 0
        }
    },
    "prices": {
        "200101": "無",
        "200102": "無",
        "200103": "無",
        "200104": "無",
        "200105": "無",
        "200106": "無",
        "200107": "無",
        "200108": "無",
        "200109": "無",
        "200110": "無",
        "200111": "無",
        "200112": "無",
        "200201": "無",
        "200202": "無",
        "200203": "22.38",
        "200204": "20.98",
        "200205": "14.74",
        "200206": "13.02",
        "200207": "10.54",
        "200208": "8.82",
        "200209": "7.64",
        "200210": "6.87",
        "200211": "6.68",
        "200212": "6.20",
        "200301": "6.58",
        "200302": "6.80",
        "200303": "6.31",
        "200304": "5.48",
        "200305": "5.05",
        "200306": "7.00",
        "200307": "8.36",
        "200308": "8.14",
        "200309": "7.72",
        "200310": "7.80",
        "200311": "7.50",
        "200312": "6.99",
        "200401": "7.11",
        "200402": "7.96",
        "200403": "10.07",
        "200404": "10.26",
        "200405": "7.55",
        "200406": "7.25",
        "200407": "6.51",
        "200408": "6.65",
        "200409": "4.47",
        "200410": "3.88",
        "200411": "3.27",
        "200412": "3.38",
        "200501": "3.03",
        "200502": "3.28",
        "200503": "3.71",
        "200504": "3.54",
        "200505": "3.17",
        "200506": "3.49",
        "200507": "3.54",
        "200508": "3.09",
        "200509": "4.48",
        "200510": "3.39",
        "200511": "3.06",
        "200512": "3.31",
        "200601": "4.03",
        "200602": "4.59",
        "200603": "7.28",
        "200604": "7.65",
        "200605": "6.62",
        "200606": "5.87",
        "200607": "4.97",
        "200608": "4.35",
        "200609": "3.60",
        "200610": "4.40",
        "200611": "5.17",
        "200612": "7.56",
        "200701": "7.62",
        "200702": "7.52",
        "200703": "7.93",
        "200704": "8.11",
        "200705": "8.00",
        "200706": "8.73",
        "200707": "8.40",
        "200708": "8.56",
        "200709": "10.76",
        "200710": "10.56",
        "200711": "9.86",
        "200712": "10.36",
        "200801": "9.71",
        "200802": "10.12",
        "200803": "13.10",
        "200804": "15.77",
        "200805": "15.43",
        "200806": "14.91",
        "200807": "14.46",
        "200808": "12.83",
        "200809": "9.73",
        "200810": "12.88",
        "200811": "10.21",
        "200812": "10.60",
        "200901": "8.79",
        "200902": "8.67",
        "200903": "9.84",
        "200904": "13.13",
        "200905": "15.08",
        "200906": "11.54",
        "200907": "11.15",
        "200908": "23.88",
        "200909": "13.67",
        "200910": "9.10",
        "200911": "6.54",
        "200912": "5.87",
        "201001": "6.67",
        "201002": "6.32",
        "201003": "7.56",
        "201004": "8.62",
        "201005": "8.57",
        "201006": "8.58",
        "201007": "8.56",
        "201008": "5.82",
        "201009": "4.99",
        "201010": "5.20",
        "201011": "4.53",
        "201012": "4.86",
        "201101": "4.78",
        "201102": "3.81",
        "201103": "3.68",
        "201104": "3.88",
        "201105": "4.71",
        "201106": "3.78",
        "201107": "4.57",
        "201108": "3.83",
        "201109": "4.10",
        "201110": "2.86",
        "201111": "3.24",
        "201112": "3.46",
        "201201": "3.58",
        "201202": "2.87",
        "201203": "3.11",
        "201204": "3.18",
        "201205": "2.73",
        "201206": "2.49",
        "201207": "1.59",
        "201208": "1.23",
        "201209": "2.04",
        "201210": "6.81",
        "201211": "7.74",
        "201212": "7.72",
        "201301": "7.83",
        "201302": "7.98",
        "201303": "8.30",
        "201304": "8.62",
        "201305": "8.40",
        "201306": "11.59",
        "201307": "11.92",
        "201308": "12.75",
        "201309": "13.39",
        "201310": "13.24",
        "201311": "13.05",
        "201312": "12.91",
        "201401": "11.85",
        "201402": "11.06",
        "201403": "13.11",
        "201404": "14.02",
        "201405": "13.34",
        "201406": "13.19",
        "201407": "11.67",
        "201408": "11.12",
        "201409": "12.08",
        "201410": "12.72",
        "201411": "14.39",
        "201412": "12.63",
        "201501": "12.72",
        "201502": "14.75",
        "201503": "13.50",
        "201504": "14.68",
        "201505": "14.78",
        "201506": "13.42",
        "201507": "13.76",
        "201508": "13.03",
        "201509": "12.69",
        "201510": "11.92",
        "201511": "11.45",
        "201512": "11.00",
        "201601": "11.16",
        "201602": "10.75",
        "201603": "10.74",
        "201604": "10.87",
        "201605": "10.07",
        "201606": "9.48",
        "201607": "9.19",
        "201608": "8.94",
        "201609": "8.72",
        "201610": "9.97",
        "201611": "9.35",
        "201612": "11.01",
        "201701": "11.26",
        "201702": "13.24",
        "201703": "17.46",
        "201704": "19.94",
        "201705": "20.56",
        "201706": "19.27",
        "201707": "18.51",
        "201708": "18.65",
        "201709": "28.40",
        "201710": "37.20",
        "201711": "41.17",
        "201712": "39.32",
        "201801": "39.46",
        "201802": "36.95",
        "201803": "33.64",
        "201804": "29.15",
        "201805": "24.37",
        "201806": "23.39",
        "201807": "21.13",
        "201808": "21.77",
        "201809": "21.60",
        "201810": "21.10",
        "201811": "21.28",
        "201812": "22.65",
        "201901": "22.50",
        "201902": "22.55",
        "201903": "23.18",
        "201904": "23.27",
        "201905": "21.80",
        "201906": "22.00",
        "201907": "22.04",
        "201908": "23.60",
        "201909": "23.24",
        "201910": "23.26",
        "201911": "24.49",
        "201912": "27.44",
        "202001": "28.15",
        "202002": "26.18",
        "202003": "21.76",
        "202004": "21.96",
        "202005": "24.72",
        "202006": "26.39",
        "202007": "29.33",
        "202008": "28.46",
        "202009": "28.39",
        "202010": "28.05",
        "202011": "28.39",
        "202012": "28.73",
        "202101": "27.04",
        "202102": "26.41",
        "202103": "25.85",
        "202104": "25.62",
        "202105": "24.39",
        "202106": "23.86",
        "202107": "24.20",
        "202108": "23.84",
        "202109": "24.66",
        "202110": "24.54",
        "202111": "25.35",
        "202112": "25.07",
        "202201": "24.69",
        "202202": "24.58",
        "202203": "24.34",
        "202204": "24.35",
        "202205": "24.34",
        "202206": "24.54",
        "202207": "24.17",
        "202208": "24.40",
        "202209": "24.94",
        "202210": "24.31",
        "202211": "23.94",
        "202212": "26.37",
        "202301": "27.00",
        "202302": "30.17",
        "202303": "33.48",
        "202304": "34.58",
        "202305": "36.21",
        "202306": "34.82",
        "202307": "34.87",
        "202308": "36.70",
        "202309": "39.38"
    },
    "quarters": {
        "20011": {
            "year_quarter": 20011,
            "year": 2001,
            "quarter": 1,
            "eps": 0.34,
            "eps_growth_year": null,
            "eps_4q": null,
            "eps_4q_growth_year": null,
            "roe": 2.86,
            "roe_4q": 2.86,
            "gross_profit": 48408,
            "gross_margin": 18.51,
            "gross_margin_4q_avg": 18.51,
            "net_income": 11151,
            "revenue": 261582,
            "common_shares": 326000,
            "book_valuer_per_share": 12.13,
            "book_valuer_per_share_4q_avg": 12.13,
            "equity": 395458,
            "current_ratio": 176.86,
            "debt_ratio": 52.01,
            "inventory_turnover_ratio": 1.05,
            "account_receivable_turnover_ratio": null,
            "reinvestment_rate": null,
            "research_to_sale_ratio": null,
            "price_fair": 0,
            "eps_avg_yearly": 0,
            "eps_latest_yearly": 0,
            "eps_growth_yearly": 0
        },
        "20012": {
            "year_quarter": 20012,
            "year": 2001,
            "quarter": 2,
            "eps": 0.28,
            "eps_growth_year": null,
            "eps_4q": null,
            "eps_4q_growth_year": null,
            "roe": 2.59,
            "roe_4q": 5.449999999999999,
            "gross_profit": 45044,
            "gross_margin": 11.68,
            "gross_margin_4q_avg": 15.1,
            "net_income": 10365,
            "revenue": 385737,
            "common_shares": 326000,
            "book_valuer_per_share": 12.38,
            "book_valuer_per_share_4q_avg": 12.26,
            "equity": 403538,
            "current_ratio": 198.23,
            "debt_ratio": 46.09,
            "inventory_turnover_ratio": 1.44,
            "account_receivable_turnover_ratio": null,
            "reinvestment_rate": null,
            "research_to_sale_ratio": null,
            "price_fair": 0,
            "eps_avg_yearly": 0,
            "eps_latest_yearly": 0,
            "eps_growth_yearly": 0
        },
        "20013": {
            "year_quarter": 20013,
            "year": 2001,
            "quarter": 3,
            "eps": -0.29,
            "eps_growth_year": null,
            "eps_4q": null,
            "eps_4q_growth_year": null,
            "roe": -2.62,
            "roe_4q": 2.8299999999999996,
            "gross_profit": 18953,
            "gross_margin": 10.68,
            "gross_margin_4q_avg": 13.62,
            "net_income": -10423,
            "revenue": 177439,
            "common_shares": 326000,
            "book_valuer_per_share": 12.06,
            "book_valuer_per_share_4q_avg": 12.19,
            "equity": 393115,
            "current_ratio": 188.89,
            "debt_ratio": 47.9,
            "inventory_turnover_ratio": 0.78,
            "account_receivable_turnover_ratio": null,
            "reinvestment_rate": null,
            "research_to_sale_ratio": null,
            "price_fair": 0,
            "eps_avg_yearly": 0,
            "eps_latest_yearly": 0,
            "eps_growth_yearly": 0
        },
        "20014": {
            "year_quarter": 20014,
            "year": 2001,
            "quarter": 4,
            "eps": 0.23,
            "eps_growth_year": null,
            "eps_4q": 0.54,
            "eps_4q_growth_year": null,
            "roe": 2.08,
            "roe_4q": 4.91,
            "gross_profit": 31865,
            "gross_margin": 10.04,
            "gross_margin_4q_avg": 12.73,
            "net_income": 8248,
            "revenue": 317227,
            "common_shares": 364340,
            "book_valuer_per_share": 11.02,
            "book_valuer_per_share_4q_avg": 11.9,
            "equity": 401363,
            "current_ratio": 162.63,
            "debt_ratio": 56.98,
            "inventory_turnover_ratio": 1.55,
            "account_receivable_turnover_ratio": null,
            "reinvestment_rate": null,
            "research_to_sale_ratio": null,
            "price_fair": 0,
            "eps_avg_yearly": 0,
            "eps_latest_yearly": 0,
            "eps_growth_yearly": 0
        },
        "20021": {
            "year_quarter": 20021,
            "year": 2002,
            "quarter": 1,
            "eps": 0.05,
            "eps_growth_year": -85.29,
            "eps_4q": 0.28,
            "eps_4q_growth_year": null,
            "roe": 0.44,
            "roe_4q": 2.4899999999999998,
            "gross_profit": 39451,
            "gross_margin": 15.72,
            "gross_margin_4q_avg": 12.03,
            "net_income": 1753,
            "revenue": 251037,
            "common_shares": 364340,
            "book_valuer_per_share": 11.06,
            "book_valuer_per_share_4q_avg": 11.63,
            "equity": 403116,
            "current_ratio": 173.87,
            "debt_ratio": 52.45,
            "inventory_turnover_ratio": 1.28,
            "account_receivable_turnover_ratio": null,
            "reinvestment_rate": null,
            "research_to_sale_ratio": null,
            "price_fair": 0.6,
            "eps_avg_yearly": 0.2,
            "eps_latest_yearly": 0.2,
            "eps_growth_yearly": -313.04
        },
        "20022": {
            "year_quarter": 20022,
            "year": 2002,
            "quarter": 2,
            "eps": -0.9,
            "eps_growth_year": -421.43,
            "eps_4q": -0.96,
            "eps_4q_growth_year": null,
            "roe": -8.96,
            "roe_4q": -9.060000000000002,
            "gross_profit": 168,
            "gross_margin": 0.4,
            "gross_margin_4q_avg": 9.21,
            "net_income": -34507,
            "revenue": 41696,
            "common_shares": 364340,
            "book_valuer_per_share": 10.08,
            "book_valuer_per_share_4q_avg": 11.06,
            "equity": 367183,
            "current_ratio": 223.79,
            "debt_ratio": 38.64,
            "inventory_turnover_ratio": 0.27,
            "account_receivable_turnover_ratio": null,
            "reinvestment_rate": null,
            "research_to_sale_ratio": null,
            "price_fair": 0.6,
            "eps_avg_yearly": 0.2,
            "eps_latest_yearly": 0.2,
            "eps_growth_yearly": -313.04
        },
        "20023": {
            "year_quarter": 20023,
            "year": 2002,
            "quarter": 3,
            "eps": -0.32,
            "eps_growth_year": null,
            "eps_4q": -0.53,
            "eps_4q_growth_year": null,
            "roe": -6.59,
            "roe_4q": -13.030000000000001,
            "gross_profit": 33797,
            "gross_margin": 8.06,
            "gross_margin_4q_avg": 8.56,
            "net_income": -36430,
            "revenue": 419113,
            "common_shares": 1151621,
            "book_valuer_per_share": 6.41,
            "book_valuer_per_share_4q_avg": 9.64,
            "equity": 737798,
            "current_ratio": 289.7,
            "debt_ratio": 32.13,
            "inventory_turnover_ratio": 1.95,
            "account_receivable_turnover_ratio": null,
            "reinvestment_rate": null,
            "research_to_sale_ratio": null,
            "price_fair": 0.6,
            "eps_avg_yearly": 0.2,
            "eps_latest_yearly": 0.2,
            "eps_growth_yearly": -313.04
        },
        "20024": {
            "year_quarter": 20024,
            "year": 2002,
            "quarter": 4,
            "eps": -0.18,
            "eps_growth_year": -178.26,
            "eps_4q": -0.33,
            "eps_4q_growth_year": -160.63,
            "roe": -2.26,
            "roe_4q": -17.37,
            "gross_profit": 14972,
            "gross_margin": 6.98,
            "gross_margin_4q_avg": 7.79,
            "net_income": -20624,
            "revenue": 214502,
            "common_shares": 1151621,
            "book_valuer_per_share": 8.87,
            "book_valuer_per_share_4q_avg": 9.11,
            "equity": 1084324,
            "current_ratio": 383.63,
            "debt_ratio": 24.11,
            "inventory_turnover_ratio": 0.8,
            "account_receivable_turnover_ratio": null,
            "reinvestment_rate": null,
            "research_to_sale_ratio": null,
            "price_fair": 0.6,
            "eps_avg_yearly": 0.2,
            "eps_latest_yearly": 0.2,
            "eps_growth_yearly": -313.04
        },
        "20031": {
            "year_quarter": 20031,
            "year": 2003,
            "quarter": 1,
            "eps": -0.83,
            "eps_growth_year": -1760,
            "eps_4q": -1.62,
            "eps_4q_growth_year": -671.87,
            "roe": -9.55,
            "roe_4q": -27.36,
            "gross_profit": 16452,
            "gross_margin": 10.73,
            "gross_margin_4q_avg": 6.54,
            "net_income": -95977,
            "revenue": 153284,
            "common_shares": 1151621,
            "book_valuer_per_share": 8.04,
            "book_valuer_per_share_4q_avg": 8.35,
            "equity": 925747,
            "current_ratio": 291.04,
            "debt_ratio": 22.82,
            "inventory_turnover_ratio": 0.59,
            "account_receivable_turnover_ratio": null,
            "reinvestment_rate": null,
            "research_to_sale_ratio": null,
            "price_fair": 0.6,
            "eps_avg_yearly": 0.2,
            "eps_latest_yearly": 0.2,
            "eps_growth_yearly": -313.04
        },
        "20032": {
            "year_quarter": 20032,
            "year": 2003,
            "quarter": 2,
            "eps": -0.16,
            "eps_growth_year": null,
            "eps_4q": -1.48,
            "eps_4q_growth_year": null,
            "roe": -1.96,
            "roe_4q": -20.36,
            "gross_profit": 22545,
            "gross_margin": 13.24,
            "gross_margin_4q_avg": 9.75,
            "net_income": -17980,
            "revenue": 170241,
            "common_shares": 1151621,
            "book_valuer_per_share": 7.88,
            "book_valuer_per_share_4q_avg": 7.8,
            "equity": 907561,
            "current_ratio": 335.46,
            "debt_ratio": 20.02,
            "inventory_turnover_ratio": 0.79,
            "account_receivable_turnover_ratio": null,
            "reinvestment_rate": null,
            "research_to_sale_ratio": null,
            "price_fair": 0.6,
            "eps_avg_yearly": 0.2,
            "eps_latest_yearly": 0.2,
            "eps_growth_yearly": -313.04
        },
        "20033": {
            "year_quarter": 20033,
            "year": 2003,
            "quarter": 3,
            "eps": -0.39,
            "eps_growth_year": null,
            "eps_4q": -1.56,
            "eps_4q_growth_year": null,
            "roe": -5.13,
            "roe_4q": -18.9,
            "gross_profit": 19901,
            "gross_margin": 13.36,
            "gross_margin_4q_avg": 11.08,
            "net_income": -45193,
            "revenue": 148943,
            "common_shares": 1151621,
            "book_valuer_per_share": 7.43,
            "book_valuer_per_share_4q_avg": 8.06,
            "equity": 855183,
            "current_ratio": 412.84,
            "debt_ratio": 17.3,
            "inventory_turnover_ratio": 0.75,
            "account_receivable_turnover_ratio": null,
            "reinvestment_rate": null,
            "research_to_sale_ratio": null,
            "price_fair": 0.6,
            "eps_avg_yearly": 0.2,
            "eps_latest_yearly": 0.2,
            "eps_growth_yearly": -313.04
        },
        "20034": {
            "year_quarter": 20034,
            "year": 2003,
            "quarter": 4,
            "eps": -0.21,
            "eps_growth_year": null,
            "eps_4q": -1.49,
            "eps_4q_growth_year": null,
            "roe": -2.79,
            "roe_4q": -19.43,
            "gross_profit": 11152,
            "gross_margin": 8.41,
            "gross_margin_4q_avg": 11.44,
            "net_income": -24144,
            "revenue": 132646,
            "common_shares": 1151621,
            "book_valuer_per_share": 7.07,
            "book_valuer_per_share_4q_avg": 7.61,
            "equity": 873462,
            "current_ratio": 872.41,
            "debt_ratio": 12.35,
            "inventory_turnover_ratio": 0.66,
            "account_receivable_turnover_ratio": null,
            "reinvestment_rate": null,
            "research_to_sale_ratio": null,
            "price_fair": 0.6,
            "eps_avg_yearly": 0.2,
            "eps_latest_yearly": 0.2,
            "eps_growth_yearly": -313.04
        },
        "20041": {
            "year_quarter": 20041,
            "year": 2004,
            "quarter": 1,
            "eps": -0.36,
            "eps_growth_year": null,
            "eps_4q": -1.12,
            "eps_4q_growth_year": null,
            "roe": -5.07,
            "roe_4q": -14.95,
            "gross_profit": 6101,
            "gross_margin": 4.53,
            "gross_margin_4q_avg": 9.89,
            "net_income": -41609,
            "revenue": 134636,
            "common_shares": 1151621,
            "book_valuer_per_share": 6.66,
            "book_valuer_per_share_4q_avg": 7.26,
            "equity": 766844,
            "current_ratio": 531.01,
            "debt_ratio": 14.1,
            "inventory_turnover_ratio": 0.73,
            "account_receivable_turnover_ratio": null,
            "reinvestment_rate": null,
            "research_to_sale_ratio": null,
            "price_fair": 0.6,
            "eps_avg_yearly": 0.2,
            "eps_latest_yearly": 0.2,
            "eps_growth_yearly": -313.04
        },
        "20042": {
            "year_quarter": 20042,
            "year": 2004,
            "quarter": 2,
            "eps": -0.32,
            "eps_growth_year": null,
            "eps_4q": -1.29,
            "eps_4q_growth_year": null,
            "roe": -4.98,
            "roe_4q": -17.97,
            "gross_profit": 16035,
            "gross_margin": 11.51,
            "gross_margin_4q_avg": 9.45,
            "net_income": -37150,
            "revenue": 139340,
            "common_shares": 1151621,
            "book_valuer_per_share": 6.31,
            "book_valuer_per_share_4q_avg": 6.87,
            "equity": 726457,
            "current_ratio": 422.68,
            "debt_ratio": 16.74,
            "inventory_turnover_ratio": 0.72,
            "account_receivable_turnover_ratio": null,
            "reinvestment_rate": null,
            "research_to_sale_ratio": null,
            "price_fair": 0.6,
            "eps_avg_yearly": 0.2,
            "eps_latest_yearly": 0.2,
            "eps_growth_yearly": -313.04
        },
        "20043": {
            "year_quarter": 20043,
            "year": 2004,
            "quarter": 3,
            "eps": -0.15,
            "eps_growth_year": null,
            "eps_4q": -1.04,
            "eps_4q_growth_year": null,
            "roe": -2.39,
            "roe_4q": -15.23,
            "gross_profit": 27292,
            "gross_margin": 13.12,
            "gross_margin_4q_avg": 9.39,
            "net_income": -17283,
            "revenue": 207995,
            "common_shares": 1151621,
            "book_valuer_per_share": 6.26,
            "book_valuer_per_share_4q_avg": 6.58,
            "equity": 720432,
            "current_ratio": 289.96,
            "debt_ratio": 23.33,
            "inventory_turnover_ratio": 0.94,
            "account_receivable_turnover_ratio": null,
            "reinvestment_rate": null,
            "research_to_sale_ratio": null,
            "price_fair": 0.6,
            "eps_avg_yearly": 0.2,
            "eps_latest_yearly": 0.2,
            "eps_growth_yearly": -313.04
        },
        "20044": {
            "year_quarter": 20044,
            "year": 2004,
            "quarter": 4,
            "eps": -0.44,
            "eps_growth_year": null,
            "eps_4q": -1.22,
            "eps_4q_growth_year": null,
            "roe": -7.68,
            "roe_4q": -20.12,
            "gross_profit": 22845,
            "gross_margin": 10.57,
            "gross_margin_4q_avg": 9.93,
            "net_income": -50542,
            "revenue": 216142,
            "common_shares": 1151621,
            "book_valuer_per_share": 5.11,
            "book_valuer_per_share_4q_avg": 6.09,
            "equity": 596119,
            "current_ratio": 305.67,
            "debt_ratio": 28.84,
            "inventory_turnover_ratio": 0.92,
            "account_receivable_turnover_ratio": null,
            "reinvestment_rate": null,
            "research_to_sale_ratio": null,
            "price_fair": 0.6,
            "eps_avg_yearly": 0.2,
            "eps_latest_yearly": 0.2,
            "eps_growth_yearly": -313.04
        },
        "20051": {
            "year_quarter": 20051,
            "year": 2005,
            "quarter": 1,
            "eps": -0.1,
            "eps_growth_year": null,
            "eps_4q": -1.01,
            "eps_4q_growth_year": null,
            "roe": -1.98,
            "roe_4q": -17.03,
            "gross_profit": 23860,
            "gross_margin": 12.66,
            "gross_margin_4q_avg": 11.97,
            "net_income": -11594,
            "revenue": 188473,
            "common_shares": 1151621,
            "book_valuer_per_share": 5.01,
            "book_valuer_per_share_4q_avg": 5.67,
            "equity": 576599,
            "current_ratio": 293.95,
            "debt_ratio": 25.39,
            "inventory_turnover_ratio": 0.82,
            "account_receivable_turnover_ratio": null,
            "reinvestment_rate": null,
            "research_to_sale_ratio": null,
            "price_fair": 0.6,
            "eps_avg_yearly": 0.2,
            "eps_latest_yearly": 0.2,
            "eps_growth_yearly": -313.04
        },
        "20052": {
            "year_quarter": 20052,
            "year": 2005,
            "quarter": 2,
            "eps": -0.83,
            "eps_growth_year": null,
            "eps_4q": -1.96,
            "eps_4q_growth_year": null,
            "roe": -10.64,
            "roe_4q": -22.69,
            "gross_profit": 18323,
            "gross_margin": 8.96,
            "gross_margin_4q_avg": 11.33,
            "net_income": -57839,
            "revenue": 204415,
            "common_shares": 700000,
            "book_valuer_per_share": 7.3,
            "book_valuer_per_share_4q_avg": 5.92,
            "equity": 511051,
            "current_ratio": 286.67,
            "debt_ratio": 23.22,
            "inventory_turnover_ratio": 1,
            "account_receivable_turnover_ratio": null,
            "reinvestment_rate": null,
            "research_to_sale_ratio": null,
            "price_fair": 0.6,
            "eps_avg_yearly": 0.2,
            "eps_latest_yearly": 0.2,
            "eps_growth_yearly": -313.04
        },
        "20053": {
            "year_quarter": 20053,
            "year": 2005,
            "quarter": 3,
            "eps": -0.26,
            "eps_growth_year": null,
            "eps_4q": -1.98,
            "eps_4q_growth_year": null,
            "roe": -3.66,
            "roe_4q": -23.96,
            "gross_profit": 22244,
            "gross_margin": 12.61,
            "gross_margin_4q_avg": 11.2,
            "net_income": -18448,
            "revenue": 176371,
            "common_shares": 700000,
            "book_valuer_per_share": 7.12,
            "book_valuer_per_share_4q_avg": 6.14,
            "equity": 498394,
            "current_ratio": 279.78,
            "debt_ratio": 24.2,
            "inventory_turnover_ratio": 0.79,
            "account_receivable_turnover_ratio": null,
            "reinvestment_rate": null,
            "research_to_sale_ratio": null,
            "price_fair": 0.6,
            "eps_avg_yearly": 0.2,
            "eps_latest_yearly": 0.2,
            "eps_growth_yearly": -313.04
        },
        "20054": {
            "year_quarter": 20054,
            "year": 2005,
            "quarter": 4,
            "eps": -0.64,
            "eps_growth_year": null,
            "eps_4q": -1.9,
            "eps_4q_growth_year": null,
            "roe": -9.4,
            "roe_4q": -25.680000000000003,
            "gross_profit": 31422,
            "gross_margin": 13.66,
            "gross_margin_4q_avg": 11.97,
            "net_income": -45047,
            "revenue": 229991,
            "common_shares": 700000,
            "book_valuer_per_share": 6.57,
            "book_valuer_per_share_4q_avg": 6.5,
            "equity": 459866,
            "current_ratio": 288.92,
            "debt_ratio": 28.71,
            "inventory_turnover_ratio": 0.93,
            "account_receivable_turnover_ratio": null,
            "reinvestment_rate": null,
            "research_to_sale_ratio": null,
            "price_fair": 0.6,
            "eps_avg_yearly": 0.2,
            "eps_latest_yearly": 0.2,
            "eps_growth_yearly": -313.04
        },
        "20061": {
            "year_quarter": 20061,
            "year": 2006,
            "quarter": 1,
            "eps": -0.05,
            "eps_growth_year": null,
            "eps_4q": -1.8,
            "eps_4q_growth_year": null,
            "roe": -0.76,
            "roe_4q": -24.46,
            "gross_profit": 26158,
            "gross_margin": 15.58,
            "gross_margin_4q_avg": 12.7,
            "net_income": -3458,
            "revenue": 167887,
            "common_shares": 700000,
            "book_valuer_per_share": 6.46,
            "book_valuer_per_share_4q_avg": 6.86,
            "equity": 451863,
            "current_ratio": 311.03,
            "debt_ratio": 23.26,
            "inventory_turnover_ratio": 0.7,
            "account_receivable_turnover_ratio": null,
            "reinvestment_rate": null,
            "research_to_sale_ratio": null,
            "price_fair": 0,
            "eps_avg_yearly": 0,
            "eps_latest_yearly": 0,
            "eps_growth_yearly": 0
        },
        "20062": {
            "year_quarter": 20062,
            "year": 2006,
            "quarter": 2,
            "eps": -0.34,
            "eps_growth_year": null,
            "eps_4q": -1.3,
            "eps_4q_growth_year": null,
            "roe": -5.46,
            "roe_4q": -19.28,
            "gross_profit": 27353,
            "gross_margin": 13.96,
            "gross_margin_4q_avg": 13.95,
            "net_income": -24003,
            "revenue": 195940,
            "common_shares": 700000,
            "book_valuer_per_share": 6.1,
            "book_valuer_per_share_4q_avg": 6.56,
            "equity": 426922,
            "current_ratio": 241.67,
            "debt_ratio": 30.96,
            "inventory_turnover_ratio": 0.86,
            "account_receivable_turnover_ratio": null,
            "reinvestment_rate": null,
            "research_to_sale_ratio": null,
            "price_fair": 0,
            "eps_avg_yearly": 0,
            "eps_latest_yearly": 0,
            "eps_growth_yearly": 0
        },
        "20063": {
            "year_quarter": 20063,
            "year": 2006,
            "quarter": 3,
            "eps": -0.16,
            "eps_growth_year": null,
            "eps_4q": -1.2,
            "eps_4q_growth_year": null,
            "roe": -2.76,
            "roe_4q": -18.38,
            "gross_profit": 21221,
            "gross_margin": 13.66,
            "gross_margin_4q_avg": 14.22,
            "net_income": -11344,
            "revenue": 155354,
            "common_shares": 700000,
            "book_valuer_per_share": 5.64,
            "book_valuer_per_share_4q_avg": 6.19,
            "equity": 394890,
            "current_ratio": 275.04,
            "debt_ratio": 27.6,
            "inventory_turnover_ratio": 0.65,
            "account_receivable_turnover_ratio": null,
            "reinvestment_rate": null,
            "research_to_sale_ratio": null,
            "price_fair": 0,
            "eps_avg_yearly": 0,
            "eps_latest_yearly": 0,
            "eps_growth_yearly": 0
        },
        "20064": {
            "year_quarter": 20064,
            "year": 2006,
            "quarter": 4,
            "eps": -0.31,
            "eps_growth_year": null,
            "eps_4q": -0.87,
            "eps_4q_growth_year": null,
            "roe": -5.74,
            "roe_4q": -14.72,
            "gross_profit": 33875,
            "gross_margin": 24.48,
            "gross_margin_4q_avg": 16.92,
            "net_income": -22033,
            "revenue": 138352,
            "common_shares": 700000,
            "book_valuer_per_share": 5.32,
            "book_valuer_per_share_4q_avg": 5.88,
            "equity": 372713,
            "current_ratio": 234.29,
            "debt_ratio": 37.89,
            "inventory_turnover_ratio": 0.46,
            "account_receivable_turnover_ratio": null,
            "reinvestment_rate": null,
            "research_to_sale_ratio": null,
            "price_fair": 0,
            "eps_avg_yearly": 0,
            "eps_latest_yearly": 0,
            "eps_growth_yearly": 0
        },
        "20071": {
            "year_quarter": 20071,
            "year": 2007,
            "quarter": 1,
            "eps": 0,
            "eps_growth_year": null,
            "eps_4q": -0.82,
            "eps_4q_growth_year": null,
            "roe": 0.04,
            "roe_4q": -13.920000000000002,
            "gross_profit": 31133,
            "gross_margin": 18.72,
            "gross_margin_4q_avg": 17.71,
            "net_income": 166,
            "revenue": 166312,
            "common_shares": 700000,
            "book_valuer_per_share": 5.33,
            "book_valuer_per_share_4q_avg": 5.6,
            "equity": 373439,
            "current_ratio": 218.93,
            "debt_ratio": 35.34,
            "inventory_turnover_ratio": 0.57,
            "account_receivable_turnover_ratio": null,
            "reinvestment_rate": null,
            "research_to_sale_ratio": null,
            "price_fair": 0,
            "eps_avg_yearly": 0,
            "eps_latest_yearly": 0,
            "eps_growth_yearly": 0
        },
        "20072": {
            "year_quarter": 20072,
            "year": 2007,
            "quarter": 2,
            "eps": -1.42,
            "eps_growth_year": null,
            "eps_4q": -2.05,
            "eps_4q_growth_year": null,
            "roe": -20.67,
            "roe_4q": -29.130000000000003,
            "gross_profit": 26034,
            "gross_margin": 12.84,
            "gross_margin_4q_avg": 17.43,
            "net_income": -74325,
            "revenue": 202813,
            "common_shares": 525000,
            "book_valuer_per_share": 6.59,
            "book_valuer_per_share_4q_avg": 5.72,
            "equity": 345783,
            "current_ratio": 311.4,
            "debt_ratio": 27.34,
            "inventory_turnover_ratio": 0.87,
            "account_receivable_turnover_ratio": null,
            "reinvestment_rate": null,
            "research_to_sale_ratio": null,
            "price_fair": 0,
            "eps_avg_yearly": 0,
            "eps_latest_yearly": 0,
            "eps_growth_yearly": 0
        },
        "20073": {
            "year_quarter": 20073,
            "year": 2007,
            "quarter": 3,
            "eps": -0.83,
            "eps_growth_year": null,
            "eps_4q": -2.66,
            "eps_4q_growth_year": null,
            "roe": -13.43,
            "roe_4q": -39.800000000000004,
            "gross_profit": 17782,
            "gross_margin": 13.55,
            "gross_margin_4q_avg": 17.4,
            "net_income": -43540,
            "revenue": 131256,
            "common_shares": 525000,
            "book_valuer_per_share": 5.76,
            "book_valuer_per_share_4q_avg": 5.75,
            "equity": 302426,
            "current_ratio": 232.05,
            "debt_ratio": 36.41,
            "inventory_turnover_ratio": 0.68,
            "account_receivable_turnover_ratio": null,
            "reinvestment_rate": null,
            "research_to_sale_ratio": null,
            "price_fair": 0,
            "eps_avg_yearly": 0,
            "eps_latest_yearly": 0,
            "eps_growth_yearly": 0
        },
        "20074": {
            "year_quarter": 20074,
            "year": 2007,
            "quarter": 4,
            "eps": -1.48,
            "eps_growth_year": null,
            "eps_4q": -4.3,
            "eps_4q_growth_year": null,
            "roe": -22.68,
            "roe_4q": -56.74,
            "gross_profit": -4042,
            "gross_margin": -18.6,
            "gross_margin_4q_avg": 6.63,
            "net_income": -61906,
            "revenue": 21737,
            "common_shares": 420660,
            "book_valuer_per_share": 5.79,
            "book_valuer_per_share_4q_avg": 5.87,
            "equity": 243431,
            "current_ratio": 293.93,
            "debt_ratio": 25.18,
            "inventory_turnover_ratio": 0.22,
            "account_receivable_turnover_ratio": null,
            "reinvestment_rate": null,
            "research_to_sale_ratio": null,
            "price_fair": 0,
            "eps_avg_yearly": 0,
            "eps_latest_yearly": 0,
            "eps_growth_yearly": 0
        },
        "20081": {
            "year_quarter": 20081,
            "year": 2008,
            "quarter": 1,
            "eps": -0.56,
            "eps_growth_year": null,
            "eps_4q": -4.8,
            "eps_4q_growth_year": null,
            "roe": -10.23,
            "roe_4q": -67.00999999999999,
            "gross_profit": -4711,
            "gross_margin": -12.48,
            "gross_margin_4q_avg": -1.17,
            "net_income": -23730,
            "revenue": 37745,
            "common_shares": 420660,
            "book_valuer_per_share": 5.24,
            "book_valuer_per_share_4q_avg": 5.85,
            "equity": 220400,
            "current_ratio": 436.65,
            "debt_ratio": 14.78,
            "inventory_turnover_ratio": 0.69,
            "account_receivable_turnover_ratio": null,
            "reinvestment_rate": null,
            "research_to_sale_ratio": null,
            "price_fair": 0,
            "eps_avg_yearly": 0,
            "eps_latest_yearly": 0,
            "eps_growth_yearly": 0
        },
        "20082": {
            "year_quarter": 20082,
            "year": 2008,
            "quarter": 2,
            "eps": -2.33,
            "eps_growth_year": null,
            "eps_4q": -7.72,
            "eps_4q_growth_year": null,
            "roe": -29.07,
            "roe_4q": -75.41,
            "gross_profit": -3880,
            "gross_margin": -17.6,
            "gross_margin_4q_avg": -8.78,
            "net_income": -55851,
            "revenue": 22043,
            "common_shares": 239578,
            "book_valuer_per_share": 6.84,
            "book_valuer_per_share_4q_avg": 5.91,
            "equity": 163817,
            "current_ratio": 463.1,
            "debt_ratio": 14.67,
            "inventory_turnover_ratio": 0.64,
            "account_receivable_turnover_ratio": null,
            "reinvestment_rate": null,
            "research_to_sale_ratio": null,
            "price_fair": 0,
            "eps_avg_yearly": 0,
            "eps_latest_yearly": 0,
            "eps_growth_yearly": 0
        },
        "20083": {
            "year_quarter": 20083,
            "year": 2008,
            "quarter": 3,
            "eps": -0.49,
            "eps_growth_year": null,
            "eps_4q": -6.4,
            "eps_4q_growth_year": null,
            "roe": -7.51,
            "roe_4q": -69.49000000000001,
            "gross_profit": -9598,
            "gross_margin": -21.4,
            "gross_margin_4q_avg": -17.52,
            "net_income": -11724,
            "revenue": 44845,
            "common_shares": 239578,
            "book_valuer_per_share": 6.19,
            "book_valuer_per_share_4q_avg": 6.02,
            "equity": 148210,
            "current_ratio": 307.32,
            "debt_ratio": 23.15,
            "inventory_turnover_ratio": 1.76,
            "account_receivable_turnover_ratio": null,
            "reinvestment_rate": null,
            "research_to_sale_ratio": null,
            "price_fair": 0,
            "eps_avg_yearly": 0,
            "eps_latest_yearly": 0,
            "eps_growth_yearly": 0
        },
        "20084": {
            "year_quarter": 20084,
            "year": 2008,
            "quarter": 4,
            "eps": 0.5,
            "eps_growth_year": null,
            "eps_4q": -3.25,
            "eps_4q_growth_year": null,
            "roe": 7.17,
            "roe_4q": -39.64,
            "gross_profit": -110,
            "gross_margin": -0.26,
            "gross_margin_4q_avg": -12.94,
            "net_income": 12182,
            "revenue": 42317,
            "common_shares": 289578,
            "book_valuer_per_share": 6.62,
            "book_valuer_per_share_4q_avg": 6.22,
            "equity": 191600,
            "current_ratio": 165.01,
            "debt_ratio": 26.69,
            "inventory_turnover_ratio": 1.61,
            "account_receivable_turnover_ratio": 2.37,
            "reinvestment_rate": null,
            "research_to_sale_ratio": null,
            "price_fair": 0,
            "eps_avg_yearly": 0,
            "eps_latest_yearly": 0,
            "eps_growth_yearly": 0
        },
        "20091": {
            "year_quarter": 20091,
            "year": 2009,
            "quarter": 1,
            "eps": -1.18,
            "eps_growth_year": null,
            "eps_4q": -3.09,
            "eps_4q_growth_year": null,
            "roe": -19.57,
            "roe_4q": -48.980000000000004,
            "gross_profit": 1907,
            "gross_margin": 5.9,
            "gross_margin_4q_avg": -8.34,
            "net_income": -34094,
            "revenue": 32311,
            "common_shares": 289578,
            "book_valuer_per_share": 5.41,
            "book_valuer_per_share_4q_avg": 6.27,
            "equity": 156785,
            "current_ratio": 130.81,
            "debt_ratio": 23.06,
            "inventory_turnover_ratio": 1.57,
            "account_receivable_turnover_ratio": 0.9,
            "reinvestment_rate": null,
            "research_to_sale_ratio": null,
            "price_fair": 0,
            "eps_avg_yearly": 0,
            "eps_latest_yearly": 0,
            "eps_growth_yearly": 0
        },
        "20092": {
            "year_quarter": 20092,
            "year": 2009,
            "quarter": 2,
            "eps": -2.35,
            "eps_growth_year": null,
            "eps_4q": -3.51,
            "eps_4q_growth_year": null,
            "roe": -55.22,
            "roe_4q": -75.13,
            "gross_profit": 5090,
            "gross_margin": 8.27,
            "gross_margin_4q_avg": -1.87,
            "net_income": -68010,
            "revenue": 61580,
            "common_shares": 289578,
            "book_valuer_per_share": 3.09,
            "book_valuer_per_share_4q_avg": 5.33,
            "equity": 89525,
            "current_ratio": 109.53,
            "debt_ratio": 57.38,
            "inventory_turnover_ratio": 1.86,
            "account_receivable_turnover_ratio": 1.75,
            "reinvestment_rate": null,
            "research_to_sale_ratio": null,
            "price_fair": 0,
            "eps_avg_yearly": 0,
            "eps_latest_yearly": 0,
            "eps_growth_yearly": 0
        },
        "20093": {
            "year_quarter": 20093,
            "year": 2009,
            "quarter": 3,
            "eps": 0.14,
            "eps_growth_year": null,
            "eps_4q": -2.98,
            "eps_4q_growth_year": null,
            "roe": 4.4,
            "roe_4q": -63.22,
            "gross_profit": 26829,
            "gross_margin": 42.04,
            "gross_margin_4q_avg": 13.99,
            "net_income": 4040,
            "revenue": 63820,
            "common_shares": 289578,
            "book_valuer_per_share": 3.25,
            "book_valuer_per_share_4q_avg": 4.59,
            "equity": 94079,
            "current_ratio": 121.46,
            "debt_ratio": 46.19,
            "inventory_turnover_ratio": 0.99,
            "account_receivable_turnover_ratio": 1.62,
            "reinvestment_rate": null,
            "research_to_sale_ratio": null,
            "price_fair": 0,
            "eps_avg_yearly": 0,
            "eps_latest_yearly": 0,
            "eps_growth_yearly": 0
        },
        "20094": {
            "year_quarter": 20094,
            "year": 2009,
            "quarter": 4,
            "eps": -1.47,
            "eps_growth_year": -394,
            "eps_4q": -4.85,
            "eps_4q_growth_year": null,
            "roe": -58.49,
            "roe_4q": -128.88,
            "gross_profit": -9215,
            "gross_margin": -41.84,
            "gross_margin_4q_avg": 3.59,
            "net_income": -42520,
            "revenue": 22025,
            "common_shares": 289578,
            "book_valuer_per_share": 1.77,
            "book_valuer_per_share_4q_avg": 3.38,
            "equity": 51321,
            "current_ratio": 104.34,
            "debt_ratio": 59.29,
            "inventory_turnover_ratio": 1.3,
            "account_receivable_turnover_ratio": 1.32,
            "reinvestment_rate": null,
            "research_to_sale_ratio": null,
            "price_fair": 0,
            "eps_avg_yearly": 0,
            "eps_latest_yearly": 0,
            "eps_growth_yearly": 0
        },
        "20101": {
            "year_quarter": 20101,
            "year": 2010,
            "quarter": 1,
            "eps": -0.29,
            "eps_growth_year": null,
            "eps_4q": -3.97,
            "eps_4q_growth_year": null,
            "roe": -17.87,
            "roe_4q": -127.17999999999999,
            "gross_profit": 8306,
            "gross_margin": 22.75,
            "gross_margin_4q_avg": 7.81,
            "net_income": -8417,
            "revenue": 36507,
            "common_shares": 289578,
            "book_valuer_per_share": 1.48,
            "book_valuer_per_share_4q_avg": 2.4,
            "equity": 42904,
            "current_ratio": 93.79,
            "debt_ratio": 60.1,
            "inventory_turnover_ratio": 1.3,
            "account_receivable_turnover_ratio": 1.35,
            "reinvestment_rate": null,
            "research_to_sale_ratio": 1.93,
            "price_fair": 0,
            "eps_avg_yearly": 0,
            "eps_latest_yearly": 0,
            "eps_growth_yearly": 0
        },
        "20102": {
            "year_quarter": 20102,
            "year": 2010,
            "quarter": 2,
            "eps": -1.1,
            "eps_growth_year": null,
            "eps_4q": -2.72,
            "eps_4q_growth_year": null,
            "roe": -118.11,
            "roe_4q": -190.07,
            "gross_profit": -4504,
            "gross_margin": -19.2,
            "gross_margin_4q_avg": 0.94,
            "net_income": -31859,
            "revenue": 23458,
            "common_shares": 289578,
            "book_valuer_per_share": 0.38,
            "book_valuer_per_share_4q_avg": 1.72,
            "equity": 11045,
            "current_ratio": 73.56,
            "debt_ratio": 85.84,
            "inventory_turnover_ratio": 1.46,
            "account_receivable_turnover_ratio": 1.36,
            "reinvestment_rate": null,
            "research_to_sale_ratio": 3.44,
            "price_fair": 0,
            "eps_avg_yearly": 0,
            "eps_latest_yearly": 0,
            "eps_growth_yearly": 0
        },
        "20103": {
            "year_quarter": 20103,
            "year": 2010,
            "quarter": 3,
            "eps": -0.15,
            "eps_growth_year": -204.66,
            "eps_4q": -3.01,
            "eps_4q_growth_year": null,
            "roe": -47.55,
            "roe_4q": -242.02,
            "gross_profit": 513,
            "gross_margin": 4.4,
            "gross_margin_4q_avg": -8.47,
            "net_income": -4243,
            "revenue": 11646,
            "common_shares": 289578,
            "book_valuer_per_share": 0.23,
            "book_valuer_per_share_4q_avg": 0.97,
            "equity": 6803,
            "current_ratio": 71.25,
            "debt_ratio": 89.47,
            "inventory_turnover_ratio": 0.86,
            "account_receivable_turnover_ratio": 0.91,
            "reinvestment_rate": null,
            "research_to_sale_ratio": 2.54,
            "price_fair": 0,
            "eps_avg_yearly": 0,
            "eps_latest_yearly": 0,
            "eps_growth_yearly": 0
        },
        "20104": {
            "year_quarter": 20104,
            "year": 2010,
            "quarter": 4,
            "eps": 0.17,
            "eps_growth_year": null,
            "eps_4q": -1.28,
            "eps_4q_growth_year": null,
            "roe": 40.03,
            "roe_4q": -143.5,
            "gross_profit": 3522,
            "gross_margin": 17.09,
            "gross_margin_4q_avg": 6.26,
            "net_income": 5157,
            "revenue": 20613,
            "common_shares": 306738,
            "book_valuer_per_share": 0.62,
            "book_valuer_per_share_4q_avg": 0.68,
            "equity": 18961,
            "current_ratio": 108.07,
            "debt_ratio": 60.35,
            "inventory_turnover_ratio": 4.4,
            "account_receivable_turnover_ratio": 1.57,
            "reinvestment_rate": null,
            "research_to_sale_ratio": -0,
            "price_fair": 0,
            "eps_avg_yearly": 0,
            "eps_latest_yearly": 0,
            "eps_growth_yearly": 0
        },
        "20111": {
            "year_quarter": 20111,
            "year": 2011,
            "quarter": 1,
            "eps": -0.2,
            "eps_growth_year": null,
            "eps_4q": -1.17,
            "eps_4q_growth_year": null,
            "roe": -34.88,
            "roe_4q": -160.51,
            "gross_profit": 1293,
            "gross_margin": 63.41,
            "gross_margin_4q_avg": 16.43,
            "net_income": -6078,
            "revenue": 2039,
            "common_shares": 316738,
            "book_valuer_per_share": 0.5,
            "book_valuer_per_share_4q_avg": 0.43,
            "equity": 15893,
            "current_ratio": 111.37,
            "debt_ratio": 63.21,
            "inventory_turnover_ratio": null,
            "account_receivable_turnover_ratio": 0.14,
            "reinvestment_rate": null,
            "research_to_sale_ratio": 0,
            "price_fair": 0,
            "eps_avg_yearly": 0,
            "eps_latest_yearly": 0,
            "eps_growth_yearly": 0
        },
        "20112": {
            "year_quarter": 20112,
            "year": 2011,
            "quarter": 2,
            "eps": -0.3,
            "eps_growth_year": null,
            "eps_4q": -0.44,
            "eps_4q_growth_year": null,
            "roe": -64.59,
            "roe_4q": -106.99,
            "gross_profit": 754,
            "gross_margin": 57.21,
            "gross_margin_4q_avg": 35.53,
            "net_income": -10202,
            "revenue": 1318,
            "common_shares": 345738,
            "book_valuer_per_share": 0.45,
            "book_valuer_per_share_4q_avg": 0.45,
            "equity": 15695,
            "current_ratio": 114.97,
            "debt_ratio": 60.64,
            "inventory_turnover_ratio": null,
            "account_receivable_turnover_ratio": 0.12,
            "reinvestment_rate": null,
            "research_to_sale_ratio": 0,
            "price_fair": 0,
            "eps_avg_yearly": 0,
            "eps_latest_yearly": 0,
            "eps_growth_yearly": 0
        },
        "20113": {
            "year_quarter": 20113,
            "year": 2011,
            "quarter": 3,
            "eps": -0.3,
            "eps_growth_year": null,
            "eps_4q": -0.62,
            "eps_4q_growth_year": null,
            "roe": -96.51,
            "roe_4q": -155.95000000000002,
            "gross_profit": 306,
            "gross_margin": 28.73,
            "gross_margin_4q_avg": 41.61,
            "net_income": -10217,
            "revenue": 1065,
            "common_shares": 345738,
            "book_valuer_per_share": 0.16,
            "book_valuer_per_share_4q_avg": 0.43,
            "equity": 5478,
            "current_ratio": 74.11,
            "debt_ratio": 81.19,
            "inventory_turnover_ratio": null,
            "account_receivable_turnover_ratio": 0.16,
            "reinvestment_rate": null,
            "research_to_sale_ratio": 0,
            "price_fair": 0,
            "eps_avg_yearly": 0,
            "eps_latest_yearly": 0,
            "eps_growth_yearly": 0
        },
        "20114": {
            "year_quarter": 20114,
            "year": 2011,
            "quarter": 4,
            "eps": -0.16,
            "eps_growth_year": -194.12,
            "eps_4q": -0.85,
            "eps_4q_growth_year": null,
            "roe": -80.9,
            "roe_4q": -276.88000000000005,
            "gross_profit": -146,
            "gross_margin": -20.71,
            "gross_margin_4q_avg": 32.16,
            "net_income": -6036,
            "revenue": 705,
            "common_shares": 381458,
            "book_valuer_per_share": 0.25,
            "book_valuer_per_share_4q_avg": 0.34,
            "equity": 9445,
            "current_ratio": 91.97,
            "debt_ratio": 69.95,
            "inventory_turnover_ratio": 13.73,
            "account_receivable_turnover_ratio": 0.2,
            "reinvestment_rate": null,
            "research_to_sale_ratio": 0,
            "price_fair": 0,
            "eps_avg_yearly": 0,
            "eps_latest_yearly": 0,
            "eps_growth_yearly": 0
        },
        "20121": {
            "year_quarter": 20121,
            "year": 2012,
            "quarter": 1,
            "eps": -0.06,
            "eps_growth_year": null,
            "eps_4q": -0.76,
            "eps_4q_growth_year": null,
            "roe": -30.3,
            "roe_4q": -272.3,
            "gross_profit": -22,
            "gross_margin": -0.75,
            "gross_margin_4q_avg": 16.12,
            "net_income": -2485,
            "revenue": 2919,
            "common_shares": 381458,
            "book_valuer_per_share": 0.18,
            "book_valuer_per_share_4q_avg": 0.26,
            "equity": 6959,
            "current_ratio": 79.98,
            "debt_ratio": 75.33,
            "inventory_turnover_ratio": 23.72,
            "account_receivable_turnover_ratio": 25.72,
            "reinvestment_rate": null,
            "research_to_sale_ratio": 0,
            "price_fair": 0,
            "eps_avg_yearly": 0,
            "eps_latest_yearly": 0,
            "eps_growth_yearly": 0
        },
        "20122": {
            "year_quarter": 20122,
            "year": 2012,
            "quarter": 2,
            "eps": -0.15,
            "eps_growth_year": null,
            "eps_4q": -0.64,
            "eps_4q_growth_year": null,
            "roe": -143.72,
            "roe_4q": -351.43,
            "gross_profit": -262,
            "gross_margin": -67.18,
            "gross_margin_4q_avg": -14.98,
            "net_income": -5820,
            "revenue": 390,
            "common_shares": 381458,
            "book_valuer_per_share": 0.03,
            "book_valuer_per_share_4q_avg": 0.16,
            "equity": 1140,
            "current_ratio": 48.95,
            "debt_ratio": 94.71,
            "inventory_turnover_ratio": 1.42,
            "account_receivable_turnover_ratio": null,
            "reinvestment_rate": null,
            "research_to_sale_ratio": 0,
            "price_fair": 0,
            "eps_avg_yearly": 0,
            "eps_latest_yearly": 0,
            "eps_growth_yearly": 0
        },
        "20123": {
            "year_quarter": 20123,
            "year": 2012,
            "quarter": 3,
            "eps": -0.05,
            "eps_growth_year": null,
            "eps_4q": -0.15,
            "eps_4q_growth_year": null,
            "roe": -13.11,
            "roe_4q": -268.03,
            "gross_profit": -813,
            "gross_margin": -90.64,
            "gross_margin_4q_avg": -44.82,
            "net_income": -6905,
            "revenue": 897,
            "common_shares": 1381458,
            "book_valuer_per_share": 0.75,
            "book_valuer_per_share_4q_avg": 0.3,
            "equity": 104234,
            "current_ratio": 567.65,
            "debt_ratio": 16,
            "inventory_turnover_ratio": 2.98,
            "account_receivable_turnover_ratio": 8.12,
            "reinvestment_rate": null,
            "research_to_sale_ratio": 0,
            "price_fair": 0,
            "eps_avg_yearly": 0,
            "eps_latest_yearly": 0,
            "eps_growth_yearly": 0
        },
        "20124": {
            "year_quarter": 20124,
            "year": 2012,
            "quarter": 4,
            "eps": 0.39,
            "eps_growth_year": null,
            "eps_4q": 0.28,
            "eps_4q_growth_year": null,
            "roe": 40.97,
            "roe_4q": -146.16,
            "gross_profit": 57644,
            "gross_margin": 46.1,
            "gross_margin_4q_avg": -28.12,
            "net_income": 53706,
            "revenue": 125039,
            "common_shares": 1381458,
            "book_valuer_per_share": 1.14,
            "book_valuer_per_share_4q_avg": 0.53,
            "equity": 157941,
            "current_ratio": 281.23,
            "debt_ratio": 33.95,
            "inventory_turnover_ratio": 196.2,
            "account_receivable_turnover_ratio": 1.94,
            "reinvestment_rate": null,
            "research_to_sale_ratio": 0,
            "price_fair": 0,
            "eps_avg_yearly": 0,
            "eps_latest_yearly": 0,
            "eps_growth_yearly": 0
        },
        "20131": {
            "year_quarter": 20131,
            "year": 2013,
            "quarter": 1,
            "eps": -0.21,
            "eps_growth_year": null,
            "eps_4q": 0.09,
            "eps_4q_growth_year": null,
            "roe": -20.06,
            "roe_4q": -135.92,
            "gross_profit": 373,
            "gross_margin": 3.33,
            "gross_margin_4q_avg": -27.1,
            "net_income": -28659,
            "revenue": 11194,
            "common_shares": 1381458,
            "book_valuer_per_share": 0.93,
            "book_valuer_per_share_4q_avg": 0.71,
            "equity": 127803,
            "current_ratio": 111.68,
            "debt_ratio": 88.53,
            "inventory_turnover_ratio": 0.02,
            "account_receivable_turnover_ratio": 0.12,
            "reinvestment_rate": null,
            "research_to_sale_ratio": null,
            "price_fair": 0,
            "eps_avg_yearly": 0,
            "eps_latest_yearly": 0,
            "eps_growth_yearly": 0
        },
        "20132": {
            "year_quarter": 20132,
            "year": 2013,
            "quarter": 2,
            "eps": -0.05,
            "eps_growth_year": null,
            "eps_4q": 0.09,
            "eps_4q_growth_year": null,
            "roe": -4.96,
            "roe_4q": 2.84,
            "gross_profit": 311,
            "gross_margin": 4.04,
            "gross_margin_4q_avg": -9.29,
            "net_income": -6239,
            "revenue": 7697,
            "common_shares": 1381458,
            "book_valuer_per_share": 0.9,
            "book_valuer_per_share_4q_avg": 0.93,
            "equity": 123768,
            "current_ratio": 107.87,
            "debt_ratio": 91.92,
            "inventory_turnover_ratio": 0.01,
            "account_receivable_turnover_ratio": 0.21,
            "reinvestment_rate": null,
            "research_to_sale_ratio": null,
            "price_fair": 0,
            "eps_avg_yearly": 0,
            "eps_latest_yearly": 0,
            "eps_growth_yearly": 0
        },
        "20133": {
            "year_quarter": 20133,
            "year": 2013,
            "quarter": 3,
            "eps": 0.74,
            "eps_growth_year": null,
            "eps_4q": 0.88,
            "eps_4q_growth_year": null,
            "roe": 58.53,
            "roe_4q": 74.48,
            "gross_profit": 109627,
            "gross_margin": 44.68,
            "gross_margin_4q_avg": 24.54,
            "net_income": 102402,
            "revenue": 245344,
            "common_shares": 1381458,
            "book_valuer_per_share": 1.64,
            "book_valuer_per_share_4q_avg": 1.15,
            "equity": 226170,
            "current_ratio": 109.44,
            "debt_ratio": 90.88,
            "inventory_turnover_ratio": 0.08,
            "account_receivable_turnover_ratio": 1.81,
            "reinvestment_rate": null,
            "research_to_sale_ratio": null,
            "price_fair": 0,
            "eps_avg_yearly": 0,
            "eps_latest_yearly": 0,
            "eps_growth_yearly": 0
        },
        "20134": {
            "year_quarter": 20134,
            "year": 2013,
            "quarter": 4,
            "eps": 0.87,
            "eps_growth_year": 124.21,
            "eps_4q": 1.36,
            "eps_4q_growth_year": 388.14,
            "roe": 42.05,
            "roe_4q": 75.56,
            "gross_profit": 111033,
            "gross_margin": 44.69,
            "gross_margin_4q_avg": 24.19,
            "net_income": 120412,
            "revenue": 248476,
            "common_shares": 1381458,
            "book_valuer_per_share": 2.51,
            "book_valuer_per_share_4q_avg": 1.5,
            "equity": 346582,
            "current_ratio": 112.86,
            "debt_ratio": 88.19,
            "inventory_turnover_ratio": 0.06,
            "account_receivable_turnover_ratio": 0.87,
            "reinvestment_rate": -5.26,
            "research_to_sale_ratio": null,
            "price_fair": 121.8,
            "eps_avg_yearly": 3.48,
            "eps_latest_yearly": 3.48,
            "eps_growth_yearly": 70.27
        },
        "20141": {
            "year_quarter": 20141,
            "year": 2014,
            "quarter": 1,
            "eps": -0.26,
            "eps_growth_year": null,
            "eps_4q": 1.31,
            "eps_4q_growth_year": 1363.62,
            "roe": -11.03,
            "roe_4q": 84.59,
            "gross_profit": 4,
            "gross_margin": 2.76,
            "gross_margin_4q_avg": 24.04,
            "net_income": -36227,
            "revenue": 145,
            "common_shares": 1381458,
            "book_valuer_per_share": 2.25,
            "book_valuer_per_share_4q_avg": 1.83,
            "equity": 310355,
            "current_ratio": 180.88,
            "debt_ratio": 88.85,
            "inventory_turnover_ratio": 0,
            "account_receivable_turnover_ratio": 0,
            "reinvestment_rate": -5.93,
            "research_to_sale_ratio": null,
            "price_fair": 121.8,
            "eps_avg_yearly": 3.48,
            "eps_latest_yearly": 3.48,
            "eps_growth_yearly": 70.27
        },
        "20142": {
            "year_quarter": 20142,
            "year": 2014,
            "quarter": 2,
            "eps": 0.13,
            "eps_growth_year": null,
            "eps_4q": 1.48,
            "eps_4q_growth_year": 1622.85,
            "roe": 5.78,
            "roe_4q": 95.33,
            "gross_profit": 27996,
            "gross_margin": 41.74,
            "gross_margin_4q_avg": 33.47,
            "net_income": 18485,
            "revenue": 67067,
            "common_shares": 1381458,
            "book_valuer_per_share": 2.38,
            "book_valuer_per_share_4q_avg": 2.2,
            "equity": 328840,
            "current_ratio": 125.5,
            "debt_ratio": 88.9,
            "inventory_turnover_ratio": 0.02,
            "account_receivable_turnover_ratio": 1.18,
            "reinvestment_rate": -2.24,
            "research_to_sale_ratio": null,
            "price_fair": 121.8,
            "eps_avg_yearly": 3.48,
            "eps_latest_yearly": 3.48,
            "eps_growth_yearly": 70.27
        },
        "20143": {
            "year_quarter": 20143,
            "year": 2014,
            "quarter": 3,
            "eps": -0.16,
            "eps_growth_year": -121.62,
            "eps_4q": 0.89,
            "eps_4q_growth_year": 0.95,
            "roe": -4.9,
            "roe_4q": 31.9,
            "gross_profit": 4,
            "gross_margin": 14.29,
            "gross_margin_4q_avg": 25.87,
            "net_income": -15740,
            "revenue": 28,
            "common_shares": 981458,
            "book_valuer_per_share": 3.19,
            "book_valuer_per_share_4q_avg": 2.58,
            "equity": 313100,
            "current_ratio": 125.05,
            "debt_ratio": 89.24,
            "inventory_turnover_ratio": 0,
            "account_receivable_turnover_ratio": 0,
            "reinvestment_rate": -2.09,
            "research_to_sale_ratio": null,
            "price_fair": 121.8,
            "eps_avg_yearly": 3.48,
            "eps_latest_yearly": 3.48,
            "eps_growth_yearly": 70.27
        },
        "20144": {
            "year_quarter": 20144,
            "year": 2014,
            "quarter": 4,
            "eps": 0.69,
            "eps_growth_year": -20.97,
            "eps_4q": 0.41,
            "eps_4q_growth_year": -70.19,
            "roe": 16.65,
            "roe_4q": 6.499999999999998,
            "gross_profit": 91868,
            "gross_margin": 44.99,
            "gross_margin_4q_avg": 25.95,
            "net_income": 81384,
            "revenue": 204185,
            "common_shares": 1181458,
            "book_valuer_per_share": 5.62,
            "book_valuer_per_share_4q_avg": 3.36,
            "equity": 664484,
            "current_ratio": 134.65,
            "debt_ratio": 80.06,
            "inventory_turnover_ratio": 0.04,
            "account_receivable_turnover_ratio": 1.79,
            "reinvestment_rate": -1.09,
            "research_to_sale_ratio": null,
            "price_fair": 121.8,
            "eps_avg_yearly": 3.48,
            "eps_latest_yearly": 3.48,
            "eps_growth_yearly": 70.27
        },
        "20151": {
            "year_quarter": 20151,
            "year": 2015,
            "quarter": 1,
            "eps": -0.06,
            "eps_growth_year": null,
            "eps_4q": 0.65,
            "eps_4q_growth_year": -50.04,
            "roe": -1.07,
            "roe_4q": 16.459999999999997,
            "gross_profit": 8,
            "gross_margin": 7.62,
            "gross_margin_4q_avg": 27.16,
            "net_income": -7073,
            "revenue": 105,
            "common_shares": 1181458,
            "book_valuer_per_share": 5.56,
            "book_valuer_per_share_4q_avg": 4.19,
            "equity": 657411,
            "current_ratio": 125.65,
            "debt_ratio": 80.84,
            "inventory_turnover_ratio": 0,
            "account_receivable_turnover_ratio": 0,
            "reinvestment_rate": -0.78,
            "research_to_sale_ratio": null,
            "price_fair": 121.8,
            "eps_avg_yearly": 3.48,
            "eps_latest_yearly": 3.48,
            "eps_growth_yearly": 70.27
        },
        "20152": {
            "year_quarter": 20152,
            "year": 2015,
            "quarter": 2,
            "eps": 0.48,
            "eps_growth_year": 269.23,
            "eps_4q": 0.98,
            "eps_4q_growth_year": -34.21,
            "roe": 8.29,
            "roe_4q": 18.97,
            "gross_profit": 61114,
            "gross_margin": 40.14,
            "gross_margin_4q_avg": 26.76,
            "net_income": 56821,
            "revenue": 152257,
            "common_shares": 1181458,
            "book_valuer_per_share": 6.05,
            "book_valuer_per_share_4q_avg": 5.11,
            "equity": 714232,
            "current_ratio": 122.11,
            "debt_ratio": 81.37,
            "inventory_turnover_ratio": 0.03,
            "account_receivable_turnover_ratio": 1.36,
            "reinvestment_rate": -0.45,
            "research_to_sale_ratio": null,
            "price_fair": 121.8,
            "eps_avg_yearly": 3.48,
            "eps_latest_yearly": 3.48,
            "eps_growth_yearly": 70.27
        },
        "20153": {
            "year_quarter": 20153,
            "year": 2015,
            "quarter": 3,
            "eps": 0.35,
            "eps_growth_year": null,
            "eps_4q": 1.46,
            "eps_4q_growth_year": 64.29,
            "roe": 5.55,
            "roe_4q": 29.419999999999998,
            "gross_profit": 48586,
            "gross_margin": 29.96,
            "gross_margin_4q_avg": 30.68,
            "net_income": 40791,
            "revenue": 162162,
            "common_shares": 1181458,
            "book_valuer_per_share": 6.39,
            "book_valuer_per_share_4q_avg": 5.91,
            "equity": 755023,
            "current_ratio": 119.68,
            "debt_ratio": 83.08,
            "inventory_turnover_ratio": 0.03,
            "account_receivable_turnover_ratio": 0.82,
            "reinvestment_rate": -0.3,
            "research_to_sale_ratio": null,
            "price_fair": 7.32,
            "eps_avg_yearly": 2.44,
            "eps_latest_yearly": 1.4,
            "eps_growth_yearly": -19.03
        },
        "20154": {
            "year_quarter": 20154,
            "year": 2015,
            "quarter": 4,
            "eps": 0.78,
            "eps_growth_year": 13.16,
            "eps_4q": 1.55,
            "eps_4q_growth_year": 281.27,
            "roe": 11.5,
            "roe_4q": 24.27,
            "gross_profit": 109376,
            "gross_margin": 19.86,
            "gross_margin_4q_avg": 24.4,
            "net_income": 92096,
            "revenue": 550751,
            "common_shares": 1181458,
            "book_valuer_per_share": 7.17,
            "book_valuer_per_share_4q_avg": 6.29,
            "equity": 847119,
            "current_ratio": 124.85,
            "debt_ratio": 79.63,
            "inventory_turnover_ratio": 0.12,
            "account_receivable_turnover_ratio": 2.27,
            "reinvestment_rate": -0.19,
            "research_to_sale_ratio": null,
            "price_fair": 93.33,
            "eps_avg_yearly": 2.67,
            "eps_latest_yearly": 3.12,
            "eps_growth_yearly": 151.12
        },
        "20161": {
            "year_quarter": 20161,
            "year": 2016,
            "quarter": 1,
            "eps": -0.09,
            "eps_growth_year": null,
            "eps_4q": 1.52,
            "eps_4q_growth_year": 133.11,
            "roe": -1.2,
            "roe_4q": 24.14,
            "gross_profit": 2235,
            "gross_margin": 10.57,
            "gross_margin_4q_avg": 25.13,
            "net_income": -10079,
            "revenue": 21136,
            "common_shares": 1181458,
            "book_valuer_per_share": 7.08,
            "book_valuer_per_share_4q_avg": 6.67,
            "equity": 837040,
            "current_ratio": 123.19,
            "debt_ratio": 80.71,
            "inventory_turnover_ratio": 0.01,
            "account_receivable_turnover_ratio": 0.12,
            "reinvestment_rate": -0.2,
            "research_to_sale_ratio": null,
            "price_fair": 93.33,
            "eps_avg_yearly": 2.67,
            "eps_latest_yearly": 3.12,
            "eps_growth_yearly": 151.12
        },
        "20162": {
            "year_quarter": 20162,
            "year": 2016,
            "quarter": 2,
            "eps": -0.01,
            "eps_growth_year": -102.08,
            "eps_4q": 1.03,
            "eps_4q_growth_year": 5.52,
            "roe": -0.12,
            "roe_4q": 15.73,
            "gross_profit": 13798,
            "gross_margin": 25.24,
            "gross_margin_4q_avg": 21.41,
            "net_income": -1044,
            "revenue": 54671,
            "common_shares": 1181458,
            "book_valuer_per_share": 7.08,
            "book_valuer_per_share_4q_avg": 6.93,
            "equity": 835996,
            "current_ratio": 122.51,
            "debt_ratio": 81.15,
            "inventory_turnover_ratio": 0.01,
            "account_receivable_turnover_ratio": 1.13,
            "reinvestment_rate": -0.21,
            "research_to_sale_ratio": null,
            "price_fair": 93.33,
            "eps_avg_yearly": 2.67,
            "eps_latest_yearly": 3.12,
            "eps_growth_yearly": 151.12
        },
        "20163": {
            "year_quarter": 20163,
            "year": 2016,
            "quarter": 3,
            "eps": 0,
            "eps_growth_year": -100,
            "eps_4q": 0.69,
            "eps_4q_growth_year": -52.91,
            "roe": -0,
            "roe_4q": 10.18,
            "gross_profit": 13736,
            "gross_margin": 25.19,
            "gross_margin_4q_avg": 20.22,
            "net_income": -7,
            "revenue": 54519,
            "common_shares": 1181458,
            "book_valuer_per_share": 7.08,
            "book_valuer_per_share_4q_avg": 7.1,
            "equity": 835989,
            "current_ratio": 122.98,
            "debt_ratio": 80.83,
            "inventory_turnover_ratio": 0.01,
            "account_receivable_turnover_ratio": 4.56,
            "reinvestment_rate": -0.19,
            "research_to_sale_ratio": null,
            "price_fair": 93.33,
            "eps_avg_yearly": 2.67,
            "eps_latest_yearly": 3.12,
            "eps_growth_yearly": 151.12
        },
        "20164": {
            "year_quarter": 20164,
            "year": 2016,
            "quarter": 4,
            "eps": 0.07,
            "eps_growth_year": -90.7,
            "eps_4q": -0.02,
            "eps_4q_growth_year": -101.41,
            "roe": 1.02,
            "roe_4q": -0.29999999999999993,
            "gross_profit": 16045,
            "gross_margin": 28.54,
            "gross_margin_4q_avg": 22.39,
            "net_income": 8562,
            "revenue": 56214,
            "common_shares": 1181458,
            "book_valuer_per_share": 7.15,
            "book_valuer_per_share_4q_avg": 7.1,
            "equity": 844551,
            "current_ratio": 121.41,
            "debt_ratio": 81.91,
            "inventory_turnover_ratio": 0.01,
            "account_receivable_turnover_ratio": 1.78,
            "reinvestment_rate": -0.04,
            "research_to_sale_ratio": null,
            "price_fair": 93.33,
            "eps_avg_yearly": 2.67,
            "eps_latest_yearly": 3.12,
            "eps_growth_yearly": 151.12
        },
        "20171": {
            "year_quarter": 20171,
            "year": 2017,
            "quarter": 1,
            "eps": 3.13,
            "eps_growth_year": null,
            "eps_4q": 3.19,
            "eps_4q_growth_year": 109.76,
            "roe": 35.88,
            "roe_4q": 36.78000000000001,
            "gross_profit": 483349,
            "gross_margin": 22.13,
            "gross_margin_4q_avg": 25.28,
            "net_income": 369277,
            "revenue": 2184367,
            "common_shares": 1181458,
            "book_valuer_per_share": 10.27,
            "book_valuer_per_share_4q_avg": 7.9,
            "equity": 1213828,
            "current_ratio": 150.76,
            "debt_ratio": 65.91,
            "inventory_turnover_ratio": 0.49,
            "account_receivable_turnover_ratio": 18.52,
            "reinvestment_rate": -0.02,
            "research_to_sale_ratio": null,
            "price_fair": 179.55,
            "eps_avg_yearly": 5.13,
            "eps_latest_yearly": 12.52,
            "eps_growth_yearly": 4484.77
        },
        "20172": {
            "year_quarter": 20172,
            "year": 2017,
            "quarter": 2,
            "eps": 0.66,
            "eps_growth_year": null,
            "eps_4q": 3.86,
            "eps_4q_growth_year": 275,
            "roe": 6.29,
            "roe_4q": 43.190000000000005,
            "gross_profit": 121340,
            "gross_margin": 21.53,
            "gross_margin_4q_avg": 24.35,
            "net_income": 78786,
            "revenue": 563688,
            "common_shares": 1181458,
            "book_valuer_per_share": 10.94,
            "book_valuer_per_share_4q_avg": 8.86,
            "equity": 1292614,
            "current_ratio": 167.1,
            "debt_ratio": 59.42,
            "inventory_turnover_ratio": 0.16,
            "account_receivable_turnover_ratio": 4.2,
            "reinvestment_rate": -0.01,
            "research_to_sale_ratio": null,
            "price_fair": 162.12,
            "eps_avg_yearly": 4.63,
            "eps_latest_yearly": 2.64,
            "eps_growth_yearly": 3524.68
        },
        "20173": {
            "year_quarter": 20173,
            "year": 2017,
            "quarter": 3,
            "eps": 2.7,
            "eps_growth_year": null,
            "eps_4q": 6.56,
            "eps_4q_growth_year": 857.79,
            "roe": 21.96,
            "roe_4q": 65.14999999999999,
            "gross_profit": 377679,
            "gross_margin": 34.74,
            "gross_margin_4q_avg": 26.74,
            "net_income": 318856,
            "revenue": 1087006,
            "common_shares": 1181458,
            "book_valuer_per_share": 13.64,
            "book_valuer_per_share_4q_avg": 10.5,
            "equity": 1611470,
            "current_ratio": 210.96,
            "debt_ratio": 47.08,
            "inventory_turnover_ratio": 0.28,
            "account_receivable_turnover_ratio": 13.49,
            "reinvestment_rate": -0.01,
            "research_to_sale_ratio": null,
            "price_fair": 198.1,
            "eps_avg_yearly": 5.66,
            "eps_latest_yearly": 10.8,
            "eps_growth_yearly": 3143.3
        },
        "20174": {
            "year_quarter": 20174,
            "year": 2017,
            "quarter": 4,
            "eps": 0.74,
            "eps_growth_year": 922.94,
            "eps_4q": 7.23,
            "eps_4q_growth_year": null,
            "roe": 5.29,
            "roe_4q": 69.42,
            "gross_profit": 125547,
            "gross_margin": 32.98,
            "gross_margin_4q_avg": 27.85,
            "net_income": 87584,
            "revenue": 380719,
            "common_shares": 1181458,
            "book_valuer_per_share": 14.38,
            "book_valuer_per_share_4q_avg": 12.31,
            "equity": 1699054,
            "current_ratio": 226.51,
            "debt_ratio": 43.85,
            "inventory_turnover_ratio": 0.1,
            "account_receivable_turnover_ratio": 7.81,
            "reinvestment_rate": -0.01,
            "research_to_sale_ratio": null,
            "price_fair": 195.07,
            "eps_avg_yearly": 5.57,
            "eps_latest_yearly": 2.96,
            "eps_growth_yearly": 3083.19
        },
        "20181": {
            "year_quarter": 20181,
            "year": 2018,
            "quarter": 1,
            "eps": 0.78,
            "eps_growth_year": -75.08,
            "eps_4q": 4.88,
            "eps_4q_growth_year": 53.16,
            "roe": 5.24,
            "roe_4q": 38.78,
            "gross_profit": 120672,
            "gross_margin": 31.05,
            "gross_margin_4q_avg": 30.08,
            "net_income": 91849,
            "revenue": 388595,
            "common_shares": 1181458,
            "book_valuer_per_share": 15.3,
            "book_valuer_per_share_4q_avg": 13.57,
            "equity": 1808126,
            "current_ratio": 231.05,
            "debt_ratio": 42.64,
            "inventory_turnover_ratio": 0.11,
            "account_receivable_turnover_ratio": 11.44,
            "reinvestment_rate": -0.67,
            "research_to_sale_ratio": null,
            "price_fair": 182.8,
            "eps_avg_yearly": 5.22,
            "eps_latest_yearly": 3.12,
            "eps_growth_yearly": 2645.82
        },
        "20182": {
            "year_quarter": 20182,
            "year": 2018,
            "quarter": 2,
            "eps": 0.44,
            "eps_growth_year": -33.33,
            "eps_4q": 4.65,
            "eps_4q_growth_year": 20.39,
            "roe": 2.95,
            "roe_4q": 35.44,
            "gross_profit": 80919,
            "gross_margin": 31.47,
            "gross_margin_4q_avg": 32.56,
            "net_income": 51426,
            "revenue": 257123,
            "common_shares": 1181458,
            "book_valuer_per_share": 14.24,
            "book_valuer_per_share_4q_avg": 14.39,
            "equity": 1682333,
            "current_ratio": 260.18,
            "debt_ratio": 58.67,
            "inventory_turnover_ratio": 0.06,
            "account_receivable_turnover_ratio": 7.52,
            "reinvestment_rate": -0.65,
            "research_to_sale_ratio": null,
            "price_fair": 167.65,
            "eps_avg_yearly": 4.79,
            "eps_latest_yearly": 1.76,
            "eps_growth_yearly": 2293.3
        },
        "20183": {
            "year_quarter": 20183,
            "year": 2018,
            "quarter": 3,
            "eps": 2.06,
            "eps_growth_year": -23.7,
            "eps_4q": 4.01,
            "eps_4q_growth_year": -38.88,
            "roe": 13.48,
            "roe_4q": 26.96,
            "gross_profit": 313914,
            "gross_margin": 34.05,
            "gross_margin_4q_avg": 32.39,
            "net_income": 243122,
            "revenue": 921864,
            "common_shares": 1181458,
            "book_valuer_per_share": 16.3,
            "book_valuer_per_share_4q_avg": 15.06,
            "equity": 1925455,
            "current_ratio": 328.83,
            "debt_ratio": 51.33,
            "inventory_turnover_ratio": 0.18,
            "account_receivable_turnover_ratio": 24.37,
            "reinvestment_rate": -0.55,
            "research_to_sale_ratio": null,
            "price_fair": 181.07,
            "eps_avg_yearly": 5.17,
            "eps_latest_yearly": 8.24,
            "eps_growth_yearly": 2202.13
        },
        "20184": {
            "year_quarter": 20184,
            "year": 2018,
            "quarter": 4,
            "eps": 0.24,
            "eps_growth_year": -66.99,
            "eps_4q": 3.52,
            "eps_4q_growth_year": -51.4,
            "roe": 1.49,
            "roe_4q": 23.160000000000004,
            "gross_profit": 83430,
            "gross_margin": 32.24,
            "gross_margin_4q_avg": 32.2,
            "net_income": 28915,
            "revenue": 258746,
            "common_shares": 1181458,
            "book_valuer_per_share": 16.54,
            "book_valuer_per_share_4q_avg": 15.6,
            "equity": 1954370,
            "current_ratio": 359.46,
            "debt_ratio": 55.3,
            "inventory_turnover_ratio": 0.05,
            "account_receivable_turnover_ratio": 7.22,
            "reinvestment_rate": -0.57,
            "research_to_sale_ratio": null,
            "price_fair": 166.32,
            "eps_avg_yearly": 4.75,
            "eps_latest_yearly": 0.96,
            "eps_growth_yearly": 1946.57
        },
        "20191": {
            "year_quarter": 20191,
            "year": 2019,
            "quarter": 1,
            "eps": 0.04,
            "eps_growth_year": -94.87,
            "eps_4q": 2.78,
            "eps_4q_growth_year": -43.14,
            "roe": 0.24,
            "roe_4q": 18.16,
            "gross_profit": 37888,
            "gross_margin": 29.2,
            "gross_margin_4q_avg": 31.74,
            "net_income": 4653,
            "revenue": 129734,
            "common_shares": 1181458,
            "book_valuer_per_share": 16.58,
            "book_valuer_per_share_4q_avg": 15.92,
            "equity": 1959023,
            "current_ratio": 353.59,
            "debt_ratio": 55.52,
            "inventory_turnover_ratio": 0.02,
            "account_receivable_turnover_ratio": 5.55,
            "reinvestment_rate": -0.58,
            "research_to_sale_ratio": null,
            "price_fair": 151.71,
            "eps_avg_yearly": 4.33,
            "eps_latest_yearly": 0.16,
            "eps_growth_yearly": 1739.31
        },
        "20192": {
            "year_quarter": 20192,
            "year": 2019,
            "quarter": 2,
            "eps": 0.04,
            "eps_growth_year": -90.91,
            "eps_4q": 2.38,
            "eps_4q_growth_year": -48.84,
            "roe": 0.24,
            "roe_4q": 15.450000000000001,
            "gross_profit": 48036,
            "gross_margin": 34.66,
            "gross_margin_4q_avg": 32.54,
            "net_income": 4566,
            "revenue": 138604,
            "common_shares": 1181458,
            "book_valuer_per_share": 15.12,
            "book_valuer_per_share_4q_avg": 16.14,
            "equity": 1786370,
            "current_ratio": 262.4,
            "debt_ratio": 63,
            "inventory_turnover_ratio": 0.02,
            "account_receivable_turnover_ratio": 6.25,
            "reinvestment_rate": -0.6,
            "research_to_sale_ratio": null,
            "price_fair": 139.53,
            "eps_avg_yearly": 3.99,
            "eps_latest_yearly": 0.16,
            "eps_growth_yearly": 1594.37
        },
        "20193": {
            "year_quarter": 20193,
            "year": 2019,
            "quarter": 3,
            "eps": 0.03,
            "eps_growth_year": -98.54,
            "eps_4q": 0.35,
            "eps_4q_growth_year": -91.22,
            "roe": 0.19,
            "roe_4q": 2.16,
            "gross_profit": 36413,
            "gross_margin": 37.38,
            "gross_margin_4q_avg": 33.37,
            "net_income": 3468,
            "revenue": 97406,
            "common_shares": 1181458,
            "book_valuer_per_share": 15.15,
            "book_valuer_per_share_4q_avg": 15.85,
            "equity": 1789838,
            "current_ratio": 261.34,
            "debt_ratio": 69.08,
            "inventory_turnover_ratio": 0.01,
            "account_receivable_turnover_ratio": 5.14,
            "reinvestment_rate": -0.63,
            "research_to_sale_ratio": null,
            "price_fair": 135.8,
            "eps_avg_yearly": 3.88,
            "eps_latest_yearly": 0.12,
            "eps_growth_yearly": 1595.06
        },
        "20194": {
            "year_quarter": 20194,
            "year": 2019,
            "quarter": 4,
            "eps": 1.24,
            "eps_growth_year": 406.12,
            "eps_4q": 1.35,
            "eps_4q_growth_year": -61.71,
            "roe": 7.86,
            "roe_4q": 8.530000000000001,
            "gross_profit": 306143,
            "gross_margin": 26.75,
            "gross_margin_4q_avg": 32,
            "net_income": 146345,
            "revenue": 1144527,
            "common_shares": 1181458,
            "book_valuer_per_share": 16.39,
            "book_valuer_per_share_4q_avg": 15.81,
            "equity": 1936183,
            "current_ratio": 244.58,
            "debt_ratio": 72.34,
            "inventory_turnover_ratio": 0.15,
            "account_receivable_turnover_ratio": 3.75,
            "reinvestment_rate": -0.62,
            "research_to_sale_ratio": null,
            "price_fair": 141.17,
            "eps_avg_yearly": 4.03,
            "eps_latest_yearly": 4.96,
            "eps_growth_yearly": 2898.55
        },
        "20201": {
            "year_quarter": 20201,
            "year": 2020,
            "quarter": 1,
            "eps": 0.27,
            "eps_growth_year": 575,
            "eps_4q": 1.57,
            "eps_4q_growth_year": -43.36,
            "roe": 1.61,
            "roe_4q": 9.9,
            "gross_profit": 100264,
            "gross_margin": 27.67,
            "gross_margin_4q_avg": 31.62,
            "net_income": 31475,
            "revenue": 362336,
            "common_shares": 1181458,
            "book_valuer_per_share": 16.65,
            "book_valuer_per_share_4q_avg": 15.83,
            "equity": 1967658,
            "current_ratio": 256.48,
            "debt_ratio": 71.21,
            "inventory_turnover_ratio": 0.05,
            "account_receivable_turnover_ratio": 1.07,
            "reinvestment_rate": -0.62,
            "research_to_sale_ratio": null,
            "price_fair": 133.22,
            "eps_avg_yearly": 3.81,
            "eps_latest_yearly": 1.08,
            "eps_growth_yearly": 2651.52
        },
        "20202": {
            "year_quarter": 20202,
            "year": 2020,
            "quarter": 2,
            "eps": -0.18,
            "eps_growth_year": -550,
            "eps_4q": 1.35,
            "eps_4q_growth_year": -43.28,
            "roe": -1.15,
            "roe_4q": 8.51,
            "gross_profit": 26072,
            "gross_margin": 27.48,
            "gross_margin_4q_avg": 29.82,
            "net_income": -21752,
            "revenue": 94873,
            "common_shares": 1181458,
            "book_valuer_per_share": 15.27,
            "book_valuer_per_share_4q_avg": 15.87,
            "equity": 1804131,
            "current_ratio": 219.02,
            "debt_ratio": 74.65,
            "inventory_turnover_ratio": 0.01,
            "account_receivable_turnover_ratio": 1.64,
            "reinvestment_rate": -0.64,
            "research_to_sale_ratio": null,
            "price_fair": 133.22,
            "eps_avg_yearly": 3.81,
            "eps_latest_yearly": 1.08,
            "eps_growth_yearly": 2651.52
        },
        "20203": {
            "year_quarter": 20203,
            "year": 2020,
            "quarter": 3,
            "eps": 0.03,
            "eps_growth_year": 0,
            "eps_4q": 1.35,
            "eps_4q_growth_year": 283.78,
            "roe": 0.2,
            "roe_4q": 8.52,
            "gross_profit": 59753,
            "gross_margin": 34.07,
            "gross_margin_4q_avg": 28.99,
            "net_income": 3594,
            "revenue": 175387,
            "common_shares": 1181458,
            "book_valuer_per_share": 15.3,
            "book_valuer_per_share_4q_avg": 15.9,
            "equity": 1807725,
            "current_ratio": 202.1,
            "debt_ratio": 74.7,
            "inventory_turnover_ratio": 0.02,
            "account_receivable_turnover_ratio": 6.36,
            "reinvestment_rate": -0.65,
            "research_to_sale_ratio": null,
            "price_fair": 133.22,
            "eps_avg_yearly": 3.81,
            "eps_latest_yearly": 1.08,
            "eps_growth_yearly": 2651.52
        },
        "20204": {
            "year_quarter": 20204,
            "year": 2020,
            "quarter": 4,
            "eps": 1.08,
            "eps_growth_year": -12.51,
            "eps_4q": 1.2,
            "eps_4q_growth_year": -11.12,
            "roe": 6.84,
            "roe_4q": 7.500000000000001,
            "gross_profit": 224249,
            "gross_margin": 22.14,
            "gross_margin_4q_avg": 27.84,
            "net_income": 128031,
            "revenue": 1012707,
            "common_shares": 1181458,
            "book_valuer_per_share": 16.38,
            "book_valuer_per_share_4q_avg": 15.9,
            "equity": 1935756,
            "current_ratio": 192.03,
            "debt_ratio": 75.21,
            "inventory_turnover_ratio": 0.14,
            "account_receivable_turnover_ratio": 2.74,
            "reinvestment_rate": -0.61,
            "research_to_sale_ratio": null,
            "price_fair": 134.5,
            "eps_avg_yearly": 3.84,
            "eps_latest_yearly": 4.32,
            "eps_growth_yearly": 3462.12
        },
        "20211": {
            "year_quarter": 20211,
            "year": 2021,
            "quarter": 1,
            "eps": 0.43,
            "eps_growth_year": 59.26,
            "eps_4q": 1.36,
            "eps_4q_growth_year": -13.77,
            "roe": 2.57,
            "roe_4q": 8.459999999999999,
            "gross_profit": 91197,
            "gross_margin": 25.04,
            "gross_margin_4q_avg": 27.18,
            "net_income": 50387,
            "revenue": 364197,
            "common_shares": 1181458,
            "book_valuer_per_share": 16.81,
            "book_valuer_per_share_4q_avg": 15.94,
            "equity": 1986143,
            "current_ratio": 210.99,
            "debt_ratio": 72.4,
            "inventory_turnover_ratio": 0.05,
            "account_receivable_turnover_ratio": 0.87,
            "reinvestment_rate": -0.78,
            "research_to_sale_ratio": null,
            "price_fair": 107.5,
            "eps_avg_yearly": 3.07,
            "eps_latest_yearly": 1.72,
            "eps_growth_yearly": 2195.95
        },
        "20212": {
            "year_quarter": 20212,
            "year": 2021,
            "quarter": 2,
            "eps": 0.07,
            "eps_growth_year": null,
            "eps_4q": 1.62,
            "eps_4q_growth_year": 19.61,
            "roe": 0.44,
            "roe_4q": 10.049999999999999,
            "gross_profit": 27487,
            "gross_margin": 37.49,
            "gross_margin_4q_avg": 29.69,
            "net_income": 8809,
            "revenue": 73314,
            "common_shares": 1181458,
            "book_valuer_per_share": 16.89,
            "book_valuer_per_share_4q_avg": 16.35,
            "equity": 1994952,
            "current_ratio": 181.02,
            "debt_ratio": 74.39,
            "inventory_turnover_ratio": 0.01,
            "account_receivable_turnover_ratio": 1.02,
            "reinvestment_rate": -0.83,
            "research_to_sale_ratio": null,
            "price_fair": 101.6,
            "eps_avg_yearly": 2.9,
            "eps_latest_yearly": 0.28,
            "eps_growth_yearly": 2194.58
        },
        "20213": {
            "year_quarter": 20213,
            "year": 2021,
            "quarter": 3,
            "eps": -0.12,
            "eps_growth_year": -500,
            "eps_4q": 1.46,
            "eps_4q_growth_year": 7.94,
            "roe": -0.78,
            "roe_4q": 9.07,
            "gross_profit": 195,
            "gross_margin": 31.6,
            "gross_margin_4q_avg": 29.07,
            "net_income": -14891,
            "revenue": 617,
            "common_shares": 1181458,
            "book_valuer_per_share": 15.56,
            "book_valuer_per_share_4q_avg": 16.41,
            "equity": 1838286,
            "current_ratio": 205.49,
            "debt_ratio": 76.7,
            "inventory_turnover_ratio": 0,
            "account_receivable_turnover_ratio": 0.04,
            "reinvestment_rate": -1.17,
            "research_to_sale_ratio": null,
            "price_fair": 80.34,
            "eps_avg_yearly": 2.3,
            "eps_latest_yearly": 0.28,
            "eps_growth_yearly": 2268.28
        },
        "20214": {
            "year_quarter": 20214,
            "year": 2021,
            "quarter": 4,
            "eps": 1.37,
            "eps_growth_year": 26.83,
            "eps_4q": 1.75,
            "eps_4q_growth_year": 46.23,
            "roe": 8.46,
            "roe_4q": 10.690000000000001,
            "gross_profit": 279583,
            "gross_margin": 26.51,
            "gross_margin_4q_avg": 30.16,
            "net_income": 162386,
            "revenue": 1054505,
            "common_shares": 1181458,
            "book_valuer_per_share": 16.93,
            "book_valuer_per_share_4q_avg": 16.55,
            "equity": 2000672,
            "current_ratio": 242.86,
            "debt_ratio": 74.39,
            "inventory_turnover_ratio": 0.12,
            "account_receivable_turnover_ratio": 101.65,
            "reinvestment_rate": -1.08,
            "research_to_sale_ratio": null,
            "price_fair": 78.4,
            "eps_avg_yearly": 2.24,
            "eps_latest_yearly": 0.28,
            "eps_growth_yearly": 2481.51
        },
        "20221": {
            "year_quarter": 20221,
            "year": 2022,
            "quarter": 1,
            "eps": 0.11,
            "eps_growth_year": -74.42,
            "eps_4q": 1.44,
            "eps_4q_growth_year": 5.98,
            "roe": 0.67,
            "roe_4q": 8.790000000000001,
            "gross_profit": 38888,
            "gross_margin": 23.12,
            "gross_margin_4q_avg": 29.68,
            "net_income": 13533,
            "revenue": 168204,
            "common_shares": 1181458,
            "book_valuer_per_share": 17.05,
            "book_valuer_per_share_4q_avg": 16.61,
            "equity": 2014205,
            "current_ratio": 261.43,
            "debt_ratio": 75.35,
            "inventory_turnover_ratio": 0.02,
            "account_receivable_turnover_ratio": 5.75,
            "reinvestment_rate": -0.22,
            "research_to_sale_ratio": null,
            "price_fair": 70.58,
            "eps_avg_yearly": 2.02,
            "eps_latest_yearly": 0.44,
            "eps_growth_yearly": 2449.05
        },
        "20222": {
            "year_quarter": 20222,
            "year": 2022,
            "quarter": 2,
            "eps": -0.05,
            "eps_growth_year": -171.43,
            "eps_4q": 1.31,
            "eps_4q_growth_year": -18.6,
            "roe": -0.29,
            "roe_4q": 8.060000000000002,
            "gross_profit": 15798,
            "gross_margin": 58.46,
            "gross_margin_4q_avg": 34.92,
            "net_income": -5704,
            "revenue": 27025,
            "common_shares": 1181458,
            "book_valuer_per_share": 15.7,
            "book_valuer_per_share_4q_avg": 16.31,
            "equity": 1854911,
            "current_ratio": 269.77,
            "debt_ratio": 78.02,
            "inventory_turnover_ratio": 0,
            "account_receivable_turnover_ratio": 0.99,
            "reinvestment_rate": -0.24,
            "research_to_sale_ratio": null,
            "price_fair": 71.4,
            "eps_avg_yearly": 2.04,
            "eps_latest_yearly": 0.44,
            "eps_growth_yearly": 2687.54
        },
        "20223": {
            "year_quarter": 20223,
            "year": 2022,
            "quarter": 3,
            "eps": -0.16,
            "eps_growth_year": null,
            "eps_4q": 1.28,
            "eps_4q_growth_year": -12.52,
            "roe": -1.05,
            "roe_4q": 7.790000000000001,
            "gross_profit": 169,
            "gross_margin": 31.77,
            "gross_margin_4q_avg": 34.97,
            "net_income": -19454,
            "revenue": 532,
            "common_shares": 1181458,
            "book_valuer_per_share": 15.54,
            "book_valuer_per_share_4q_avg": 16.31,
            "equity": 1835457,
            "current_ratio": 254.85,
            "debt_ratio": 80.23,
            "inventory_turnover_ratio": 0,
            "account_receivable_turnover_ratio": 0.09,
            "reinvestment_rate": -0.33,
            "research_to_sale_ratio": null,
            "price_fair": 49.7,
            "eps_avg_yearly": 1.42,
            "eps_latest_yearly": 0.44,
            "eps_growth_yearly": 2809.02
        },
        "20224": {
            "year_quarter": 20224,
            "year": 2022,
            "quarter": 4,
            "eps": 0.19,
            "eps_growth_year": -85.88,
            "eps_4q": 0.1,
            "eps_4q_growth_year": -94.53,
            "roe": 1.24,
            "roe_4q": 0.5700000000000001,
            "gross_profit": 37471,
            "gross_margin": 28.06,
            "gross_margin_4q_avg": 35.35,
            "net_income": 22928,
            "revenue": 133542,
            "common_shares": 1181458,
            "book_valuer_per_share": 15.73,
            "book_valuer_per_share_4q_avg": 16.01,
            "equity": 1858385,
            "current_ratio": 181.36,
            "debt_ratio": 81.52,
            "inventory_turnover_ratio": 0.01,
            "account_receivable_turnover_ratio": 2.23,
            "reinvestment_rate": -0.31,
            "research_to_sale_ratio": null,
            "price_fair": 51.49,
            "eps_avg_yearly": 1.47,
            "eps_latest_yearly": 0.44,
            "eps_growth_yearly": 3160.4
        },
        "20231": {
            "year_quarter": 20231,
            "year": 2023,
            "quarter": 1,
            "eps": -0.28,
            "eps_growth_year": -354.55,
            "eps_4q": -0.3,
            "eps_4q_growth_year": -121,
            "roe": -1.82,
            "roe_4q": -1.9200000000000002,
            "gross_profit": 99,
            "gross_margin": 61.88,
            "gross_margin_4q_avg": 45.04,
            "net_income": -33435,
            "revenue": 160,
            "common_shares": 1181458,
            "book_valuer_per_share": 15.45,
            "book_valuer_per_share_4q_avg": 15.61,
            "equity": 1824950,
            "current_ratio": 170.37,
            "debt_ratio": 82.37,
            "inventory_turnover_ratio": 0,
            "account_receivable_turnover_ratio": 0,
            "reinvestment_rate": -0.3,
            "research_to_sale_ratio": null,
            "price_fair": 57.23,
            "eps_avg_yearly": 1.64,
            "eps_latest_yearly": 0.44,
            "eps_growth_yearly": 3597.12
        },
        "20232": {
            "year_quarter": 20232,
            "year": 2023,
            "quarter": 2,
            "eps": -0.08,
            "eps_growth_year": null,
            "eps_4q": -0.33,
            "eps_4q_growth_year": -125.19,
            "roe": -0.52,
            "roe_4q": -2.15,
            "gross_profit": 23462,
            "gross_margin": 44.03,
            "gross_margin_4q_avg": 41.44,
            "net_income": -9167,
            "revenue": 53291,
            "common_shares": 1181458,
            "book_valuer_per_share": 14.17,
            "book_valuer_per_share_4q_avg": 15.22,
            "equity": 1674008,
            "current_ratio": 163.25,
            "debt_ratio": 85.04,
            "inventory_turnover_ratio": 0,
            "account_receivable_turnover_ratio": 3.05,
            "reinvestment_rate": -0.3,
            "research_to_sale_ratio": null,
            "price_fair": 64.6,
            "eps_avg_yearly": 1.85,
            "eps_latest_yearly": 0.44,
            "eps_growth_yearly": 4110.99
        }
    },
    "months": {
        "2002-03": {
            "month": "2002-03",
            "price": "22.38",
            "revenue": 106873
        },
        "2002-04": {
            "month": "2002-04",
            "price": "20.98",
            "revenue": 11596
        },
        "2002-05": {
            "month": "2002-05",
            "price": "14.74",
            "revenue": 37286
        },
        "2002-06": {
            "month": "2002-06",
            "price": "13.02",
            "revenue": 24613
        },
        "2002-07": {
            "month": "2002-07",
            "price": "10.54",
            "revenue": 45530
        },
        "2002-08": {
            "month": "2002-08",
            "price": "8.82",
            "revenue": 59106
        },
        "2002-09": {
            "month": "2002-09",
            "price": "7.64",
            "revenue": 43831
        },
        "2002-10": {
            "month": "2002-10",
            "price": "6.87",
            "revenue": 20911
        },
        "2002-11": {
            "month": "2002-11",
            "price": "6.68",
            "revenue": 44131
        },
        "2002-12": {
            "month": "2002-12",
            "price": "6.20",
            "revenue": 50892
        },
        "2003-01": {
            "month": "2003-01",
            "price": "6.58",
            "revenue": 18987
        },
        "2003-02": {
            "month": "2003-02",
            "price": "6.80",
            "revenue": 7766
        },
        "2003-03": {
            "month": "2003-03",
            "price": "6.31",
            "revenue": 17812
        },
        "2003-04": {
            "month": "2003-04",
            "price": "5.48",
            "revenue": 13476
        },
        "2003-05": {
            "month": "2003-05",
            "price": "5.05",
            "revenue": 41200
        },
        "2003-06": {
            "month": "2003-06",
            "price": "7.00",
            "revenue": 44441
        },
        "2003-07": {
            "month": "2003-07",
            "price": "8.36",
            "revenue": 22956
        },
        "2003-08": {
            "month": "2003-08",
            "price": "8.14",
            "revenue": 51551
        },
        "2003-09": {
            "month": "2003-09",
            "price": "7.72",
            "revenue": 55553
        },
        "2003-10": {
            "month": "2003-10",
            "price": "7.80",
            "revenue": 49925
        },
        "2003-11": {
            "month": "2003-11",
            "price": "7.50",
            "revenue": 31461
        },
        "2003-12": {
            "month": "2003-12",
            "price": "6.99",
            "revenue": 52533
        },
        "2004-01": {
            "month": "2004-01",
            "price": "7.11",
            "revenue": 30878
        },
        "2004-02": {
            "month": "2004-02",
            "price": "7.96",
            "revenue": 50802
        },
        "2004-03": {
            "month": "2004-03",
            "price": "10.07",
            "revenue": 52661
        },
        "2004-04": {
            "month": "2004-04",
            "price": "10.26",
            "revenue": 40515
        },
        "2004-05": {
            "month": "2004-05",
            "price": "7.55",
            "revenue": 54159
        },
        "2004-06": {
            "month": "2004-06",
            "price": "7.25",
            "revenue": 45571
        },
        "2004-07": {
            "month": "2004-07",
            "price": "6.51",
            "revenue": 60537
        },
        "2004-08": {
            "month": "2004-08",
            "price": "6.65",
            "revenue": 67060
        },
        "2004-09": {
            "month": "2004-09",
            "price": "4.47",
            "revenue": 80371
        },
        "2004-10": {
            "month": "2004-10",
            "price": "3.88",
            "revenue": 65420
        },
        "2004-11": {
            "month": "2004-11",
            "price": "3.27",
            "revenue": 79661
        },
        "2004-12": {
            "month": "2004-12",
            "price": "3.38",
            "revenue": 70478
        },
        "2005-01": {
            "month": "2005-01",
            "price": "3.03",
            "revenue": 67966
        },
        "2005-02": {
            "month": "2005-02",
            "price": "3.28",
            "revenue": 52567
        },
        "2005-03": {
            "month": "2005-03",
            "price": "3.71",
            "revenue": 69271
        },
        "2005-04": {
            "month": "2005-04",
            "price": "3.54",
            "revenue": 70070
        },
        "2005-05": {
            "month": "2005-05",
            "price": "3.17",
            "revenue": 69315
        },
        "2005-06": {
            "month": "2005-06",
            "price": "3.49",
            "revenue": 63699
        },
        "2005-07": {
            "month": "2005-07",
            "price": "3.54",
            "revenue": 70283
        },
        "2005-08": {
            "month": "2005-08",
            "price": "3.09",
            "revenue": 61351
        },
        "2005-09": {
            "month": "2005-09",
            "price": "4.48",
            "revenue": 44689
        },
        "2005-10": {
            "month": "2005-10",
            "price": "3.39",
            "revenue": 62488
        },
        "2005-11": {
            "month": "2005-11",
            "price": "3.06",
            "revenue": 66378
        },
        "2005-12": {
            "month": "2005-12",
            "price": "3.31",
            "revenue": 101125
        },
        "2006-01": {
            "month": "2006-01",
            "price": "4.03",
            "revenue": 46119
        },
        "2006-02": {
            "month": "2006-02",
            "price": "4.59",
            "revenue": 51528
        },
        "2006-03": {
            "month": "2006-03",
            "price": "7.28",
            "revenue": 70532
        },
        "2006-04": {
            "month": "2006-04",
            "price": "7.65",
            "revenue": 55957
        },
        "2006-05": {
            "month": "2006-05",
            "price": "6.62",
            "revenue": 64529
        },
        "2006-06": {
            "month": "2006-06",
            "price": "5.87",
            "revenue": 75456
        },
        "2006-07": {
            "month": "2006-07",
            "price": "4.97",
            "revenue": 52611
        },
        "2006-08": {
            "month": "2006-08",
            "price": "4.35",
            "revenue": 52534
        },
        "2006-09": {
            "month": "2006-09",
            "price": "3.60",
            "revenue": 50209
        },
        "2006-10": {
            "month": "2006-10",
            "price": "4.40",
            "revenue": 70628
        },
        "2006-11": {
            "month": "2006-11",
            "price": "5.17",
            "revenue": 60619
        },
        "2006-12": {
            "month": "2006-12",
            "price": "7.56",
            "revenue": 77340
        },
        "2007-01": {
            "month": "2007-01",
            "price": "7.62",
            "revenue": 65564
        },
        "2007-02": {
            "month": "2007-02",
            "price": "7.52",
            "revenue": 56700
        },
        "2007-03": {
            "month": "2007-03",
            "price": "7.93",
            "revenue": 47010
        },
        "2007-04": {
            "month": "2007-04",
            "price": "8.11",
            "revenue": 70539
        },
        "2007-05": {
            "month": "2007-05",
            "price": "8.00",
            "revenue": 60890
        },
        "2007-06": {
            "month": "2007-06",
            "price": "8.73",
            "revenue": 49150
        },
        "2007-07": {
            "month": "2007-07",
            "price": "8.40",
            "revenue": 52970
        },
        "2007-08": {
            "month": "2007-08",
            "price": "8.56",
            "revenue": 43332
        },
        "2007-09": {
            "month": "2007-09",
            "price": "10.76",
            "revenue": 54753
        },
        "2007-10": {
            "month": "2007-10",
            "price": "10.56",
            "revenue": 34733
        },
        "2007-11": {
            "month": "2007-11",
            "price": "9.86",
            "revenue": 13858
        },
        "2007-12": {
            "month": "2007-12",
            "price": "10.36",
            "revenue": 9998
        },
        "2008-01": {
            "month": "2008-01",
            "price": "9.71",
            "revenue": 21503
        },
        "2008-02": {
            "month": "2008-02",
            "price": "10.12",
            "revenue": 9004
        },
        "2008-03": {
            "month": "2008-03",
            "price": "13.10",
            "revenue": 7669
        },
        "2008-04": {
            "month": "2008-04",
            "price": "15.77",
            "revenue": 11791
        },
        "2008-05": {
            "month": "2008-05",
            "price": "15.43",
            "revenue": 4834
        },
        "2008-06": {
            "month": "2008-06",
            "price": "14.91",
            "revenue": 368
        },
        "2008-07": {
            "month": "2008-07",
            "price": "14.46",
            "revenue": 15613
        },
        "2008-08": {
            "month": "2008-08",
            "price": "12.83",
            "revenue": 12683
        },
        "2008-09": {
            "month": "2008-09",
            "price": "9.73",
            "revenue": 19889
        },
        "2008-10": {
            "month": "2008-10",
            "price": "12.88",
            "revenue": 20443
        },
        "2008-11": {
            "month": "2008-11",
            "price": "10.21",
            "revenue": 21442
        },
        "2008-12": {
            "month": "2008-12",
            "price": "10.60",
            "revenue": 166
        },
        "2009-01": {
            "month": "2009-01",
            "price": "8.79",
            "revenue": 5330
        },
        "2009-02": {
            "month": "2009-02",
            "price": "8.67",
            "revenue": 1001
        },
        "2009-03": {
            "month": "2009-03",
            "price": "9.84",
            "revenue": 25980
        },
        "2009-04": {
            "month": "2009-04",
            "price": "13.13",
            "revenue": 25237
        },
        "2009-05": {
            "month": "2009-05",
            "price": "15.08",
            "revenue": 22366
        },
        "2009-06": {
            "month": "2009-06",
            "price": "11.54",
            "revenue": 13985
        },
        "2009-07": {
            "month": "2009-07",
            "price": "11.15",
            "revenue": 14016
        },
        "2009-08": {
            "month": "2009-08",
            "price": "23.88",
            "revenue": 20410
        },
        "2009-09": {
            "month": "2009-09",
            "price": "13.67",
            "revenue": 29386
        },
        "2009-10": {
            "month": "2009-10",
            "price": "9.10",
            "revenue": 10284
        },
        "2009-11": {
            "month": "2009-11",
            "price": "6.54",
            "revenue": 8378
        },
        "2009-12": {
            "month": "2009-12",
            "price": "5.87",
            "revenue": 3364
        },
        "2010-01": {
            "month": "2010-01",
            "price": "6.67",
            "revenue": 14990
        },
        "2010-02": {
            "month": "2010-02",
            "price": "6.32",
            "revenue": 14382
        },
        "2010-03": {
            "month": "2010-03",
            "price": "7.56",
            "revenue": 7135
        },
        "2010-04": {
            "month": "2010-04",
            "price": "8.62",
            "revenue": 8571
        },
        "2010-05": {
            "month": "2010-05",
            "price": "8.57",
            "revenue": 8138
        },
        "2010-06": {
            "month": "2010-06",
            "price": "8.58",
            "revenue": 6749
        },
        "2010-07": {
            "month": "2010-07",
            "price": "8.56",
            "revenue": 5878
        },
        "2010-08": {
            "month": "2010-08",
            "price": "5.82",
            "revenue": 2539
        },
        "2010-09": {
            "month": "2010-09",
            "price": "4.99",
            "revenue": 3231
        },
        "2010-10": {
            "month": "2010-10",
            "price": "5.20",
            "revenue": 627
        },
        "2010-11": {
            "month": "2010-11",
            "price": "4.53",
            "revenue": 809
        },
        "2010-12": {
            "month": "2010-12",
            "price": "4.86",
            "revenue": 19177
        },
        "2011-01": {
            "month": "2011-01",
            "price": "4.78",
            "revenue": 692
        },
        "2011-02": {
            "month": "2011-02",
            "price": "3.81",
            "revenue": 681
        },
        "2011-03": {
            "month": "2011-03",
            "price": "3.68",
            "revenue": 666
        },
        "2011-04": {
            "month": "2011-04",
            "price": "3.88",
            "revenue": 321
        },
        "2011-05": {
            "month": "2011-05",
            "price": "4.71",
            "revenue": 525
        },
        "2011-06": {
            "month": "2011-06",
            "price": "3.78",
            "revenue": 472
        },
        "2011-07": {
            "month": "2011-07",
            "price": "4.57",
            "revenue": 404
        },
        "2011-08": {
            "month": "2011-08",
            "price": "3.83",
            "revenue": 350
        },
        "2011-09": {
            "month": "2011-09",
            "price": "4.10",
            "revenue": 311
        },
        "2011-10": {
            "month": "2011-10",
            "price": "2.86",
            "revenue": 285
        },
        "2011-11": {
            "month": "2011-11",
            "price": "3.24",
            "revenue": 212
        },
        "2011-12": {
            "month": "2011-12",
            "price": "3.46",
            "revenue": 208
        },
        "2012-01": {
            "month": "2012-01",
            "price": "3.58",
            "revenue": 2640
        },
        "2012-02": {
            "month": "2012-02",
            "price": "2.87",
            "revenue": 172
        },
        "2012-03": {
            "month": "2012-03",
            "price": "3.11",
            "revenue": 107
        },
        "2012-04": {
            "month": "2012-04",
            "price": "3.18",
            "revenue": 68
        },
        "2012-05": {
            "month": "2012-05",
            "price": "2.73",
            "revenue": 210
        },
        "2012-06": {
            "month": "2012-06",
            "price": "2.49",
            "revenue": 113
        },
        "2012-07": {
            "month": "2012-07",
            "price": "1.59",
            "revenue": 68
        },
        "2012-08": {
            "month": "2012-08",
            "price": "1.23",
            "revenue": 42
        },
        "2012-09": {
            "month": "2012-09",
            "price": "2.04",
            "revenue": 785
        },
        "2012-10": {
            "month": "2012-10",
            "price": "6.81",
            "revenue": 55
        },
        "2012-11": {
            "month": "2012-11",
            "price": "7.74",
            "revenue": 54
        },
        "2012-12": {
            "month": "2012-12",
            "price": "7.72",
            "revenue": 124930
        },
        "2013-01": {
            "month": "2013-01",
            "price": "7.83",
            "revenue": 8792
        },
        "2013-02": {
            "month": "2013-02",
            "price": "7.98",
            "revenue": 342
        },
        "2013-03": {
            "month": "2013-03",
            "price": "8.30",
            "revenue": 2060
        },
        "2013-04": {
            "month": "2013-04",
            "price": "8.62",
            "revenue": 2848
        },
        "2013-05": {
            "month": "2013-05",
            "price": "8.40",
            "revenue": 2541
        },
        "2013-06": {
            "month": "2013-06",
            "price": "11.59",
            "revenue": 2308
        },
        "2013-07": {
            "month": "2013-07",
            "price": "11.92",
            "revenue": 2468
        },
        "2013-08": {
            "month": "2013-08",
            "price": "12.75",
            "revenue": 10
        },
        "2013-09": {
            "month": "2013-09",
            "price": "13.39",
            "revenue": 242867
        },
        "2013-10": {
            "month": "2013-10",
            "price": "13.24",
            "revenue": 165162
        },
        "2013-11": {
            "month": "2013-11",
            "price": "13.05",
            "revenue": 37581
        },
        "2013-12": {
            "month": "2013-12",
            "price": "12.91",
            "revenue": 66686
        },
        "2014-01": {
            "month": "2014-01",
            "price": "11.85",
            "revenue": 10
        },
        "2014-02": {
            "month": "2014-02",
            "price": "11.06",
            "revenue": 9
        },
        "2014-03": {
            "month": "2014-03",
            "price": "13.11",
            "revenue": 126
        },
        "2014-04": {
            "month": "2014-04",
            "price": "14.02",
            "revenue": 67048
        },
        "2014-05": {
            "month": "2014-05",
            "price": "13.34",
            "revenue": 10
        },
        "2014-06": {
            "month": "2014-06",
            "price": "13.19",
            "revenue": 10
        },
        "2014-07": {
            "month": "2014-07",
            "price": "11.67",
            "revenue": 10
        },
        "2014-08": {
            "month": "2014-08",
            "price": "11.12",
            "revenue": 10
        },
        "2014-09": {
            "month": "2014-09",
            "price": "12.08",
            "revenue": 10
        },
        "2014-10": {
            "month": "2014-10",
            "price": "12.72",
            "revenue": 10
        },
        "2014-11": {
            "month": "2014-11",
            "price": "14.39",
            "revenue": 91771
        },
        "2014-12": {
            "month": "2014-12",
            "price": "12.63",
            "revenue": 112404
        },
        "2015-01": {
            "month": "2015-01",
            "price": "12.72",
            "revenue": 10
        },
        "2015-02": {
            "month": "2015-02",
            "price": "14.75",
            "revenue": 9
        },
        "2015-03": {
            "month": "2015-03",
            "price": "13.50",
            "revenue": 86
        },
        "2015-04": {
            "month": "2015-04",
            "price": "14.68",
            "revenue": 86
        },
        "2015-05": {
            "month": "2015-05",
            "price": "14.78",
            "revenue": 144848
        },
        "2015-06": {
            "month": "2015-06",
            "price": "13.42",
            "revenue": 86
        },
        "2015-07": {
            "month": "2015-07",
            "price": "13.76",
            "revenue": 86
        },
        "2015-08": {
            "month": "2015-08",
            "price": "13.03",
            "revenue": 86
        },
        "2015-09": {
            "month": "2015-09",
            "price": "12.69",
            "revenue": 161990
        },
        "2015-10": {
            "month": "2015-10",
            "price": "11.92",
            "revenue": 86
        },
        "2015-11": {
            "month": "2015-11",
            "price": "11.45",
            "revenue": 86
        },
        "2015-12": {
            "month": "2015-12",
            "price": "11.00",
            "revenue": 550579
        },
        "2016-01": {
            "month": "2016-01",
            "price": "11.16",
            "revenue": 5035
        },
        "2016-02": {
            "month": "2016-02",
            "price": "10.75",
            "revenue": 8736
        },
        "2016-03": {
            "month": "2016-03",
            "price": "10.74",
            "revenue": 7602
        },
        "2016-04": {
            "month": "2016-04",
            "price": "10.87",
            "revenue": 86
        },
        "2016-05": {
            "month": "2016-05",
            "price": "10.07",
            "revenue": 86
        },
        "2016-06": {
            "month": "2016-06",
            "price": "9.48",
            "revenue": 54500
        },
        "2016-07": {
            "month": "2016-07",
            "price": "9.19",
            "revenue": 86
        },
        "2016-08": {
            "month": "2016-08",
            "price": "8.94",
            "revenue": 86
        },
        "2016-09": {
            "month": "2016-09",
            "price": "8.72",
            "revenue": 54348
        },
        "2016-10": {
            "month": "2016-10",
            "price": "9.97",
            "revenue": 430
        },
        "2016-11": {
            "month": "2016-11",
            "price": "9.35",
            "revenue": 13937
        },
        "2016-12": {
            "month": "2016-12",
            "price": "11.01",
            "revenue": 41848
        },
        "2017-01": {
            "month": "2017-01",
            "price": "11.26",
            "revenue": 408879
        },
        "2017-02": {
            "month": "2017-02",
            "price": "13.24",
            "revenue": 1203746
        },
        "2017-03": {
            "month": "2017-03",
            "price": "17.46",
            "revenue": 571742
        },
        "2017-04": {
            "month": "2017-04",
            "price": "19.94",
            "revenue": 280002
        },
        "2017-05": {
            "month": "2017-05",
            "price": "20.56",
            "revenue": 115774
        },
        "2017-06": {
            "month": "2017-06",
            "price": "19.27",
            "revenue": 167915
        },
        "2017-07": {
            "month": "2017-07",
            "price": "18.51",
            "revenue": 99558
        },
        "2017-08": {
            "month": "2017-08",
            "price": "18.65",
            "revenue": 809679
        },
        "2017-09": {
            "month": "2017-09",
            "price": "28.40",
            "revenue": 177767
        },
        "2017-10": {
            "month": "2017-10",
            "price": "37.20",
            "revenue": 94902
        },
        "2017-11": {
            "month": "2017-11",
            "price": "41.17",
            "revenue": 98698
        },
        "2017-12": {
            "month": "2017-12",
            "price": "39.32",
            "revenue": 187643
        },
        "2018-01": {
            "month": "2018-01",
            "price": "39.46",
            "revenue": 67504
        },
        "2018-02": {
            "month": "2018-02",
            "price": "36.95",
            "revenue": 173408
        },
        "2018-03": {
            "month": "2018-03",
            "price": "33.64",
            "revenue": 147683
        },
        "2018-04": {
            "month": "2018-04",
            "price": "29.15",
            "revenue": 99743
        },
        "2018-05": {
            "month": "2018-05",
            "price": "24.37",
            "revenue": 90749
        },
        "2018-06": {
            "month": "2018-06",
            "price": "23.39",
            "revenue": 66631
        },
        "2018-07": {
            "month": "2018-07",
            "price": "21.13",
            "revenue": 90512
        },
        "2018-08": {
            "month": "2018-08",
            "price": "21.77",
            "revenue": 765398
        },
        "2018-09": {
            "month": "2018-09",
            "price": "21.60",
            "revenue": 65954
        },
        "2018-10": {
            "month": "2018-10",
            "price": "21.10",
            "revenue": 101938
        },
        "2018-11": {
            "month": "2018-11",
            "price": "21.28",
            "revenue": 90562
        },
        "2018-12": {
            "month": "2018-12",
            "price": "22.65",
            "revenue": 66245
        },
        "2019-01": {
            "month": "2019-01",
            "price": "22.50",
            "revenue": 24860
        },
        "2019-02": {
            "month": "2019-02",
            "price": "22.55",
            "revenue": 73584
        },
        "2019-03": {
            "month": "2019-03",
            "price": "23.18",
            "revenue": 31290
        },
        "2019-04": {
            "month": "2019-04",
            "price": "23.27",
            "revenue": 30314
        },
        "2019-05": {
            "month": "2019-05",
            "price": "21.80",
            "revenue": 97146
        },
        "2019-06": {
            "month": "2019-06",
            "price": "22.00",
            "revenue": 11144
        },
        "2019-07": {
            "month": "2019-07",
            "price": "22.04",
            "revenue": 25280
        },
        "2019-08": {
            "month": "2019-08",
            "price": "23.60",
            "revenue": 58901
        },
        "2019-09": {
            "month": "2019-09",
            "price": "23.24",
            "revenue": 13224
        },
        "2019-10": {
            "month": "2019-10",
            "price": "23.26",
            "revenue": 167
        },
        "2019-11": {
            "month": "2019-11",
            "price": "24.49",
            "revenue": 22792
        },
        "2019-12": {
            "month": "2019-12",
            "price": "27.44",
            "revenue": 1121568
        },
        "2020-01": {
            "month": "2020-01",
            "price": "28.15",
            "revenue": 21984
        },
        "2020-02": {
            "month": "2020-02",
            "price": "26.18",
            "revenue": 247119
        },
        "2020-03": {
            "month": "2020-03",
            "price": "21.76",
            "revenue": 93232
        },
        "2020-04": {
            "month": "2020-04",
            "price": "21.96",
            "revenue": 72605
        },
        "2020-05": {
            "month": "2020-05",
            "price": "24.72",
            "revenue": 4553
        },
        "2020-06": {
            "month": "2020-06",
            "price": "26.39",
            "revenue": 17716
        },
        "2020-07": {
            "month": "2020-07",
            "price": "29.33",
            "revenue": 76936
        },
        "2020-08": {
            "month": "2020-08",
            "price": "28.46",
            "revenue": 27733
        },
        "2020-09": {
            "month": "2020-09",
            "price": "28.39",
            "revenue": 70718
        },
        "2020-10": {
            "month": "2020-10",
            "price": "28.05",
            "revenue": 31202
        },
        "2020-11": {
            "month": "2020-11",
            "price": "28.39",
            "revenue": 13424
        },
        "2020-12": {
            "month": "2020-12",
            "price": "28.73",
            "revenue": 968081
        },
        "2021-01": {
            "month": "2021-01",
            "price": "27.04",
            "revenue": 25854
        },
        "2021-02": {
            "month": "2021-02",
            "price": "26.41",
            "revenue": 187834
        },
        "2021-03": {
            "month": "2021-03",
            "price": "25.85",
            "revenue": 150509
        },
        "2021-04": {
            "month": "2021-04",
            "price": "25.62",
            "revenue": 17328
        },
        "2021-05": {
            "month": "2021-05",
            "price": "24.39",
            "revenue": 33857
        },
        "2021-06": {
            "month": "2021-06",
            "price": "23.86",
            "revenue": 22129
        },
        "2021-07": {
            "month": "2021-07",
            "price": "24.20",
            "revenue": 206
        },
        "2021-08": {
            "month": "2021-08",
            "price": "23.84",
            "revenue": 205
        },
        "2021-09": {
            "month": "2021-09",
            "price": "24.66",
            "revenue": 206
        },
        "2021-10": {
            "month": "2021-10",
            "price": "24.54",
            "revenue": 47268
        },
        "2021-11": {
            "month": "2021-11",
            "price": "25.35",
            "revenue": 26483
        },
        "2021-12": {
            "month": "2021-12",
            "price": "25.07",
            "revenue": 980754
        },
        "2022-01": {
            "month": "2022-01",
            "price": "24.69",
            "revenue": 8302
        },
        "2022-02": {
            "month": "2022-02",
            "price": "24.58",
            "revenue": 179
        },
        "2022-03": {
            "month": "2022-03",
            "price": "24.34",
            "revenue": 159723
        },
        "2022-04": {
            "month": "2022-04",
            "price": "24.35",
            "revenue": 26667
        },
        "2022-05": {
            "month": "2022-05",
            "price": "24.34",
            "revenue": 179
        },
        "2022-06": {
            "month": "2022-06",
            "price": "24.54",
            "revenue": 179
        },
        "2022-07": {
            "month": "2022-07",
            "price": "24.17",
            "revenue": 318
        },
        "2022-08": {
            "month": "2022-08",
            "price": "24.40",
            "revenue": 148
        },
        "2022-09": {
            "month": "2022-09",
            "price": "24.94",
            "revenue": 66
        },
        "2022-10": {
            "month": "2022-10",
            "price": "24.31",
            "revenue": 53
        },
        "2022-11": {
            "month": "2022-11",
            "price": "23.94",
            "revenue": 54
        },
        "2022-12": {
            "month": "2022-12",
            "price": "26.37",
            "revenue": 133435
        },
        "2023-01": {
            "month": "2023-01",
            "price": "27.00",
            "revenue": 53
        },
        "2023-02": {
            "month": "2023-02",
            "price": "30.17",
            "revenue": 54
        },
        "2023-03": {
            "month": "2023-03",
            "price": "33.48",
            "revenue": 53
        },
        "2023-04": {
            "month": "2023-04",
            "price": "34.58",
            "revenue": 53185
        },
        "2023-05": {
            "month": "2023-05",
            "price": "36.21",
            "revenue": 53
        },
        "2023-06": {
            "month": "2023-06",
            "price": "34.82",
            "revenue": 53
        },
        "2023-07": {
            "month": "2023-07",
            "price": "34.87",
            "revenue": 50
        },
        "2023-08": {
            "month": "2023-08",
            "price": "36.70",
            "revenue": 54
        }
    }
}
