{
    "summary": {
        "stock_name": "前鼎",
        "stock_id": "4908",
        "category": "通信網路",
        "main_business": "設計、研發、生產及銷售雷射二極體、受光二極體封裝及光傳接模組<br>之相關光纖通訊產品",
        "website_url": "http://www.apacoe.com.tw",
        "ceo": "李昌祐",
        "pe_ratio": 43,
        "report_year_from": 2001,
        "report_year_to": 2023,
        "age": 23,
        "eps_negative_percentage": 13,
        "eps_growth_avg": {
            "last_all": 1.13,
            "last_2y": 18.92,
            "last_4y": 9.9,
            "last_8y": 8.29,
            "last_12y": 7.1,
            "last_16y": 1.27,
            "last_20y": 6.75,
            "at_2006_last_3y": 100,
            "at_2007_last_3y": 41.18,
            "at_2008_last_3y": 15.01,
            "at_2009_last_3y": 4.52,
            "at_2010_last_3y": -17.69,
            "at_2011_last_3y": -15.21,
            "at_2012_last_3y": -6.4,
            "at_2013_last_3y": -5.86,
            "at_2014_last_3y": 4.42,
            "at_2015_last_3y": -11.56,
            "at_2016_last_3y": 5.41,
            "at_2017_last_3y": 17.76,
            "at_2018_last_3y": 6.28,
            "at_2019_last_3y": 23.89,
            "at_2020_last_3y": 5.93,
            "at_2021_last_3y": 4.78,
            "at_2022_last_3y": 23.08,
            "at_2023_last_3y": 12.67,
            "at_2024_last_3y": 12.67,
            "at_2006_last_all": 0,
            "at_2007_last_all": -5.88,
            "at_2008_last_all": -13.74,
            "at_2009_last_all": -16.38,
            "at_2010_last_all": -11.79,
            "at_2011_last_all": -11.21,
            "at_2012_last_all": -10.07,
            "at_2013_last_all": -11.71,
            "at_2014_last_all": -5.31,
            "at_2015_last_all": -11.34,
            "at_2016_last_all": -4.91,
            "at_2017_last_all": -2.64,
            "at_2018_last_all": -2,
            "at_2019_last_all": -1.94,
            "at_2020_last_all": -2.2,
            "at_2021_last_all": -0.9,
            "at_2022_last_all": 3.57,
            "at_2023_last_all": 1.13,
            "at_2024_last_all": 1.13
        },
        "latest_eps": 2.51,
        "latest_price": 107,
        "latest_roe": 12.05,
        "latest_gross_margin": 41.64,
        "latest_equity": 1613173,
        "latest_revenue": 247711,
        "latest_gross_profit": 103159,
        "latest_net_income": 63480,
        "latest_debt_ratio": 11.54,
        "latest_current_ratio": 706.66,
        "latest_account_receivable_turnover_ratio": 1.27,
        "latest_inventory_turnover_ratio": 0.63,
        "latest_reinvestment_rate": -3.73,
        "latest_research_to_sale_ratio": 13.49
    },
    "eps_dividends": {
        "2001": {
            "cash": 0,
            "stock": 0.5,
            "eps": 2.36
        },
        "2002": {
            "cash": 0,
            "stock": 1.7,
            "eps": -4.17
        },
        "2003": {
            "cash": 0,
            "stock": 0,
            "eps": -2.89
        },
        "2004": {
            "cash": 0,
            "stock": 0,
            "eps": -1.46
        },
        "2005": {
            "cash": 0,
            "stock": 0,
            "eps": 2.18
        },
        "2006": {
            "cash": 0,
            "stock": 0.8,
            "eps": 6.18
        },
        "2007": {
            "cash": 0.9,
            "stock": 3.6,
            "eps": 5.09
        },
        "2008": {
            "cash": 1.5,
            "stock": 1.5,
            "eps": 3.19
        },
        "2009": {
            "cash": 2.1,
            "stock": 0,
            "eps": 2.33
        },
        "2010": {
            "cash": 1.5,
            "stock": 0.5,
            "eps": 2.59
        },
        "2011": {
            "cash": 1.6,
            "stock": 0.5,
            "eps": 2.39
        },
        "2012": {
            "cash": 2,
            "stock": 0,
            "eps": 2.34
        },
        "2013": {
            "cash": 2,
            "stock": 0,
            "eps": 1.76
        },
        "2014": {
            "cash": 1.55,
            "stock": 0,
            "eps": 2.68
        },
        "2015": {
            "cash": 1.8,
            "stock": 0,
            "eps": 0.76
        },
        "2016": {
            "cash": 0.4,
            "stock": 0,
            "eps": 1.26
        },
        "2017": {
            "cash": 0.65,
            "stock": 0,
            "eps": 1.57
        },
        "2018": {
            "cash": 0.81,
            "stock": 0,
            "eps": 1.67
        },
        "2019": {
            "cash": 0.86,
            "stock": 0,
            "eps": 1.65
        },
        "2020": {
            "cash": 1.1,
            "stock": 0,
            "eps": 1.55
        },
        "2021": {
            "cash": 1.1,
            "stock": 0,
            "eps": 1.86
        },
        "2022": {
            "cash": 1.8,
            "stock": 0,
            "eps": 3.34
        },
        "2023": {
            "cash": 3,
            "stock": 0,
            "eps": 1.91
        }
    },
    "dividends": {
        "2001-06-27": {
            "cash": 0,
            "stock": 0.5
        },
        "2002-06-26": {
            "cash": 0,
            "stock": 1.7
        },
        "2006-04-26": {
            "cash": 0,
            "stock": 0.8
        },
        "2007-04-25": {
            "cash": 0.9,
            "stock": 3.6
        },
        "2008-05-13": {
            "cash": 1.5,
            "stock": 1.5
        },
        "2009-04-22": {
            "cash": 2.1,
            "stock": 0
        },
        "2010-04-28": {
            "cash": 1.5,
            "stock": 0.5
        },
        "2011-04-27": {
            "cash": 1.6,
            "stock": 0.5
        },
        "2012-06-21": {
            "cash": 2,
            "stock": 0
        },
        "2013-06-26": {
            "cash": 2,
            "stock": 0
        },
        "2014-09-18": {
            "cash": 1.55,
            "stock": 0
        },
        "2015-10-01": {
            "cash": 1.8,
            "stock": 0
        },
        "2016-09-22": {
            "cash": 0.4,
            "stock": 0
        },
        "2017-09-27": {
            "cash": 0.65,
            "stock": 0
        },
        "2018-09-13": {
            "cash": 0.81,
            "stock": 0
        },
        "2019-09-24": {
            "cash": 0.86,
            "stock": 0
        },
        "2020-09-18": {
            "cash": 1.1,
            "stock": 0
        },
        "2021-10-12": {
            "cash": 1.1,
            "stock": 0
        },
        "2022-09-16": {
            "cash": 1.8,
            "stock": 0
        },
        "2023-09-22": {
            "cash": 3,
            "stock": 0
        }
    },
    "prices": {
        "200101": "無",
        "200102": "無",
        "200103": "無",
        "200104": "無",
        "200105": "無",
        "200106": "無",
        "200107": "無",
        "200108": "無",
        "200109": "無",
        "200110": "無",
        "200111": "無",
        "200112": "無",
        "200201": "無",
        "200202": "40.60",
        "200203": "52.57",
        "200204": "40.98",
        "200205": "32.45",
        "200206": "30.24",
        "200207": "22.25",
        "200208": "18.53",
        "200209": "13.24",
        "200210": "11.64",
        "200211": "11.53",
        "200212": "12.42",
        "200301": "15.11",
        "200302": "14.29",
        "200303": "13.04",
        "200304": "11.55",
        "200305": "9.21",
        "200306": "12.06",
        "200307": "11.99",
        "200308": "10.50",
        "200309": "9.15",
        "200310": "7.63",
        "200311": "8.16",
        "200312": "8.89",
        "200401": "8.26",
        "200402": "9.44",
        "200403": "14.17",
        "200404": "15.70",
        "200405": "14.44",
        "200406": "14.22",
        "200407": "11.56",
        "200408": "8.97",
        "200409": "8.97",
        "200410": "10.20",
        "200411": "9.20",
        "200412": "8.55",
        "200501": "9.11",
        "200502": "11.55",
        "200503": "13.25",
        "200504": "12.01",
        "200505": "11.01",
        "200506": "11.79",
        "200507": "12.93",
        "200508": "12.97",
        "200509": "12.10",
        "200510": "12.33",
        "200511": "15.87",
        "200512": "20.12",
        "200601": "25.09",
        "200602": "24.53",
        "200603": "36.35",
        "200604": "44.13",
        "200605": "60.81",
        "200606": "58.81",
        "200607": "58.62",
        "200608": "56.40",
        "200609": "67.86",
        "200610": "63.30",
        "200611": "65.64",
        "200612": "71.17",
        "200701": "72.65",
        "200702": "90.15",
        "200703": "118.78",
        "200704": "110.60",
        "200705": "110.77",
        "200706": "114.78",
        "200707": "109.09",
        "200708": "82.62",
        "200709": "68.97",
        "200710": "61.00",
        "200711": "51.51",
        "200712": "48.44",
        "200801": "39.18",
        "200802": "36.50",
        "200803": "38.79",
        "200804": "50.62",
        "200805": "51.01",
        "200806": "44.00",
        "200807": "36.29",
        "200808": "34.65",
        "200809": "26.63",
        "200810": "21.75",
        "200811": "18.66",
        "200812": "18.37",
        "200901": "19.93",
        "200902": "20.16",
        "200903": "26.45",
        "200904": "29.55",
        "200905": "32.13",
        "200906": "30.34",
        "200907": "34.28",
        "200908": "32.26",
        "200909": "33.39",
        "200910": "40.37",
        "200911": "42.17",
        "200912": "54.79",
        "201001": "56.44",
        "201002": "52.23",
        "201003": "58.96",
        "201004": "59.35",
        "201005": "50.67",
        "201006": "48.18",
        "201007": "47.65",
        "201008": "48.42",
        "201009": "43.87",
        "201010": "40.15",
        "201011": "35.15",
        "201012": "38.38",
        "201101": "35.79",
        "201102": "42.62",
        "201103": "43.66",
        "201104": "45.90",
        "201105": "40.99",
        "201106": "40.73",
        "201107": "37.83",
        "201108": "29.03",
        "201109": "24.26",
        "201110": "22.20",
        "201111": "25.19",
        "201112": "23.33",
        "201201": "26.13",
        "201202": "30.38",
        "201203": "30.10",
        "201204": "27.47",
        "201205": "26.83",
        "201206": "26.47",
        "201207": "26.63",
        "201208": "26.87",
        "201209": "28.20",
        "201210": "25.38",
        "201211": "23.43",
        "201212": "25.95",
        "201301": "26.82",
        "201302": "26.71",
        "201303": "26.30",
        "201304": "26.08",
        "201305": "26.63",
        "201306": "24.98",
        "201307": "25.33",
        "201308": "23.63",
        "201309": "23.01",
        "201310": "23.95",
        "201311": "23.48",
        "201312": "25.88",
        "201401": "27.35",
        "201402": "28.02",
        "201403": "34.75",
        "201404": "33.82",
        "201405": "33.17",
        "201406": "34.34",
        "201407": "33.78",
        "201408": "32.14",
        "201409": "30.86",
        "201410": "28.21",
        "201411": "27.46",
        "201412": "28.49",
        "201501": "28.77",
        "201502": "28.88",
        "201503": "29.61",
        "201504": "28.79",
        "201505": "25.67",
        "201506": "23.39",
        "201507": "21.37",
        "201508": "17.61",
        "201509": "17.29",
        "201510": "19.04",
        "201511": "20.08",
        "201512": "18.54",
        "201601": "17.16",
        "201602": "18.66",
        "201603": "21.07",
        "201604": "19.29",
        "201605": "16.86",
        "201606": "17.36",
        "201607": "18.47",
        "201608": "17.67",
        "201609": "17.47",
        "201610": "16.74",
        "201611": "16.18",
        "201612": "16.78",
        "201701": "17.20",
        "201702": "18.53",
        "201703": "18.10",
        "201704": "17.36",
        "201705": "16.75",
        "201706": "17.77",
        "201707": "18.71",
        "201708": "18.02",
        "201709": "19.06",
        "201710": "19.58",
        "201711": "19.83",
        "201712": "24.61",
        "201801": "26.70",
        "201802": "22.25",
        "201803": "21.17",
        "201804": "19.52",
        "201805": "19.33",
        "201806": "20.89",
        "201807": "22.78",
        "201808": "21.33",
        "201809": "20.11",
        "201810": "17.88",
        "201811": "18.16",
        "201812": "19.52",
        "201901": "22.45",
        "201902": "24.76",
        "201903": "26.13",
        "201904": "25.71",
        "201905": "23.21",
        "201906": "22.45",
        "201907": "23.86",
        "201908": "24.10",
        "201909": "26.14",
        "201910": "33.64",
        "201911": "49.00",
        "201912": "51.18",
        "202001": "40.88",
        "202002": "38.92",
        "202003": "29.11",
        "202004": "32.75",
        "202005": "37.44",
        "202006": "37.98",
        "202007": "43.24",
        "202008": "35.22",
        "202009": "32.25",
        "202010": "30.27",
        "202011": "30.59",
        "202012": "32.02",
        "202101": "29.07",
        "202102": "28.29",
        "202103": "30.46",
        "202104": "36.71",
        "202105": "29.69",
        "202106": "29.07",
        "202107": "29.83",
        "202108": "28.27",
        "202109": "28.16",
        "202110": "27.89",
        "202111": "31.39",
        "202112": "31.76",
        "202201": "29.87",
        "202202": "28.84",
        "202203": "32.22",
        "202204": "35.83",
        "202205": "33.78",
        "202206": "36.34",
        "202207": "32.71",
        "202208": "37.99",
        "202209": "37.66",
        "202210": "31.67",
        "202211": "30.65",
        "202212": "31.53",
        "202301": "30.55",
        "202302": "31.81",
        "202303": "31.88",
        "202304": "34.53",
        "202305": "37.89",
        "202306": "40.33",
        "202307": "52.23",
        "202308": "53.72",
        "202309": "66.34",
        "202310": "84.18",
        "202311": "94.56",
        "202312": "93.93"
    },
    "quarters": {
        "20011": {
            "year_quarter": 20011,
            "year": 2001,
            "quarter": 1,
            "eps": 0.87,
            "eps_growth_year": null,
            "eps_4q": null,
            "eps_4q_growth_year": null,
            "roe": 6.84,
            "roe_4q": 6.84,
            "gross_profit": 47981,
            "gross_margin": 44.6,
            "gross_margin_4q_avg": 44.6,
            "net_income": 27019,
            "net_income_4q": null,
            "revenue": 107569,
            "revenue_4q": null,
            "common_shares": 310800,
            "book_valuer_per_share": 13.15,
            "book_valuer_per_share_4q_avg": 13.15,
            "equity": 408693,
            "current_ratio": 579.18,
            "debt_ratio": 11.68,
            "inventory_turnover_ratio": 0.43,
            "account_receivable_turnover_ratio": null,
            "reinvestment_rate": null,
            "research_to_sale_ratio": null,
            "price_fair": 0,
            "eps_avg_yearly": 0,
            "eps_latest_yearly": 0,
            "eps_growth_yearly": 0
        },
        "20012": {
            "year_quarter": 20012,
            "year": 2001,
            "quarter": 2,
            "eps": 1.14,
            "eps_growth_year": null,
            "eps_4q": null,
            "eps_4q_growth_year": null,
            "roe": 8.32,
            "roe_4q": 15.16,
            "gross_profit": 62256,
            "gross_margin": 49.92,
            "gross_margin_4q_avg": 47.26,
            "net_income": 35459,
            "net_income_4q": null,
            "revenue": 124719,
            "revenue_4q": null,
            "common_shares": 310800,
            "book_valuer_per_share": 14.27,
            "book_valuer_per_share_4q_avg": 13.71,
            "equity": 443652,
            "current_ratio": 420.15,
            "debt_ratio": 15.81,
            "inventory_turnover_ratio": 0.34,
            "account_receivable_turnover_ratio": null,
            "reinvestment_rate": null,
            "research_to_sale_ratio": null,
            "price_fair": 0,
            "eps_avg_yearly": 0,
            "eps_latest_yearly": 0,
            "eps_growth_yearly": 0
        },
        "20013": {
            "year_quarter": 20013,
            "year": 2001,
            "quarter": 3,
            "eps": 0.31,
            "eps_growth_year": null,
            "eps_4q": null,
            "eps_4q_growth_year": null,
            "roe": 2.3,
            "roe_4q": 17.46,
            "gross_profit": 31419,
            "gross_margin": 36.25,
            "gross_margin_4q_avg": 43.59,
            "net_income": 10339,
            "net_income_4q": null,
            "revenue": 86679,
            "revenue_4q": null,
            "common_shares": 310800,
            "book_valuer_per_share": 14.61,
            "book_valuer_per_share_4q_avg": 14.01,
            "equity": 453992,
            "current_ratio": 452.66,
            "debt_ratio": 16.58,
            "inventory_turnover_ratio": 0.26,
            "account_receivable_turnover_ratio": null,
            "reinvestment_rate": null,
            "research_to_sale_ratio": null,
            "price_fair": 0,
            "eps_avg_yearly": 0,
            "eps_latest_yearly": 0,
            "eps_growth_yearly": 0
        },
        "20014": {
            "year_quarter": 20014,
            "year": 2001,
            "quarter": 4,
            "eps": 0.04,
            "eps_growth_year": null,
            "eps_4q": 2.14,
            "eps_4q_growth_year": null,
            "roe": 0.3,
            "roe_4q": 17.759999999999998,
            "gross_profit": 13397,
            "gross_margin": 21.56,
            "gross_margin_4q_avg": 38.08,
            "net_income": 1386,
            "net_income_4q": null,
            "revenue": 62133,
            "revenue_4q": null,
            "common_shares": 330840,
            "book_valuer_per_share": 13.76,
            "book_valuer_per_share_4q_avg": 13.95,
            "equity": 455377,
            "current_ratio": 455.21,
            "debt_ratio": 16.21,
            "inventory_turnover_ratio": 0.23,
            "account_receivable_turnover_ratio": null,
            "reinvestment_rate": null,
            "research_to_sale_ratio": null,
            "price_fair": 0,
            "eps_avg_yearly": 0,
            "eps_latest_yearly": 0,
            "eps_growth_yearly": 0
        },
        "20021": {
            "year_quarter": 20021,
            "year": 2002,
            "quarter": 1,
            "eps": -0.36,
            "eps_growth_year": -141.38,
            "eps_4q": 1.07,
            "eps_4q_growth_year": null,
            "roe": -2.65,
            "roe_4q": 8.27,
            "gross_profit": 11905,
            "gross_margin": 23.85,
            "gross_margin_4q_avg": 32.9,
            "net_income": -11901,
            "net_income_4q": null,
            "revenue": 49920,
            "revenue_4q": null,
            "common_shares": 330840,
            "book_valuer_per_share": 13.4,
            "book_valuer_per_share_4q_avg": 14.01,
            "equity": 443475,
            "current_ratio": 375.26,
            "debt_ratio": 18.71,
            "inventory_turnover_ratio": 0.19,
            "account_receivable_turnover_ratio": null,
            "reinvestment_rate": null,
            "research_to_sale_ratio": null,
            "price_fair": 0,
            "eps_avg_yearly": 0,
            "eps_latest_yearly": 0,
            "eps_growth_yearly": 0
        },
        "20022": {
            "year_quarter": 20022,
            "year": 2002,
            "quarter": 2,
            "eps": -1.71,
            "eps_growth_year": -250,
            "eps_4q": -1.72,
            "eps_4q_growth_year": null,
            "roe": -13.66,
            "roe_4q": -13.709999999999997,
            "gross_profit": 3363,
            "gross_margin": 7.42,
            "gross_margin_4q_avg": 22.27,
            "net_income": -56655,
            "net_income_4q": null,
            "revenue": 45334,
            "revenue_4q": null,
            "common_shares": 330840,
            "book_valuer_per_share": 11.68,
            "book_valuer_per_share_4q_avg": 13.36,
            "equity": 386321,
            "current_ratio": 238.71,
            "debt_ratio": 27.93,
            "inventory_turnover_ratio": 0.21,
            "account_receivable_turnover_ratio": null,
            "reinvestment_rate": null,
            "research_to_sale_ratio": null,
            "price_fair": 0,
            "eps_avg_yearly": 0,
            "eps_latest_yearly": 0,
            "eps_growth_yearly": 0
        },
        "20023": {
            "year_quarter": 20023,
            "year": 2002,
            "quarter": 3,
            "eps": -1.26,
            "eps_growth_year": -506.45,
            "eps_4q": -2.95,
            "eps_4q_growth_year": null,
            "roe": -13.83,
            "roe_4q": -29.84,
            "gross_profit": -5716,
            "gross_margin": -21.43,
            "gross_margin_4q_avg": 7.85,
            "net_income": -49965,
            "net_income_4q": null,
            "revenue": 26669,
            "revenue_4q": null,
            "common_shares": 397083,
            "book_valuer_per_share": 8.47,
            "book_valuer_per_share_4q_avg": 11.83,
            "equity": 336356,
            "current_ratio": 222.53,
            "debt_ratio": 28.12,
            "inventory_turnover_ratio": 0.17,
            "account_receivable_turnover_ratio": null,
            "reinvestment_rate": null,
            "research_to_sale_ratio": null,
            "price_fair": 0,
            "eps_avg_yearly": 0,
            "eps_latest_yearly": 0,
            "eps_growth_yearly": 0
        },
        "20024": {
            "year_quarter": 20024,
            "year": 2002,
            "quarter": 4,
            "eps": -0.84,
            "eps_growth_year": -2200,
            "eps_4q": -3.83,
            "eps_4q_growth_year": -278.85,
            "roe": -10.47,
            "roe_4q": -40.61,
            "gross_profit": -6519,
            "gross_margin": -22.92,
            "gross_margin_4q_avg": -3.27,
            "net_income": -33476,
            "net_income_4q": null,
            "revenue": 28447,
            "revenue_4q": null,
            "common_shares": 397083,
            "book_valuer_per_share": 7.63,
            "book_valuer_per_share_4q_avg": 10.3,
            "equity": 302880,
            "current_ratio": 204.87,
            "debt_ratio": 29.55,
            "inventory_turnover_ratio": 0.21,
            "account_receivable_turnover_ratio": null,
            "reinvestment_rate": null,
            "research_to_sale_ratio": null,
            "price_fair": 0,
            "eps_avg_yearly": 0,
            "eps_latest_yearly": 0,
            "eps_growth_yearly": 0
        },
        "20031": {
            "year_quarter": 20031,
            "year": 2003,
            "quarter": 1,
            "eps": -1.44,
            "eps_growth_year": null,
            "eps_4q": -4.97,
            "eps_4q_growth_year": -565.63,
            "roe": -20.84,
            "roe_4q": -58.8,
            "gross_profit": -1584,
            "gross_margin": -5.21,
            "gross_margin_4q_avg": -10.54,
            "net_income": -57156,
            "net_income_4q": null,
            "revenue": 30419,
            "revenue_4q": null,
            "common_shares": 397083,
            "book_valuer_per_share": 6.19,
            "book_valuer_per_share_4q_avg": 8.49,
            "equity": 245724,
            "current_ratio": 194.86,
            "debt_ratio": 43.29,
            "inventory_turnover_ratio": 0.21,
            "account_receivable_turnover_ratio": null,
            "reinvestment_rate": null,
            "research_to_sale_ratio": null,
            "price_fair": 0,
            "eps_avg_yearly": 0,
            "eps_latest_yearly": 0,
            "eps_growth_yearly": 0
        },
        "20032": {
            "year_quarter": 20032,
            "year": 2003,
            "quarter": 2,
            "eps": -0.83,
            "eps_growth_year": null,
            "eps_4q": -4.37,
            "eps_4q_growth_year": null,
            "roe": -14.3,
            "roe_4q": -59.44,
            "gross_profit": -20,
            "gross_margin": -0.06,
            "gross_margin_4q_avg": -12.41,
            "net_income": -32793,
            "net_income_4q": null,
            "revenue": 33999,
            "revenue_4q": null,
            "common_shares": 397083,
            "book_valuer_per_share": 5.36,
            "book_valuer_per_share_4q_avg": 6.91,
            "equity": 212931,
            "current_ratio": 206.14,
            "debt_ratio": 53.77,
            "inventory_turnover_ratio": 0.23,
            "account_receivable_turnover_ratio": null,
            "reinvestment_rate": null,
            "research_to_sale_ratio": null,
            "price_fair": 0,
            "eps_avg_yearly": 0,
            "eps_latest_yearly": 0,
            "eps_growth_yearly": 0
        },
        "20033": {
            "year_quarter": 20033,
            "year": 2003,
            "quarter": 3,
            "eps": -0.3,
            "eps_growth_year": null,
            "eps_4q": -3.41,
            "eps_4q_growth_year": null,
            "roe": -5.71,
            "roe_4q": -51.32,
            "gross_profit": 16879,
            "gross_margin": 20.39,
            "gross_margin_4q_avg": -1.95,
            "net_income": -11818,
            "net_income_4q": null,
            "revenue": 82779,
            "revenue_4q": null,
            "common_shares": 397083,
            "book_valuer_per_share": 5.06,
            "book_valuer_per_share_4q_avg": 6.06,
            "equity": 201113,
            "current_ratio": 156.52,
            "debt_ratio": 62.46,
            "inventory_turnover_ratio": 0.44,
            "account_receivable_turnover_ratio": null,
            "reinvestment_rate": null,
            "research_to_sale_ratio": null,
            "price_fair": 0,
            "eps_avg_yearly": 0,
            "eps_latest_yearly": 0,
            "eps_growth_yearly": 0
        },
        "20034": {
            "year_quarter": 20034,
            "year": 2003,
            "quarter": 4,
            "eps": -0.32,
            "eps_growth_year": null,
            "eps_4q": -2.89,
            "eps_4q_growth_year": null,
            "roe": -6.58,
            "roe_4q": -47.43,
            "gross_profit": 10695,
            "gross_margin": 13.92,
            "gross_margin_4q_avg": 7.26,
            "net_income": -12817,
            "net_income_4q": null,
            "revenue": 76816,
            "revenue_4q": null,
            "common_shares": 397083,
            "book_valuer_per_share": 4.74,
            "book_valuer_per_share_4q_avg": 5.34,
            "equity": 188296,
            "current_ratio": 167.43,
            "debt_ratio": 63.3,
            "inventory_turnover_ratio": 0.43,
            "account_receivable_turnover_ratio": null,
            "reinvestment_rate": null,
            "research_to_sale_ratio": null,
            "price_fair": 0,
            "eps_avg_yearly": 0,
            "eps_latest_yearly": 0,
            "eps_growth_yearly": 0
        },
        "20041": {
            "year_quarter": 20041,
            "year": 2004,
            "quarter": 1,
            "eps": -0.53,
            "eps_growth_year": null,
            "eps_4q": -2.81,
            "eps_4q_growth_year": null,
            "roe": -4.92,
            "roe_4q": -31.51,
            "gross_profit": 9708,
            "gross_margin": 11.61,
            "gross_margin_4q_avg": 11.47,
            "net_income": -13351,
            "net_income_4q": null,
            "revenue": 83587,
            "revenue_4q": null,
            "common_shares": 362940,
            "book_valuer_per_share": 9.78,
            "book_valuer_per_share_4q_avg": 6.24,
            "equity": 354945,
            "current_ratio": 240.69,
            "debt_ratio": 49.19,
            "inventory_turnover_ratio": 0.46,
            "account_receivable_turnover_ratio": null,
            "reinvestment_rate": null,
            "research_to_sale_ratio": null,
            "price_fair": 0,
            "eps_avg_yearly": 0,
            "eps_latest_yearly": 0,
            "eps_growth_yearly": 0
        },
        "20042": {
            "year_quarter": 20042,
            "year": 2004,
            "quarter": 2,
            "eps": -0.12,
            "eps_growth_year": null,
            "eps_4q": -1.15,
            "eps_4q_growth_year": null,
            "roe": -1.06,
            "roe_4q": -18.27,
            "gross_profit": 25105,
            "gross_margin": 17.1,
            "gross_margin_4q_avg": 15.76,
            "net_income": -3738,
            "net_income_4q": null,
            "revenue": 146800,
            "revenue_4q": null,
            "common_shares": 362940,
            "book_valuer_per_share": 9.68,
            "book_valuer_per_share_4q_avg": 7.32,
            "equity": 351207,
            "current_ratio": 478.9,
            "debt_ratio": 37.01,
            "inventory_turnover_ratio": 0.69,
            "account_receivable_turnover_ratio": null,
            "reinvestment_rate": null,
            "research_to_sale_ratio": null,
            "price_fair": 0,
            "eps_avg_yearly": 0,
            "eps_latest_yearly": 0,
            "eps_growth_yearly": 0
        },
        "20043": {
            "year_quarter": 20043,
            "year": 2004,
            "quarter": 3,
            "eps": -0.03,
            "eps_growth_year": null,
            "eps_4q": -0.85,
            "eps_4q_growth_year": null,
            "roe": -0.24,
            "roe_4q": -12.8,
            "gross_profit": 44141,
            "gross_margin": 22.73,
            "gross_margin_4q_avg": 16.34,
            "net_income": -831,
            "net_income_4q": null,
            "revenue": 194204,
            "revenue_4q": null,
            "common_shares": 362940,
            "book_valuer_per_share": 9.65,
            "book_valuer_per_share_4q_avg": 8.46,
            "equity": 350375,
            "current_ratio": 392.06,
            "debt_ratio": 39.67,
            "inventory_turnover_ratio": 0.83,
            "account_receivable_turnover_ratio": null,
            "reinvestment_rate": null,
            "research_to_sale_ratio": null,
            "price_fair": 0,
            "eps_avg_yearly": 0,
            "eps_latest_yearly": 0,
            "eps_growth_yearly": 0
        },
        "20044": {
            "year_quarter": 20044,
            "year": 2004,
            "quarter": 4,
            "eps": -0.78,
            "eps_growth_year": null,
            "eps_4q": -1.31,
            "eps_4q_growth_year": null,
            "roe": -7.8,
            "roe_4q": -14.02,
            "gross_profit": 52767,
            "gross_margin": 27.74,
            "gross_margin_4q_avg": 19.8,
            "net_income": -26312,
            "net_income_4q": null,
            "revenue": 190207,
            "revenue_4q": null,
            "common_shares": 362940,
            "book_valuer_per_share": 8.93,
            "book_valuer_per_share_4q_avg": 9.51,
            "equity": 324064,
            "current_ratio": 185.47,
            "debt_ratio": 40.6,
            "inventory_turnover_ratio": 0.79,
            "account_receivable_turnover_ratio": null,
            "reinvestment_rate": null,
            "research_to_sale_ratio": null,
            "price_fair": 0,
            "eps_avg_yearly": 0,
            "eps_latest_yearly": 0,
            "eps_growth_yearly": 0
        },
        "20051": {
            "year_quarter": 20051,
            "year": 2005,
            "quarter": 1,
            "eps": -0.08,
            "eps_growth_year": null,
            "eps_4q": -0.97,
            "eps_4q_growth_year": null,
            "roe": -0.86,
            "roe_4q": -9.96,
            "gross_profit": 29202,
            "gross_margin": 18.81,
            "gross_margin_4q_avg": 21.6,
            "net_income": -2768,
            "net_income_4q": null,
            "revenue": 155279,
            "revenue_4q": null,
            "common_shares": 362940,
            "book_valuer_per_share": 8.85,
            "book_valuer_per_share_4q_avg": 9.28,
            "equity": 321297,
            "current_ratio": 206.63,
            "debt_ratio": 36.64,
            "inventory_turnover_ratio": 0.8,
            "account_receivable_turnover_ratio": null,
            "reinvestment_rate": null,
            "research_to_sale_ratio": null,
            "price_fair": 0,
            "eps_avg_yearly": 0,
            "eps_latest_yearly": 0,
            "eps_growth_yearly": 0
        },
        "20052": {
            "year_quarter": 20052,
            "year": 2005,
            "quarter": 2,
            "eps": -0.24,
            "eps_growth_year": null,
            "eps_4q": -1.07,
            "eps_4q_growth_year": null,
            "roe": -2.81,
            "roe_4q": -11.709999999999999,
            "gross_profit": 28929,
            "gross_margin": 17.06,
            "gross_margin_4q_avg": 21.59,
            "net_income": -8892,
            "net_income_4q": null,
            "revenue": 169555,
            "revenue_4q": null,
            "common_shares": 362940,
            "book_valuer_per_share": 8.61,
            "book_valuer_per_share_4q_avg": 9.01,
            "equity": 312404,
            "current_ratio": 355.91,
            "debt_ratio": 21.71,
            "inventory_turnover_ratio": 1.11,
            "account_receivable_turnover_ratio": null,
            "reinvestment_rate": null,
            "research_to_sale_ratio": null,
            "price_fair": 0,
            "eps_avg_yearly": 0,
            "eps_latest_yearly": 0,
            "eps_growth_yearly": 0
        },
        "20053": {
            "year_quarter": 20053,
            "year": 2005,
            "quarter": 3,
            "eps": 1.05,
            "eps_growth_year": null,
            "eps_4q": 0,
            "eps_4q_growth_year": null,
            "roe": 11.47,
            "roe_4q": 0,
            "gross_profit": 58873,
            "gross_margin": 26.21,
            "gross_margin_4q_avg": 22.46,
            "net_income": 38013,
            "net_income_4q": null,
            "revenue": 224602,
            "revenue_4q": null,
            "common_shares": 362940,
            "book_valuer_per_share": 9.65,
            "book_valuer_per_share_4q_avg": 9.01,
            "equity": 350417,
            "current_ratio": 312.98,
            "debt_ratio": 26.46,
            "inventory_turnover_ratio": 1.62,
            "account_receivable_turnover_ratio": null,
            "reinvestment_rate": null,
            "research_to_sale_ratio": null,
            "price_fair": 0,
            "eps_avg_yearly": 0,
            "eps_latest_yearly": 0,
            "eps_growth_yearly": 0
        },
        "20054": {
            "year_quarter": 20054,
            "year": 2005,
            "quarter": 4,
            "eps": 1.45,
            "eps_growth_year": null,
            "eps_4q": 2.18,
            "eps_4q_growth_year": null,
            "roe": 13.97,
            "roe_4q": 21.770000000000003,
            "gross_profit": 78260,
            "gross_margin": 35.97,
            "gross_margin_4q_avg": 24.51,
            "net_income": 52629,
            "net_income_4q": null,
            "revenue": 217559,
            "revenue_4q": null,
            "common_shares": 362940,
            "book_valuer_per_share": 11.11,
            "book_valuer_per_share_4q_avg": 9.56,
            "equity": 403046,
            "current_ratio": 496.42,
            "debt_ratio": 17.71,
            "inventory_turnover_ratio": 1.24,
            "account_receivable_turnover_ratio": null,
            "reinvestment_rate": null,
            "research_to_sale_ratio": null,
            "price_fair": 203,
            "eps_avg_yearly": 5.8,
            "eps_latest_yearly": 5.8,
            "eps_growth_yearly": 152.38
        },
        "20061": {
            "year_quarter": 20061,
            "year": 2006,
            "quarter": 1,
            "eps": 1.51,
            "eps_growth_year": null,
            "eps_4q": 3.76,
            "eps_4q_growth_year": null,
            "roe": 12.75,
            "roe_4q": 35.379999999999995,
            "gross_profit": 75895,
            "gross_margin": 39.37,
            "gross_margin_4q_avg": 29.65,
            "net_income": 54869,
            "net_income_4q": null,
            "revenue": 192759,
            "revenue_4q": null,
            "common_shares": 362940,
            "book_valuer_per_share": 12.62,
            "book_valuer_per_share_4q_avg": 10.5,
            "equity": 457915,
            "current_ratio": 558.13,
            "debt_ratio": 16.13,
            "inventory_turnover_ratio": 0.84,
            "account_receivable_turnover_ratio": null,
            "reinvestment_rate": null,
            "research_to_sale_ratio": null,
            "price_fair": 207.2,
            "eps_avg_yearly": 5.92,
            "eps_latest_yearly": 6.04,
            "eps_growth_yearly": 84.47
        },
        "20062": {
            "year_quarter": 20062,
            "year": 2006,
            "quarter": 2,
            "eps": 2.02,
            "eps_growth_year": null,
            "eps_4q": 6.02,
            "eps_4q_growth_year": null,
            "roe": 14.86,
            "roe_4q": 53.05,
            "gross_profit": 90116,
            "gross_margin": 37.87,
            "gross_margin_4q_avg": 34.86,
            "net_income": 73425,
            "net_income_4q": null,
            "revenue": 237985,
            "revenue_4q": null,
            "common_shares": 362940,
            "book_valuer_per_share": 14.61,
            "book_valuer_per_share_4q_avg": 12,
            "equity": 530077,
            "current_ratio": 722.88,
            "debt_ratio": 12.76,
            "inventory_turnover_ratio": 1.03,
            "account_receivable_turnover_ratio": null,
            "reinvestment_rate": null,
            "research_to_sale_ratio": null,
            "price_fair": 232.4,
            "eps_avg_yearly": 6.64,
            "eps_latest_yearly": 8.08,
            "eps_growth_yearly": 101.34
        },
        "20063": {
            "year_quarter": 20063,
            "year": 2006,
            "quarter": 3,
            "eps": 1.58,
            "eps_growth_year": 50.48,
            "eps_4q": 6.13,
            "eps_4q_growth_year": 541056.66,
            "roe": 11.19,
            "roe_4q": 52.769999999999996,
            "gross_profit": 84133,
            "gross_margin": 33.17,
            "gross_margin_4q_avg": 36.6,
            "net_income": 62808,
            "net_income_4q": null,
            "revenue": 253614,
            "revenue_4q": null,
            "common_shares": 397389,
            "book_valuer_per_share": 14.92,
            "book_valuer_per_share_4q_avg": 13.32,
            "equity": 592884,
            "current_ratio": 584.77,
            "debt_ratio": 15.6,
            "inventory_turnover_ratio": 1.3,
            "account_receivable_turnover_ratio": null,
            "reinvestment_rate": -140.8,
            "research_to_sale_ratio": null,
            "price_fair": 229.6,
            "eps_avg_yearly": 6.56,
            "eps_latest_yearly": 6.32,
            "eps_growth_yearly": 54.23
        },
        "20064": {
            "year_quarter": 20064,
            "year": 2006,
            "quarter": 4,
            "eps": 1.07,
            "eps_growth_year": -26.21,
            "eps_4q": 5.9,
            "eps_4q_growth_year": 171.18,
            "roe": 6.89,
            "roe_4q": 45.69,
            "gross_profit": 69778,
            "gross_margin": 26.73,
            "gross_margin_4q_avg": 34.29,
            "net_income": 42326,
            "net_income_4q": null,
            "revenue": 261018,
            "revenue_4q": null,
            "common_shares": 397389,
            "book_valuer_per_share": 15.98,
            "book_valuer_per_share_4q_avg": 14.53,
            "equity": 635211,
            "current_ratio": 570.5,
            "debt_ratio": 15.55,
            "inventory_turnover_ratio": 1.25,
            "account_receivable_turnover_ratio": null,
            "reinvestment_rate": -49.57,
            "research_to_sale_ratio": null,
            "price_fair": 168.21,
            "eps_avg_yearly": 6.1,
            "eps_latest_yearly": 4.28,
            "eps_growth_yearly": 17.56
        },
        "20071": {
            "year_quarter": 20071,
            "year": 2007,
            "quarter": 1,
            "eps": 1.39,
            "eps_growth_year": -7.95,
            "eps_4q": 5.89,
            "eps_4q_growth_year": 56.57,
            "roe": 8.33,
            "roe_4q": 41.269999999999996,
            "gross_profit": 85601,
            "gross_margin": 27.36,
            "gross_margin_4q_avg": 31.28,
            "net_income": 55194,
            "net_income_4q": null,
            "revenue": 312926,
            "revenue_4q": null,
            "common_shares": 397389,
            "book_valuer_per_share": 17.37,
            "book_valuer_per_share_4q_avg": 15.72,
            "equity": 690405,
            "current_ratio": 605.95,
            "debt_ratio": 14.86,
            "inventory_turnover_ratio": 1.47,
            "account_receivable_turnover_ratio": null,
            "reinvestment_rate": -27.21,
            "research_to_sale_ratio": null,
            "price_fair": 210.47,
            "eps_avg_yearly": 6.01,
            "eps_latest_yearly": 5.56,
            "eps_growth_yearly": 34.57
        },
        "20072": {
            "year_quarter": 20072,
            "year": 2007,
            "quarter": 2,
            "eps": 1.47,
            "eps_growth_year": -27.23,
            "eps_4q": 5.5,
            "eps_4q_growth_year": -8.65,
            "roe": 8.41,
            "roe_4q": 34.82,
            "gross_profit": 84043,
            "gross_margin": 32.74,
            "gross_margin_4q_avg": 30,
            "net_income": 58450,
            "net_income_4q": null,
            "revenue": 256702,
            "revenue_4q": null,
            "common_shares": 397389,
            "book_valuer_per_share": 17.6,
            "book_valuer_per_share_4q_avg": 16.47,
            "equity": 699490,
            "current_ratio": 512.05,
            "debt_ratio": 17.67,
            "inventory_turnover_ratio": 1.15,
            "account_receivable_turnover_ratio": null,
            "reinvestment_rate": -19.39,
            "research_to_sale_ratio": null,
            "price_fair": 209.8,
            "eps_avg_yearly": 5.99,
            "eps_latest_yearly": 5.88,
            "eps_growth_yearly": 32.92
        },
        "20073": {
            "year_quarter": 20073,
            "year": 2007,
            "quarter": 3,
            "eps": 1.13,
            "eps_growth_year": -28.48,
            "eps_4q": 3.95,
            "eps_4q_growth_year": -35.58,
            "roe": 8.55,
            "roe_4q": 32.18,
            "gross_profit": 91344,
            "gross_margin": 35.49,
            "gross_margin_4q_avg": 30.58,
            "net_income": 62502,
            "net_income_4q": null,
            "revenue": 257395,
            "revenue_4q": null,
            "common_shares": 554170,
            "book_valuer_per_share": 13.75,
            "book_valuer_per_share_4q_avg": 16.18,
            "equity": 761992,
            "current_ratio": 581.21,
            "debt_ratio": 15.77,
            "inventory_turnover_ratio": 1.09,
            "account_receivable_turnover_ratio": null,
            "reinvestment_rate": -17.36,
            "research_to_sale_ratio": null,
            "price_fair": 158.26,
            "eps_avg_yearly": 5.81,
            "eps_latest_yearly": 4.52,
            "eps_growth_yearly": 17.24
        },
        "20074": {
            "year_quarter": 20074,
            "year": 2007,
            "quarter": 4,
            "eps": 1.1,
            "eps_growth_year": 2.8,
            "eps_4q": 4.28,
            "eps_4q_growth_year": -27.49,
            "roe": 7.67,
            "roe_4q": 32.96,
            "gross_profit": 79849,
            "gross_margin": 32.66,
            "gross_margin_4q_avg": 32.06,
            "net_income": 60958,
            "net_income_4q": null,
            "revenue": 244501,
            "revenue_4q": null,
            "common_shares": 560190,
            "book_valuer_per_share": 14.77,
            "book_valuer_per_share_4q_avg": 15.87,
            "equity": 827360,
            "current_ratio": 860.63,
            "debt_ratio": 10.56,
            "inventory_turnover_ratio": 1.3,
            "account_receivable_turnover_ratio": null,
            "reinvestment_rate": -10.78,
            "research_to_sale_ratio": null,
            "price_fair": 136.5,
            "eps_avg_yearly": 5.65,
            "eps_latest_yearly": 4.4,
            "eps_growth_yearly": 14.14
        },
        "20081": {
            "year_quarter": 20081,
            "year": 2008,
            "quarter": 1,
            "eps": 0.73,
            "eps_growth_year": -47.48,
            "eps_4q": 3.99,
            "eps_4q_growth_year": -32.24,
            "roe": 4.8,
            "roe_4q": 29.43,
            "gross_profit": 80494,
            "gross_margin": 28.64,
            "gross_margin_4q_avg": 32.38,
            "net_income": 40745,
            "net_income_4q": null,
            "revenue": 281059,
            "revenue_4q": null,
            "common_shares": 561385,
            "book_valuer_per_share": 15.48,
            "book_valuer_per_share_4q_avg": 15.4,
            "equity": 868890,
            "current_ratio": 718.4,
            "debt_ratio": 12.21,
            "inventory_turnover_ratio": 1.77,
            "account_receivable_turnover_ratio": null,
            "reinvestment_rate": -2.12,
            "research_to_sale_ratio": null,
            "price_fair": 16.14,
            "eps_avg_yearly": 5.38,
            "eps_latest_yearly": 2.92,
            "eps_growth_yearly": -0.72
        },
        "20082": {
            "year_quarter": 20082,
            "year": 2008,
            "quarter": 2,
            "eps": 0.79,
            "eps_growth_year": -46.26,
            "eps_4q": 3.72,
            "eps_4q_growth_year": -32.48,
            "roe": 5.28,
            "roe_4q": 26.3,
            "gross_profit": 69274,
            "gross_margin": 29.05,
            "gross_margin_4q_avg": 31.46,
            "net_income": 44344,
            "net_income_4q": null,
            "revenue": 238466,
            "revenue_4q": null,
            "common_shares": 561385,
            "book_valuer_per_share": 14.42,
            "book_valuer_per_share_4q_avg": 14.61,
            "equity": 809577,
            "current_ratio": 392.54,
            "debt_ratio": 21.66,
            "inventory_turnover_ratio": 1.34,
            "account_receivable_turnover_ratio": null,
            "reinvestment_rate": 3.38,
            "research_to_sale_ratio": null,
            "price_fair": 63.85,
            "eps_avg_yearly": 5.18,
            "eps_latest_yearly": 3.16,
            "eps_growth_yearly": 2.33
        },
        "20083": {
            "year_quarter": 20083,
            "year": 2008,
            "quarter": 3,
            "eps": 1.08,
            "eps_growth_year": -4.42,
            "eps_4q": 3.28,
            "eps_4q_growth_year": -17.02,
            "roe": 8.49,
            "roe_4q": 26.240000000000002,
            "gross_profit": 84508,
            "gross_margin": 25.34,
            "gross_margin_4q_avg": 28.92,
            "net_income": 71771,
            "net_income_4q": null,
            "revenue": 333533,
            "revenue_4q": null,
            "common_shares": 665000,
            "book_valuer_per_share": 13.25,
            "book_valuer_per_share_4q_avg": 14.48,
            "equity": 881348,
            "current_ratio": 458.97,
            "debt_ratio": 18.43,
            "inventory_turnover_ratio": 1.72,
            "account_receivable_turnover_ratio": null,
            "reinvestment_rate": 5.43,
            "research_to_sale_ratio": null,
            "price_fair": 124.46,
            "eps_avg_yearly": 5.11,
            "eps_latest_yearly": 4.32,
            "eps_growth_yearly": 14.37
        },
        "20084": {
            "year_quarter": 20084,
            "year": 2008,
            "quarter": 4,
            "eps": 0.59,
            "eps_growth_year": -46.36,
            "eps_4q": 2.94,
            "eps_4q_growth_year": -31.26,
            "roe": 4.37,
            "roe_4q": 22.94,
            "gross_profit": 89560,
            "gross_margin": 37.43,
            "gross_margin_4q_avg": 30.12,
            "net_income": 39360,
            "net_income_4q": null,
            "revenue": 239255,
            "revenue_4q": null,
            "common_shares": 666968,
            "book_valuer_per_share": 13.82,
            "book_valuer_per_share_4q_avg": 14.24,
            "equity": 921653,
            "current_ratio": 544.25,
            "debt_ratio": 15.16,
            "inventory_turnover_ratio": 0.94,
            "account_receivable_turnover_ratio": 2.98,
            "reinvestment_rate": 10.27,
            "research_to_sale_ratio": null,
            "price_fair": 14.69,
            "eps_avg_yearly": 4.9,
            "eps_latest_yearly": 2.36,
            "eps_growth_yearly": -0.69
        },
        "20091": {
            "year_quarter": 20091,
            "year": 2009,
            "quarter": 1,
            "eps": 0.43,
            "eps_growth_year": -41.1,
            "eps_4q": 2.74,
            "eps_4q_growth_year": -31.36,
            "roe": 3.09,
            "roe_4q": 21.23,
            "gross_profit": 58715,
            "gross_margin": 25.09,
            "gross_margin_4q_avg": 29.23,
            "net_income": 28966,
            "net_income_4q": null,
            "revenue": 233975,
            "revenue_4q": null,
            "common_shares": 667608,
            "book_valuer_per_share": 14.24,
            "book_valuer_per_share_4q_avg": 13.93,
            "equity": 950925,
            "current_ratio": 612.83,
            "debt_ratio": 13.64,
            "inventory_turnover_ratio": 1.17,
            "account_receivable_turnover_ratio": 1.42,
            "reinvestment_rate": 9.51,
            "research_to_sale_ratio": null,
            "price_fair": 14.01,
            "eps_avg_yearly": 4.67,
            "eps_latest_yearly": 1.72,
            "eps_growth_yearly": -8.39
        },
        "20092": {
            "year_quarter": 20092,
            "year": 2009,
            "quarter": 2,
            "eps": 0.41,
            "eps_growth_year": -48.1,
            "eps_4q": 2.52,
            "eps_4q_growth_year": -32.29,
            "roe": 3.05,
            "roe_4q": 19,
            "gross_profit": 64701,
            "gross_margin": 21.61,
            "gross_margin_4q_avg": 27.37,
            "net_income": 27280,
            "net_income_4q": null,
            "revenue": 299418,
            "revenue_4q": null,
            "common_shares": 667640,
            "book_valuer_per_share": 12.55,
            "book_valuer_per_share_4q_avg": 13.47,
            "equity": 838017,
            "current_ratio": 270.83,
            "debt_ratio": 30.26,
            "inventory_turnover_ratio": 1.81,
            "account_receivable_turnover_ratio": 1.56,
            "reinvestment_rate": 12.82,
            "research_to_sale_ratio": null,
            "price_fair": 13.4,
            "eps_avg_yearly": 4.47,
            "eps_latest_yearly": 1.64,
            "eps_growth_yearly": -9.07
        },
        "20093": {
            "year_quarter": 20093,
            "year": 2009,
            "quarter": 3,
            "eps": 0.61,
            "eps_growth_year": -43.52,
            "eps_4q": 2.04,
            "eps_4q_growth_year": -37.7,
            "roe": 4.74,
            "roe_4q": 15.25,
            "gross_profit": 81112,
            "gross_margin": 23.49,
            "gross_margin_4q_avg": 26.91,
            "net_income": 40725,
            "net_income_4q": null,
            "revenue": 345350,
            "revenue_4q": null,
            "common_shares": 667640,
            "book_valuer_per_share": 13.16,
            "book_valuer_per_share_4q_avg": 13.44,
            "equity": 878742,
            "current_ratio": 258.96,
            "debt_ratio": 19.3,
            "inventory_turnover_ratio": 1.92,
            "account_receivable_turnover_ratio": 1.66,
            "reinvestment_rate": 54.19,
            "research_to_sale_ratio": null,
            "price_fair": 59.41,
            "eps_avg_yearly": 4.34,
            "eps_latest_yearly": 2.44,
            "eps_growth_yearly": 3.69
        },
        "20094": {
            "year_quarter": 20094,
            "year": 2009,
            "quarter": 4,
            "eps": 0.88,
            "eps_growth_year": 49.15,
            "eps_4q": 2.33,
            "eps_4q_growth_year": -20.9,
            "roe": 6.49,
            "roe_4q": 17.37,
            "gross_profit": 103200,
            "gross_margin": 27.2,
            "gross_margin_4q_avg": 24.35,
            "net_income": 59101,
            "net_income_4q": null,
            "revenue": 379387,
            "revenue_4q": null,
            "common_shares": 670840,
            "book_valuer_per_share": 14.05,
            "book_valuer_per_share_4q_avg": 13.5,
            "equity": 942577,
            "current_ratio": 257,
            "debt_ratio": 21.21,
            "inventory_turnover_ratio": 1.82,
            "account_receivable_turnover_ratio": 3.76,
            "reinvestment_rate": 55.72,
            "research_to_sale_ratio": null,
            "price_fair": 63.93,
            "eps_avg_yearly": 4.2,
            "eps_latest_yearly": 3.52,
            "eps_growth_yearly": 5.23
        },
        "20101": {
            "year_quarter": 20101,
            "year": 2010,
            "quarter": 1,
            "eps": 0.48,
            "eps_growth_year": 11.63,
            "eps_4q": 2.36,
            "eps_4q_growth_year": -13.85,
            "roe": 3.33,
            "roe_4q": 17.61,
            "gross_profit": 84360,
            "gross_margin": 22.46,
            "gross_margin_4q_avg": 23.69,
            "net_income": 32061,
            "net_income_4q": null,
            "revenue": 375548,
            "revenue_4q": null,
            "common_shares": 674743,
            "book_valuer_per_share": 14.56,
            "book_valuer_per_share_4q_avg": 13.58,
            "equity": 982562,
            "current_ratio": 244.88,
            "debt_ratio": 22.09,
            "inventory_turnover_ratio": 1.59,
            "account_receivable_turnover_ratio": 1.76,
            "reinvestment_rate": 62.02,
            "research_to_sale_ratio": 4.74,
            "price_fair": 11.82,
            "eps_avg_yearly": 3.94,
            "eps_latest_yearly": 1.92,
            "eps_growth_yearly": -7.17
        },
        "20102": {
            "year_quarter": 20102,
            "year": 2010,
            "quarter": 2,
            "eps": 0.64,
            "eps_growth_year": 55.08,
            "eps_4q": 2.5,
            "eps_4q_growth_year": -0.79,
            "roe": 4.72,
            "roe_4q": 19.28,
            "gross_profit": 90426,
            "gross_margin": 22.48,
            "gross_margin_4q_avg": 23.91,
            "net_income": 45085,
            "net_income_4q": null,
            "revenue": 402171,
            "revenue_4q": null,
            "common_shares": 675330,
            "book_valuer_per_share": 13.72,
            "book_valuer_per_share_4q_avg": 13.87,
            "equity": 926806,
            "current_ratio": 197.64,
            "debt_ratio": 28.2,
            "inventory_turnover_ratio": 1.43,
            "account_receivable_turnover_ratio": 1.72,
            "reinvestment_rate": 63.46,
            "research_to_sale_ratio": 5.85,
            "price_fair": 10.79,
            "eps_avg_yearly": 3.6,
            "eps_latest_yearly": 2.56,
            "eps_growth_yearly": -7.28
        },
        "20103": {
            "year_quarter": 20103,
            "year": 2010,
            "quarter": 3,
            "eps": 0.96,
            "eps_growth_year": 56.73,
            "eps_4q": 2.88,
            "eps_4q_growth_year": 40.91,
            "roe": 7.06,
            "roe_4q": 21.6,
            "gross_profit": 117818,
            "gross_margin": 25.97,
            "gross_margin_4q_avg": 24.53,
            "net_income": 67792,
            "net_income_4q": null,
            "revenue": 453652,
            "revenue_4q": null,
            "common_shares": 709097,
            "book_valuer_per_share": 14.03,
            "book_valuer_per_share_4q_avg": 14.09,
            "equity": 994598,
            "current_ratio": 208.31,
            "debt_ratio": 28.54,
            "inventory_turnover_ratio": 1.38,
            "account_receivable_turnover_ratio": 1.82,
            "reinvestment_rate": 61.45,
            "research_to_sale_ratio": 5.52,
            "price_fair": 71.1,
            "eps_avg_yearly": 3.44,
            "eps_latest_yearly": 3.84,
            "eps_growth_yearly": 10.67
        },
        "20104": {
            "year_quarter": 20104,
            "year": 2010,
            "quarter": 4,
            "eps": 0.51,
            "eps_growth_year": -42.28,
            "eps_4q": 2.55,
            "eps_4q_growth_year": 9.58,
            "roe": 3.56,
            "roe_4q": 18.67,
            "gross_profit": 82277,
            "gross_margin": 24.18,
            "gross_margin_4q_avg": 23.77,
            "net_income": 36059,
            "net_income_4q": null,
            "revenue": 340209,
            "revenue_4q": null,
            "common_shares": 709937,
            "book_valuer_per_share": 14.54,
            "book_valuer_per_share_4q_avg": 14.21,
            "equity": 1031992,
            "current_ratio": 308.89,
            "debt_ratio": 17.69,
            "inventory_turnover_ratio": 0.97,
            "account_receivable_turnover_ratio": 1.74,
            "reinvestment_rate": 59.66,
            "research_to_sale_ratio": 6.78,
            "price_fair": 56.16,
            "eps_avg_yearly": 3.3,
            "eps_latest_yearly": 2.04,
            "eps_growth_yearly": 7.02
        },
        "20111": {
            "year_quarter": 20111,
            "year": 2011,
            "quarter": 1,
            "eps": 0.43,
            "eps_growth_year": -10.42,
            "eps_4q": 2.52,
            "eps_4q_growth_year": 6.94,
            "roe": 2.91,
            "roe_4q": 18.25,
            "gross_profit": 76367,
            "gross_margin": 20.74,
            "gross_margin_4q_avg": 23.34,
            "net_income": 30599,
            "net_income_4q": null,
            "revenue": 368137,
            "revenue_4q": null,
            "common_shares": 711672,
            "book_valuer_per_share": 15,
            "book_valuer_per_share_4q_avg": 14.32,
            "equity": 1067796,
            "current_ratio": 309.21,
            "debt_ratio": 18.43,
            "inventory_turnover_ratio": 1.22,
            "account_receivable_turnover_ratio": 2.17,
            "reinvestment_rate": 60.71,
            "research_to_sale_ratio": 7.08,
            "price_fair": 9.18,
            "eps_avg_yearly": 3.06,
            "eps_latest_yearly": 1.72,
            "eps_growth_yearly": -4.38
        },
        "20112": {
            "year_quarter": 20112,
            "year": 2011,
            "quarter": 2,
            "eps": 0.41,
            "eps_growth_year": -36.07,
            "eps_4q": 2.21,
            "eps_4q_growth_year": -11.62,
            "roe": 2.96,
            "roe_4q": 16.49,
            "gross_profit": 76908,
            "gross_margin": 19.98,
            "gross_margin_4q_avg": 22.72,
            "net_income": 30375,
            "net_income_4q": null,
            "revenue": 385022,
            "revenue_4q": null,
            "common_shares": 711702,
            "book_valuer_per_share": 13.83,
            "book_valuer_per_share_4q_avg": 14.35,
            "equity": 984389,
            "current_ratio": 198,
            "debt_ratio": 29.65,
            "inventory_turnover_ratio": 1.46,
            "account_receivable_turnover_ratio": 1.7,
            "reinvestment_rate": 65.68,
            "research_to_sale_ratio": 5.86,
            "price_fair": 8.39,
            "eps_avg_yearly": 2.8,
            "eps_latest_yearly": 1.64,
            "eps_growth_yearly": -6.98
        },
        "20113": {
            "year_quarter": 20113,
            "year": 2011,
            "quarter": 3,
            "eps": 0.88,
            "eps_growth_year": -8.4,
            "eps_4q": 2.17,
            "eps_4q_growth_year": -24.44,
            "roe": 6.43,
            "roe_4q": 15.860000000000001,
            "gross_profit": 87099,
            "gross_margin": 23.34,
            "gross_margin_4q_avg": 22.06,
            "net_income": 65442,
            "net_income_4q": null,
            "revenue": 373167,
            "revenue_4q": null,
            "common_shares": 747287,
            "book_valuer_per_share": 14.05,
            "book_valuer_per_share_4q_avg": 14.36,
            "equity": 1049831,
            "current_ratio": 253.1,
            "debt_ratio": 23.23,
            "inventory_turnover_ratio": 1.4,
            "account_receivable_turnover_ratio": 1.52,
            "reinvestment_rate": 63.57,
            "research_to_sale_ratio": 6.59,
            "price_fair": 95.64,
            "eps_avg_yearly": 2.73,
            "eps_latest_yearly": 3.52,
            "eps_growth_yearly": 27.46
        },
        "20114": {
            "year_quarter": 20114,
            "year": 2011,
            "quarter": 4,
            "eps": 0.67,
            "eps_growth_year": 31.79,
            "eps_4q": 2.36,
            "eps_4q_growth_year": -7.39,
            "roe": 4.65,
            "roe_4q": 16.95,
            "gross_profit": 90375,
            "gross_margin": 28.21,
            "gross_margin_4q_avg": 23.07,
            "net_income": 50024,
            "net_income_4q": null,
            "revenue": 320352,
            "revenue_4q": null,
            "common_shares": 747287,
            "book_valuer_per_share": 14.72,
            "book_valuer_per_share_4q_avg": 14.4,
            "equity": 1099855,
            "current_ratio": 350.06,
            "debt_ratio": 16.73,
            "inventory_turnover_ratio": 1.24,
            "account_receivable_turnover_ratio": 1.45,
            "reinvestment_rate": 61.5,
            "research_to_sale_ratio": 7.45,
            "price_fair": 84.41,
            "eps_avg_yearly": 2.63,
            "eps_latest_yearly": 2.68,
            "eps_growth_yearly": 22.16
        },
        "20121": {
            "year_quarter": 20121,
            "year": 2012,
            "quarter": 1,
            "eps": 0.58,
            "eps_growth_year": 34.88,
            "eps_4q": 2.53,
            "eps_4q_growth_year": 0.26,
            "roe": 3.85,
            "roe_4q": 17.89,
            "gross_profit": 99522,
            "gross_margin": 28.58,
            "gross_margin_4q_avg": 25.03,
            "net_income": 43196,
            "net_income_4q": null,
            "revenue": 348236,
            "revenue_4q": null,
            "common_shares": 747422,
            "book_valuer_per_share": 15.31,
            "book_valuer_per_share_4q_avg": 14.48,
            "equity": 1144658,
            "current_ratio": 374.71,
            "debt_ratio": 16.25,
            "inventory_turnover_ratio": 1.39,
            "account_receivable_turnover_ratio": 1.75,
            "reinvestment_rate": 54.94,
            "research_to_sale_ratio": 7.4,
            "price_fair": 90.56,
            "eps_avg_yearly": 2.59,
            "eps_latest_yearly": 2.32,
            "eps_growth_yearly": 27.21
        },
        "20122": {
            "year_quarter": 20122,
            "year": 2012,
            "quarter": 2,
            "eps": 0.85,
            "eps_growth_year": 108.53,
            "eps_4q": 2.97,
            "eps_4q_growth_year": 34.67,
            "roe": 5.74,
            "roe_4q": 20.67,
            "gross_profit": 112817,
            "gross_margin": 29.22,
            "gross_margin_4q_avg": 27.34,
            "net_income": 63353,
            "net_income_4q": null,
            "revenue": 386057,
            "revenue_4q": null,
            "common_shares": 747422,
            "book_valuer_per_share": 14.21,
            "book_valuer_per_share_4q_avg": 14.57,
            "equity": 1062264,
            "current_ratio": 233.84,
            "debt_ratio": 27.55,
            "inventory_turnover_ratio": 1.42,
            "account_receivable_turnover_ratio": 1.86,
            "reinvestment_rate": 48.37,
            "research_to_sale_ratio": 8.08,
            "price_fair": 91.09,
            "eps_avg_yearly": 2.6,
            "eps_latest_yearly": 3.4,
            "eps_growth_yearly": 36.79
        },
        "20123": {
            "year_quarter": 20123,
            "year": 2012,
            "quarter": 3,
            "eps": 0.52,
            "eps_growth_year": -40.26,
            "eps_4q": 2.62,
            "eps_4q_growth_year": 20.38,
            "roe": 3.61,
            "roe_4q": 17.85,
            "gross_profit": 89419,
            "gross_margin": 27.19,
            "gross_margin_4q_avg": 28.3,
            "net_income": 39118,
            "net_income_4q": null,
            "revenue": 328889,
            "revenue_4q": null,
            "common_shares": 747702,
            "book_valuer_per_share": 14.79,
            "book_valuer_per_share_4q_avg": 14.76,
            "equity": 1105972,
            "current_ratio": 406.55,
            "debt_ratio": 15.01,
            "inventory_turnover_ratio": 1.15,
            "account_receivable_turnover_ratio": 1.67,
            "reinvestment_rate": 46.81,
            "research_to_sale_ratio": 8.4,
            "price_fair": 68.73,
            "eps_avg_yearly": 2.46,
            "eps_latest_yearly": 2.08,
            "eps_growth_yearly": 17.91
        },
        "20124": {
            "year_quarter": 20124,
            "year": 2012,
            "quarter": 4,
            "eps": 0.39,
            "eps_growth_year": -42.15,
            "eps_4q": 2.33,
            "eps_4q_growth_year": -1.11,
            "roe": 2.58,
            "roe_4q": 15.78,
            "gross_profit": 76309,
            "gross_margin": 25.88,
            "gross_margin_4q_avg": 27.72,
            "net_income": 28962,
            "net_income_4q": null,
            "revenue": 294836,
            "revenue_4q": null,
            "common_shares": 747932,
            "book_valuer_per_share": 15.23,
            "book_valuer_per_share_4q_avg": 14.89,
            "equity": 1139119,
            "current_ratio": 408.81,
            "debt_ratio": 15.65,
            "inventory_turnover_ratio": 1.04,
            "account_receivable_turnover_ratio": 1.66,
            "reinvestment_rate": 42.26,
            "research_to_sale_ratio": 9.6,
            "price_fair": 79.62,
            "eps_avg_yearly": 2.41,
            "eps_latest_yearly": 1.56,
            "eps_growth_yearly": 23
        },
        "20131": {
            "year_quarter": 20131,
            "year": 2013,
            "quarter": 1,
            "eps": 0.49,
            "eps_growth_year": -15.52,
            "eps_4q": 2.25,
            "eps_4q_growth_year": -11.18,
            "roe": 3.16,
            "roe_4q": 15.09,
            "gross_profit": 80054,
            "gross_margin": 24.6,
            "gross_margin_4q_avg": 26.72,
            "net_income": 36581,
            "net_income_4q": null,
            "revenue": 325478,
            "revenue_4q": null,
            "common_shares": 747932,
            "book_valuer_per_share": 15.68,
            "book_valuer_per_share_4q_avg": 14.98,
            "equity": 1172489,
            "current_ratio": 436.5,
            "debt_ratio": 15.14,
            "inventory_turnover_ratio": 1.21,
            "account_receivable_turnover_ratio": 1.81,
            "reinvestment_rate": 40.79,
            "research_to_sale_ratio": 8.71,
            "price_fair": 84.96,
            "eps_avg_yearly": 2.43,
            "eps_latest_yearly": 1.96,
            "eps_growth_yearly": 36.19
        },
        "20132": {
            "year_quarter": 20132,
            "year": 2013,
            "quarter": 2,
            "eps": 0.4,
            "eps_growth_year": -52.81,
            "eps_4q": 1.8,
            "eps_4q_growth_year": -39.48,
            "roe": 2.68,
            "roe_4q": 12.03,
            "gross_profit": 75604,
            "gross_margin": 24.04,
            "gross_margin_4q_avg": 25.43,
            "net_income": 29823,
            "net_income_4q": null,
            "revenue": 314459,
            "revenue_4q": null,
            "common_shares": 748032,
            "book_valuer_per_share": 14.13,
            "book_valuer_per_share_4q_avg": 14.96,
            "equity": 1056928,
            "current_ratio": 269.43,
            "debt_ratio": 24.92,
            "inventory_turnover_ratio": 1.25,
            "account_receivable_turnover_ratio": 1.76,
            "reinvestment_rate": 34.22,
            "research_to_sale_ratio": 8.42,
            "price_fair": 84.88,
            "eps_avg_yearly": 2.43,
            "eps_latest_yearly": 1.6,
            "eps_growth_yearly": 32.76
        },
        "20133": {
            "year_quarter": 20133,
            "year": 2013,
            "quarter": 3,
            "eps": 0.44,
            "eps_growth_year": -15.9,
            "eps_4q": 1.71,
            "eps_4q_growth_year": -34.59,
            "roe": 3.04,
            "roe_4q": 11.46,
            "gross_profit": 96744,
            "gross_margin": 30,
            "gross_margin_4q_avg": 26.13,
            "net_income": 32699,
            "net_income_4q": null,
            "revenue": 322452,
            "revenue_4q": null,
            "common_shares": 748082,
            "book_valuer_per_share": 14.62,
            "book_valuer_per_share_4q_avg": 14.92,
            "equity": 1093324,
            "current_ratio": 362.37,
            "debt_ratio": 18.68,
            "inventory_turnover_ratio": 1.13,
            "account_receivable_turnover_ratio": 1.79,
            "reinvestment_rate": -14.88,
            "research_to_sale_ratio": 8.39,
            "price_fair": 78.78,
            "eps_avg_yearly": 2.38,
            "eps_latest_yearly": 1.76,
            "eps_growth_yearly": 23.07
        },
        "20134": {
            "year_quarter": 20134,
            "year": 2013,
            "quarter": 4,
            "eps": 0.43,
            "eps_growth_year": 11.38,
            "eps_4q": 1.74,
            "eps_4q_growth_year": -25.54,
            "roe": 2.93,
            "roe_4q": 11.81,
            "gross_profit": 82829,
            "gross_margin": 25.33,
            "gross_margin_4q_avg": 25.99,
            "net_income": 32700,
            "net_income_4q": null,
            "revenue": 326961,
            "revenue_4q": null,
            "common_shares": 748082,
            "book_valuer_per_share": 15.14,
            "book_valuer_per_share_4q_avg": 14.89,
            "equity": 1139211,
            "current_ratio": 426.63,
            "debt_ratio": 16.49,
            "inventory_turnover_ratio": 1.19,
            "account_receivable_turnover_ratio": 1.91,
            "reinvestment_rate": -17.75,
            "research_to_sale_ratio": 8.26,
            "price_fair": 48.65,
            "eps_avg_yearly": 2.27,
            "eps_latest_yearly": 1.72,
            "eps_growth_yearly": 11.43
        },
        "20141": {
            "year_quarter": 20141,
            "year": 2014,
            "quarter": 1,
            "eps": 0.77,
            "eps_growth_year": 57.14,
            "eps_4q": 2.03,
            "eps_4q_growth_year": -9.59,
            "roe": 4.92,
            "roe_4q": 13.57,
            "gross_profit": 111572,
            "gross_margin": 31.01,
            "gross_margin_4q_avg": 27.6,
            "net_income": 57613,
            "net_income_4q": null,
            "revenue": 359837,
            "revenue_4q": null,
            "common_shares": 752497,
            "book_valuer_per_share": 15.96,
            "book_valuer_per_share_4q_avg": 14.96,
            "equity": 1200973,
            "current_ratio": 458.02,
            "debt_ratio": 15.87,
            "inventory_turnover_ratio": 1.22,
            "account_receivable_turnover_ratio": 1.87,
            "reinvestment_rate": -24.04,
            "research_to_sale_ratio": 8.01,
            "price_fair": 81.99,
            "eps_avg_yearly": 2.34,
            "eps_latest_yearly": 3.08,
            "eps_growth_yearly": 42.56
        },
        "20142": {
            "year_quarter": 20142,
            "year": 2014,
            "quarter": 2,
            "eps": 0.69,
            "eps_growth_year": 72.5,
            "eps_4q": 2.32,
            "eps_4q_growth_year": 29.18,
            "roe": 4.43,
            "roe_4q": 15.32,
            "gross_profit": 107942,
            "gross_margin": 31.64,
            "gross_margin_4q_avg": 29.5,
            "net_income": 51745,
            "net_income_4q": null,
            "revenue": 341105,
            "revenue_4q": null,
            "common_shares": 752497,
            "book_valuer_per_share": 15.12,
            "book_valuer_per_share_4q_avg": 15.21,
            "equity": 1137548,
            "current_ratio": 305.41,
            "debt_ratio": 24.08,
            "inventory_turnover_ratio": 0.99,
            "account_receivable_turnover_ratio": 1.7,
            "reinvestment_rate": -24.06,
            "research_to_sale_ratio": 7.56,
            "price_fair": 82.43,
            "eps_avg_yearly": 2.36,
            "eps_latest_yearly": 2.76,
            "eps_growth_yearly": 31.63
        },
        "20143": {
            "year_quarter": 20143,
            "year": 2014,
            "quarter": 3,
            "eps": 0.57,
            "eps_growth_year": 29.55,
            "eps_4q": 2.43,
            "eps_4q_growth_year": 41.99,
            "roe": 3.71,
            "roe_4q": 15.99,
            "gross_profit": 86672,
            "gross_margin": 28.01,
            "gross_margin_4q_avg": 29,
            "net_income": 43262,
            "net_income_4q": null,
            "revenue": 309436,
            "revenue_4q": null,
            "common_shares": 752497,
            "book_valuer_per_share": 15.76,
            "book_valuer_per_share_4q_avg": 15.5,
            "equity": 1192251,
            "current_ratio": 416.2,
            "debt_ratio": 17.69,
            "inventory_turnover_ratio": 0.77,
            "account_receivable_turnover_ratio": 1.85,
            "reinvestment_rate": -24.48,
            "research_to_sale_ratio": 8.48,
            "price_fair": 55.95,
            "eps_avg_yearly": 2.26,
            "eps_latest_yearly": 2.28,
            "eps_growth_yearly": 14.79
        },
        "20144": {
            "year_quarter": 20144,
            "year": 2014,
            "quarter": 4,
            "eps": 0.65,
            "eps_growth_year": 51.4,
            "eps_4q": 2.67,
            "eps_4q_growth_year": 53.35,
            "roe": 4.06,
            "roe_4q": 17.119999999999997,
            "gross_profit": 88477,
            "gross_margin": 29.5,
            "gross_margin_4q_avg": 30.04,
            "net_income": 49513,
            "net_income_4q": null,
            "revenue": 299926,
            "revenue_4q": null,
            "common_shares": 756277,
            "book_valuer_per_share": 16.46,
            "book_valuer_per_share_4q_avg": 15.83,
            "equity": 1245843,
            "current_ratio": 503.7,
            "debt_ratio": 14.59,
            "inventory_turnover_ratio": 0.68,
            "account_receivable_turnover_ratio": 2.02,
            "reinvestment_rate": -26.07,
            "research_to_sale_ratio": 8.9,
            "price_fair": 80.24,
            "eps_avg_yearly": 2.29,
            "eps_latest_yearly": 2.6,
            "eps_growth_yearly": 30.01
        },
        "20151": {
            "year_quarter": 20151,
            "year": 2015,
            "quarter": 1,
            "eps": 0.23,
            "eps_growth_year": -70.13,
            "eps_4q": 2.07,
            "eps_4q_growth_year": 2.16,
            "roe": 1.38,
            "roe_4q": 13.579999999999998,
            "gross_profit": 60569,
            "gross_margin": 23.26,
            "gross_margin_4q_avg": 28.1,
            "net_income": 17310,
            "net_income_4q": null,
            "revenue": 260364,
            "revenue_4q": null,
            "common_shares": 777097,
            "book_valuer_per_share": 16.29,
            "book_valuer_per_share_4q_avg": 15.91,
            "equity": 1267819,
            "current_ratio": 598.52,
            "debt_ratio": 12.37,
            "inventory_turnover_ratio": 0.63,
            "account_receivable_turnover_ratio": 1.8,
            "reinvestment_rate": -25.94,
            "research_to_sale_ratio": 10.46,
            "price_fair": 62.3,
            "eps_avg_yearly": 2.24,
            "eps_latest_yearly": 0.92,
            "eps_growth_yearly": 17.78
        },
        "20152": {
            "year_quarter": 20152,
            "year": 2015,
            "quarter": 2,
            "eps": 0.09,
            "eps_growth_year": -86.96,
            "eps_4q": 1.5,
            "eps_4q_growth_year": -35.27,
            "roe": 0.57,
            "roe_4q": 9.719999999999999,
            "gross_profit": 61798,
            "gross_margin": 28.02,
            "gross_margin_4q_avg": 27.2,
            "net_income": 6916,
            "net_income_4q": null,
            "revenue": 220551,
            "revenue_4q": null,
            "common_shares": 778277,
            "book_valuer_per_share": 14.65,
            "book_valuer_per_share_4q_avg": 15.79,
            "equity": 1140306,
            "current_ratio": 342.2,
            "debt_ratio": 21.79,
            "inventory_turnover_ratio": 0.47,
            "account_receivable_turnover_ratio": 1.63,
            "reinvestment_rate": -30.51,
            "research_to_sale_ratio": 12.57,
            "price_fair": 29.68,
            "eps_avg_yearly": 2.16,
            "eps_latest_yearly": 0.36,
            "eps_growth_yearly": 3.73
        },
        "20153": {
            "year_quarter": 20153,
            "year": 2015,
            "quarter": 3,
            "eps": 0.3,
            "eps_growth_year": -47.37,
            "eps_4q": 1.24,
            "eps_4q_growth_year": -49.09,
            "roe": 1.96,
            "roe_4q": 7.969999999999999,
            "gross_profit": 55436,
            "gross_margin": 21.31,
            "gross_margin_4q_avg": 25.52,
            "net_income": 22529,
            "net_income_4q": null,
            "revenue": 260103,
            "revenue_4q": null,
            "common_shares": 777987,
            "book_valuer_per_share": 14.96,
            "book_valuer_per_share_4q_avg": 15.59,
            "equity": 1164116,
            "current_ratio": 531.27,
            "debt_ratio": 13.65,
            "inventory_turnover_ratio": 0.62,
            "account_receivable_turnover_ratio": 2.09,
            "reinvestment_rate": -30.22,
            "research_to_sale_ratio": 10.17,
            "price_fair": 70.61,
            "eps_avg_yearly": 2.02,
            "eps_latest_yearly": 1.2,
            "eps_growth_yearly": 33.4
        },
        "20154": {
            "year_quarter": 20154,
            "year": 2015,
            "quarter": 4,
            "eps": 0.14,
            "eps_growth_year": -77.96,
            "eps_4q": 0.74,
            "eps_4q_growth_year": -72.08,
            "roe": 0.96,
            "roe_4q": 4.869999999999999,
            "gross_profit": 47053,
            "gross_margin": 15.63,
            "gross_margin_4q_avg": 22.06,
            "net_income": 11204,
            "net_income_4q": null,
            "revenue": 301088,
            "revenue_4q": null,
            "common_shares": 777987,
            "book_valuer_per_share": 15.15,
            "book_valuer_per_share_4q_avg": 15.26,
            "equity": 1179062,
            "current_ratio": 696.81,
            "debt_ratio": 10.3,
            "inventory_turnover_ratio": 0.96,
            "account_receivable_turnover_ratio": 2.15,
            "reinvestment_rate": -32.88,
            "research_to_sale_ratio": 7.44,
            "price_fair": 65.98,
            "eps_avg_yearly": 1.89,
            "eps_latest_yearly": 0.56,
            "eps_growth_yearly": 26.03
        },
        "20161": {
            "year_quarter": 20161,
            "year": 2016,
            "quarter": 1,
            "eps": 0.44,
            "eps_growth_year": 91.3,
            "eps_4q": 0.95,
            "eps_4q_growth_year": -53.99,
            "roe": 2.8,
            "roe_4q": 6.29,
            "gross_profit": 84480,
            "gross_margin": 25.8,
            "gross_margin_4q_avg": 22.69,
            "net_income": 33552,
            "net_income_4q": null,
            "revenue": 327446,
            "revenue_4q": null,
            "common_shares": 777346,
            "book_valuer_per_share": 15.67,
            "book_valuer_per_share_4q_avg": 15.11,
            "equity": 1218074,
            "current_ratio": 624.18,
            "debt_ratio": 11.74,
            "inventory_turnover_ratio": 1.16,
            "account_receivable_turnover_ratio": 2.07,
            "reinvestment_rate": -30.1,
            "research_to_sale_ratio": 7.54,
            "price_fair": 64.75,
            "eps_avg_yearly": 1.85,
            "eps_latest_yearly": 1.76,
            "eps_growth_yearly": 82.96
        },
        "20162": {
            "year_quarter": 20162,
            "year": 2016,
            "quarter": 2,
            "eps": 0.37,
            "eps_growth_year": 311.11,
            "eps_4q": 1.23,
            "eps_4q_growth_year": -18.13,
            "roe": 2.32,
            "roe_4q": 8.04,
            "gross_profit": 75212,
            "gross_margin": 33.71,
            "gross_margin_4q_avg": 24.11,
            "net_income": 28326,
            "net_income_4q": null,
            "revenue": 223112,
            "revenue_4q": null,
            "common_shares": 777346,
            "book_valuer_per_share": 15.71,
            "book_valuer_per_share_4q_avg": 15.37,
            "equity": 1220561,
            "current_ratio": 541.67,
            "debt_ratio": 13.69,
            "inventory_turnover_ratio": 0.7,
            "account_receivable_turnover_ratio": 1.52,
            "reinvestment_rate": -29.9,
            "research_to_sale_ratio": 8.63,
            "price_fair": 60.55,
            "eps_avg_yearly": 1.73,
            "eps_latest_yearly": 1.48,
            "eps_growth_yearly": 67.35
        },
        "20163": {
            "year_quarter": 20163,
            "year": 2016,
            "quarter": 3,
            "eps": 0.09,
            "eps_growth_year": -70,
            "eps_4q": 1.03,
            "eps_4q_growth_year": -17.14,
            "roe": 0.54,
            "roe_4q": 6.62,
            "gross_profit": 55182,
            "gross_margin": 28.16,
            "gross_margin_4q_avg": 25.83,
            "net_income": 6567,
            "net_income_4q": null,
            "revenue": 195979,
            "revenue_4q": null,
            "common_shares": 776866,
            "book_valuer_per_share": 15.86,
            "book_valuer_per_share_4q_avg": 15.6,
            "equity": 1232382,
            "current_ratio": 659.23,
            "debt_ratio": 11.08,
            "inventory_turnover_ratio": 0.64,
            "account_receivable_turnover_ratio": 1.63,
            "reinvestment_rate": -27.25,
            "research_to_sale_ratio": 11.73,
            "price_fair": 56.79,
            "eps_avg_yearly": 1.62,
            "eps_latest_yearly": 0.36,
            "eps_growth_yearly": 58.14
        },
        "20164": {
            "year_quarter": 20164,
            "year": 2016,
            "quarter": 4,
            "eps": 0.36,
            "eps_growth_year": 152.98,
            "eps_4q": 1.25,
            "eps_4q_growth_year": 67.25,
            "roe": 2.27,
            "roe_4q": 7.93,
            "gross_profit": 53028,
            "gross_margin": 22,
            "gross_margin_4q_avg": 27.42,
            "net_income": 28282,
            "net_income_4q": null,
            "revenue": 241031,
            "revenue_4q": null,
            "common_shares": 776866,
            "book_valuer_per_share": 16.27,
            "book_valuer_per_share_4q_avg": 15.88,
            "equity": 1264007,
            "current_ratio": 648.83,
            "debt_ratio": 11.5,
            "inventory_turnover_ratio": 0.92,
            "account_receivable_turnover_ratio": 1.73,
            "reinvestment_rate": -25.42,
            "research_to_sale_ratio": 8.35,
            "price_fair": 56.53,
            "eps_avg_yearly": 1.62,
            "eps_latest_yearly": 1.44,
            "eps_growth_yearly": 139.39
        },
        "20171": {
            "year_quarter": 20171,
            "year": 2017,
            "quarter": 1,
            "eps": 0.22,
            "eps_growth_year": -50,
            "eps_4q": 1.03,
            "eps_4q_growth_year": 7.74,
            "roe": 1.31,
            "roe_4q": 6.4399999999999995,
            "gross_profit": 76857,
            "gross_margin": 29.25,
            "gross_margin_4q_avg": 28.28,
            "net_income": 16718,
            "net_income_4q": null,
            "revenue": 262747,
            "revenue_4q": null,
            "common_shares": 776866,
            "book_valuer_per_share": 16.54,
            "book_valuer_per_share_4q_avg": 16.1,
            "equity": 1284865,
            "current_ratio": 673.05,
            "debt_ratio": 11.19,
            "inventory_turnover_ratio": 0.9,
            "account_receivable_turnover_ratio": 1.6,
            "reinvestment_rate": -23.64,
            "research_to_sale_ratio": 8.9,
            "price_fair": 54.16,
            "eps_avg_yearly": 1.55,
            "eps_latest_yearly": 0.88,
            "eps_growth_yearly": 123.25
        },
        "20172": {
            "year_quarter": 20172,
            "year": 2017,
            "quarter": 2,
            "eps": 0.26,
            "eps_growth_year": -29.73,
            "eps_4q": 0.92,
            "eps_4q_growth_year": -25.51,
            "roe": 1.55,
            "roe_4q": 5.670000000000001,
            "gross_profit": 69999,
            "gross_margin": 30.55,
            "gross_margin_4q_avg": 27.49,
            "net_income": 19629,
            "net_income_4q": null,
            "revenue": 229139,
            "revenue_4q": null,
            "common_shares": 776571,
            "book_valuer_per_share": 16.17,
            "book_valuer_per_share_4q_avg": 16.21,
            "equity": 1255948,
            "current_ratio": 527.13,
            "debt_ratio": 14.23,
            "inventory_turnover_ratio": 0.7,
            "account_receivable_turnover_ratio": 1.57,
            "reinvestment_rate": -20.37,
            "research_to_sale_ratio": 12.89,
            "price_fair": 52.94,
            "eps_avg_yearly": 1.51,
            "eps_latest_yearly": 1.04,
            "eps_growth_yearly": 132.39
        },
        "20173": {
            "year_quarter": 20173,
            "year": 2017,
            "quarter": 3,
            "eps": 0.63,
            "eps_growth_year": 600,
            "eps_4q": 1.45,
            "eps_4q_growth_year": 41.89,
            "roe": 3.78,
            "roe_4q": 8.91,
            "gross_profit": 101802,
            "gross_margin": 36.75,
            "gross_margin_4q_avg": 29.64,
            "net_income": 48406,
            "net_income_4q": null,
            "revenue": 277004,
            "revenue_4q": null,
            "common_shares": 776296,
            "book_valuer_per_share": 16.83,
            "book_valuer_per_share_4q_avg": 16.45,
            "equity": 1307018,
            "current_ratio": 711.77,
            "debt_ratio": 10.57,
            "inventory_turnover_ratio": 0.75,
            "account_receivable_turnover_ratio": 1.84,
            "reinvestment_rate": -17.06,
            "research_to_sale_ratio": 11.69,
            "price_fair": 54.6,
            "eps_avg_yearly": 1.56,
            "eps_latest_yearly": 2.52,
            "eps_growth_yearly": 165.47
        },
        "20174": {
            "year_quarter": 20174,
            "year": 2017,
            "quarter": 4,
            "eps": 0.46,
            "eps_growth_year": 27.29,
            "eps_4q": 1.55,
            "eps_4q_growth_year": 24.15,
            "roe": 2.73,
            "roe_4q": 9.370000000000001,
            "gross_profit": 90551,
            "gross_margin": 36.74,
            "gross_margin_4q_avg": 33.32,
            "net_income": 36288,
            "net_income_4q": null,
            "revenue": 246455,
            "revenue_4q": null,
            "common_shares": 776271,
            "book_valuer_per_share": 17.3,
            "book_valuer_per_share_4q_avg": 16.71,
            "equity": 1348834,
            "current_ratio": 697.31,
            "debt_ratio": 11.1,
            "inventory_turnover_ratio": 0.64,
            "account_receivable_turnover_ratio": 1.55,
            "reinvestment_rate": -15.59,
            "research_to_sale_ratio": 10.59,
            "price_fair": 54.86,
            "eps_avg_yearly": 1.57,
            "eps_latest_yearly": 1.84,
            "eps_growth_yearly": 159.29
        },
        "20181": {
            "year_quarter": 20181,
            "year": 2018,
            "quarter": 1,
            "eps": 0.25,
            "eps_growth_year": 13.64,
            "eps_4q": 1.57,
            "eps_4q_growth_year": 52.76,
            "roe": 1.41,
            "roe_4q": 9.47,
            "gross_profit": 66568,
            "gross_margin": 34.51,
            "gross_margin_4q_avg": 34.64,
            "net_income": 19246,
            "net_income_4q": null,
            "revenue": 192875,
            "revenue_4q": null,
            "common_shares": 778481,
            "book_valuer_per_share": 17.59,
            "book_valuer_per_share_4q_avg": 16.97,
            "equity": 1376585,
            "current_ratio": 885.16,
            "debt_ratio": 8.71,
            "inventory_turnover_ratio": 0.46,
            "account_receivable_turnover_ratio": 1.4,
            "reinvestment_rate": -15.21,
            "research_to_sale_ratio": 10.43,
            "price_fair": 50.31,
            "eps_avg_yearly": 1.44,
            "eps_latest_yearly": 1,
            "eps_growth_yearly": 128.11
        },
        "20182": {
            "year_quarter": 20182,
            "year": 2018,
            "quarter": 2,
            "eps": 0.76,
            "eps_growth_year": 192.31,
            "eps_4q": 2.08,
            "eps_4q_growth_year": 127.08,
            "roe": 4.28,
            "roe_4q": 12.2,
            "gross_profit": 82119,
            "gross_margin": 37.32,
            "gross_margin_4q_avg": 36.33,
            "net_income": 58899,
            "net_income_4q": null,
            "revenue": 220053,
            "revenue_4q": null,
            "common_shares": 782179,
            "book_valuer_per_share": 17.57,
            "book_valuer_per_share_4q_avg": 17.32,
            "equity": 1374393,
            "current_ratio": 574.51,
            "debt_ratio": 13.38,
            "inventory_turnover_ratio": 0.46,
            "account_receivable_turnover_ratio": 1.67,
            "reinvestment_rate": -9.39,
            "research_to_sale_ratio": 9.93,
            "price_fair": 50.93,
            "eps_avg_yearly": 1.46,
            "eps_latest_yearly": 3.04,
            "eps_growth_yearly": 181.71
        },
        "20183": {
            "year_quarter": 20183,
            "year": 2018,
            "quarter": 3,
            "eps": 0.45,
            "eps_growth_year": -28.57,
            "eps_4q": 1.91,
            "eps_4q_growth_year": 31.11,
            "roe": 2.5,
            "roe_4q": 10.92,
            "gross_profit": 68194,
            "gross_margin": 35.46,
            "gross_margin_4q_avg": 36.01,
            "net_income": 34752,
            "net_income_4q": null,
            "revenue": 192298,
            "revenue_4q": null,
            "common_shares": 782179,
            "book_valuer_per_share": 18.02,
            "book_valuer_per_share_4q_avg": 17.62,
            "equity": 1409573,
            "current_ratio": 857.9,
            "debt_ratio": 8.95,
            "inventory_turnover_ratio": 0.42,
            "account_receivable_turnover_ratio": 1.49,
            "reinvestment_rate": -8.94,
            "research_to_sale_ratio": 10.73,
            "price_fair": 49.88,
            "eps_avg_yearly": 1.43,
            "eps_latest_yearly": 1.8,
            "eps_growth_yearly": 175.86
        },
        "20184": {
            "year_quarter": 20184,
            "year": 2018,
            "quarter": 4,
            "eps": 0.21,
            "eps_growth_year": -55.62,
            "eps_4q": 1.65,
            "eps_4q_growth_year": 6.68,
            "roe": 1.14,
            "roe_4q": 9.33,
            "gross_profit": 52271,
            "gross_margin": 28.64,
            "gross_margin_4q_avg": 33.98,
            "net_income": 16088,
            "net_income_4q": null,
            "revenue": 182525,
            "revenue_4q": null,
            "common_shares": 782179,
            "book_valuer_per_share": 18.21,
            "book_valuer_per_share_4q_avg": 17.85,
            "equity": 1424606,
            "current_ratio": 941.12,
            "debt_ratio": 8.18,
            "inventory_turnover_ratio": 0.49,
            "account_receivable_turnover_ratio": 1.51,
            "reinvestment_rate": -7.81,
            "research_to_sale_ratio": 10.15,
            "price_fair": 46.03,
            "eps_avg_yearly": 1.32,
            "eps_latest_yearly": 0.84,
            "eps_growth_yearly": 159.01
        },
        "20191": {
            "year_quarter": 20191,
            "year": 2019,
            "quarter": 1,
            "eps": 0.24,
            "eps_growth_year": -4,
            "eps_4q": 1.64,
            "eps_4q_growth_year": 4.66,
            "roe": 1.32,
            "roe_4q": 9.24,
            "gross_profit": 50188,
            "gross_margin": 23,
            "gross_margin_4q_avg": 31.11,
            "net_income": 18868,
            "net_income_4q": null,
            "revenue": 218218,
            "revenue_4q": null,
            "common_shares": 782169,
            "book_valuer_per_share": 18.46,
            "book_valuer_per_share_4q_avg": 18.07,
            "equity": 1443764,
            "current_ratio": 876.17,
            "debt_ratio": 8.86,
            "inventory_turnover_ratio": 0.77,
            "account_receivable_turnover_ratio": 1.64,
            "reinvestment_rate": -6.09,
            "research_to_sale_ratio": 10.01,
            "price_fair": 46.11,
            "eps_avg_yearly": 1.32,
            "eps_latest_yearly": 0.96,
            "eps_growth_yearly": 178.74
        },
        "20192": {
            "year_quarter": 20192,
            "year": 2019,
            "quarter": 2,
            "eps": 0.62,
            "eps_growth_year": -18.42,
            "eps_4q": 1.51,
            "eps_4q_growth_year": -27.34,
            "roe": 3.39,
            "roe_4q": 8.35,
            "gross_profit": 93457,
            "gross_margin": 41.98,
            "gross_margin_4q_avg": 32.27,
            "net_income": 48604,
            "net_income_4q": null,
            "revenue": 222617,
            "revenue_4q": null,
            "common_shares": 782169,
            "book_valuer_per_share": 18.23,
            "book_valuer_per_share_4q_avg": 18.23,
            "equity": 1425567,
            "current_ratio": 615.93,
            "debt_ratio": 12.72,
            "inventory_turnover_ratio": 0.69,
            "account_receivable_turnover_ratio": 1.57,
            "reinvestment_rate": -4.48,
            "research_to_sale_ratio": 9.8,
            "price_fair": 50.75,
            "eps_avg_yearly": 1.45,
            "eps_latest_yearly": 2.48,
            "eps_growth_yearly": 233.54
        },
        "20193": {
            "year_quarter": 20193,
            "year": 2019,
            "quarter": 3,
            "eps": 0.49,
            "eps_growth_year": 8.89,
            "eps_4q": 1.56,
            "eps_4q_growth_year": -18.2,
            "roe": 2.66,
            "roe_4q": 8.510000000000002,
            "gross_profit": 85429,
            "gross_margin": 44.55,
            "gross_margin_4q_avg": 34.54,
            "net_income": 38471,
            "net_income_4q": null,
            "revenue": 191748,
            "revenue_4q": null,
            "common_shares": 782169,
            "book_valuer_per_share": 18.71,
            "book_valuer_per_share_4q_avg": 18.4,
            "equity": 1463448,
            "current_ratio": 972.05,
            "debt_ratio": 8.04,
            "inventory_turnover_ratio": 0.61,
            "account_receivable_turnover_ratio": 1.38,
            "reinvestment_rate": -4.58,
            "research_to_sale_ratio": 11.45,
            "price_fair": 52.41,
            "eps_avg_yearly": 1.5,
            "eps_latest_yearly": 1.96,
            "eps_growth_yearly": 169.97
        },
        "20194": {
            "year_quarter": 20194,
            "year": 2019,
            "quarter": 4,
            "eps": 0.3,
            "eps_growth_year": 47.93,
            "eps_4q": 1.66,
            "eps_4q_growth_year": 0.59,
            "roe": 1.61,
            "roe_4q": 8.98,
            "gross_profit": 72381,
            "gross_margin": 39.04,
            "gross_margin_4q_avg": 37.14,
            "net_income": 23799,
            "net_income_4q": null,
            "revenue": 185407,
            "revenue_4q": null,
            "common_shares": 782169,
            "book_valuer_per_share": 19,
            "book_valuer_per_share_4q_avg": 18.6,
            "equity": 1485740,
            "current_ratio": 886.9,
            "debt_ratio": 8.73,
            "inventory_turnover_ratio": 0.69,
            "account_receivable_turnover_ratio": 1.42,
            "reinvestment_rate": -1.76,
            "research_to_sale_ratio": 9.76,
            "price_fair": 53.81,
            "eps_avg_yearly": 1.54,
            "eps_latest_yearly": 1.2,
            "eps_growth_yearly": 173.6
        },
        "20201": {
            "year_quarter": 20201,
            "year": 2020,
            "quarter": 1,
            "eps": 0.52,
            "eps_growth_year": 116.67,
            "eps_4q": 1.94,
            "eps_4q_growth_year": 18.05,
            "roe": 2.72,
            "roe_4q": 10.38,
            "gross_profit": 79032,
            "gross_margin": 42.33,
            "gross_margin_4q_avg": 41.98,
            "net_income": 40944,
            "net_income_4q": null,
            "revenue": 186719,
            "revenue_4q": null,
            "common_shares": 782169,
            "book_valuer_per_share": 19.51,
            "book_valuer_per_share_4q_avg": 18.86,
            "equity": 1526025,
            "current_ratio": 924.1,
            "debt_ratio": 8.46,
            "inventory_turnover_ratio": 0.65,
            "account_receivable_turnover_ratio": 1.48,
            "reinvestment_rate": -3.56,
            "research_to_sale_ratio": 11.89,
            "price_fair": 54.51,
            "eps_avg_yearly": 1.56,
            "eps_latest_yearly": 2.08,
            "eps_growth_yearly": 138.37
        },
        "20202": {
            "year_quarter": 20202,
            "year": 2020,
            "quarter": 2,
            "eps": 0.43,
            "eps_growth_year": -30.65,
            "eps_4q": 1.75,
            "eps_4q_growth_year": 15.72,
            "roe": 2.24,
            "roe_4q": 9.23,
            "gross_profit": 89731,
            "gross_margin": 43.99,
            "gross_margin_4q_avg": 42.48,
            "net_income": 33696,
            "net_income_4q": null,
            "revenue": 204000,
            "revenue_4q": null,
            "common_shares": 782169,
            "book_valuer_per_share": 18.97,
            "book_valuer_per_share_4q_avg": 19.05,
            "equity": 1483801,
            "current_ratio": 561.91,
            "debt_ratio": 13.92,
            "inventory_turnover_ratio": 0.62,
            "account_receivable_turnover_ratio": 1.47,
            "reinvestment_rate": -2.52,
            "research_to_sale_ratio": 10.5,
            "price_fair": 55.04,
            "eps_avg_yearly": 1.57,
            "eps_latest_yearly": 1.72,
            "eps_growth_yearly": 138.02
        },
        "20203": {
            "year_quarter": 20203,
            "year": 2020,
            "quarter": 3,
            "eps": 0.36,
            "eps_growth_year": -26.53,
            "eps_4q": 1.62,
            "eps_4q_growth_year": 3.76,
            "roe": 1.88,
            "roe_4q": 8.45,
            "gross_profit": 79279,
            "gross_margin": 42.22,
            "gross_margin_4q_avg": 41.9,
            "net_income": 28182,
            "net_income_4q": null,
            "revenue": 187790,
            "revenue_4q": null,
            "common_shares": 782169,
            "book_valuer_per_share": 19.35,
            "book_valuer_per_share_4q_avg": 19.21,
            "equity": 1513583,
            "current_ratio": 871.44,
            "debt_ratio": 8.9,
            "inventory_turnover_ratio": 0.52,
            "account_receivable_turnover_ratio": 1.38,
            "reinvestment_rate": -4.95,
            "research_to_sale_ratio": 11.79,
            "price_fair": 57.4,
            "eps_avg_yearly": 1.64,
            "eps_latest_yearly": 1.44,
            "eps_growth_yearly": 152.87
        },
        "20204": {
            "year_quarter": 20204,
            "year": 2020,
            "quarter": 4,
            "eps": 0.24,
            "eps_growth_year": -22.04,
            "eps_4q": 1.55,
            "eps_4q_growth_year": -6.45,
            "roe": 1.22,
            "roe_4q": 8.06,
            "gross_profit": 57050,
            "gross_margin": 35.16,
            "gross_margin_4q_avg": 40.93,
            "net_income": 18553,
            "net_income_4q": null,
            "revenue": 162281,
            "revenue_4q": null,
            "common_shares": 782169,
            "book_valuer_per_share": 19.54,
            "book_valuer_per_share_4q_avg": 19.34,
            "equity": 1528318,
            "current_ratio": 986.41,
            "debt_ratio": 7.88,
            "inventory_turnover_ratio": 0.5,
            "account_receivable_turnover_ratio": 1.36,
            "reinvestment_rate": -5.58,
            "research_to_sale_ratio": 12.36,
            "price_fair": 56.35,
            "eps_avg_yearly": 1.61,
            "eps_latest_yearly": 0.96,
            "eps_growth_yearly": 69.53
        },
        "20211": {
            "year_quarter": 20211,
            "year": 2021,
            "quarter": 1,
            "eps": 0.1,
            "eps_growth_year": -80.77,
            "eps_4q": 1.13,
            "eps_4q_growth_year": -41.81,
            "roe": 0.52,
            "roe_4q": 5.86,
            "gross_profit": 39666,
            "gross_margin": 26.17,
            "gross_margin_4q_avg": 36.89,
            "net_income": 7909,
            "net_income_4q": null,
            "revenue": 151563,
            "revenue_4q": null,
            "common_shares": 782169,
            "book_valuer_per_share": 19.62,
            "book_valuer_per_share_4q_avg": 19.37,
            "equity": 1534427,
            "current_ratio": 1024.17,
            "debt_ratio": 7.64,
            "inventory_turnover_ratio": 0.61,
            "account_receivable_turnover_ratio": 1.33,
            "reinvestment_rate": -5.77,
            "research_to_sale_ratio": 13.99,
            "price_fair": 55.3,
            "eps_avg_yearly": 1.58,
            "eps_latest_yearly": 0.4,
            "eps_growth_yearly": 64.67
        },
        "20212": {
            "year_quarter": 20212,
            "year": 2021,
            "quarter": 2,
            "eps": 0.41,
            "eps_growth_year": -4.65,
            "eps_4q": 1.11,
            "eps_4q_growth_year": -36.79,
            "roe": 2.06,
            "roe_4q": 5.68,
            "gross_profit": 87226,
            "gross_margin": 43.29,
            "gross_margin_4q_avg": 36.71,
            "net_income": 31894,
            "net_income_4q": null,
            "revenue": 201471,
            "revenue_4q": null,
            "common_shares": 782169,
            "book_valuer_per_share": 19.99,
            "book_valuer_per_share_4q_avg": 19.63,
            "equity": 1563644,
            "current_ratio": 904.99,
            "debt_ratio": 8.81,
            "inventory_turnover_ratio": 0.67,
            "account_receivable_turnover_ratio": 1.57,
            "reinvestment_rate": -6.84,
            "research_to_sale_ratio": 10.49,
            "price_fair": 56.61,
            "eps_avg_yearly": 1.62,
            "eps_latest_yearly": 1.64,
            "eps_growth_yearly": 137.63
        },
        "20213": {
            "year_quarter": 20213,
            "year": 2021,
            "quarter": 3,
            "eps": 0.61,
            "eps_growth_year": 69.44,
            "eps_4q": 1.35,
            "eps_4q_growth_year": -16.3,
            "roe": 3.09,
            "roe_4q": 6.89,
            "gross_profit": 96525,
            "gross_margin": 44.27,
            "gross_margin_4q_avg": 37.22,
            "net_income": 47623,
            "net_income_4q": null,
            "revenue": 218014,
            "revenue_4q": null,
            "common_shares": 782169,
            "book_valuer_per_share": 19.47,
            "book_valuer_per_share_4q_avg": 19.66,
            "equity": 1522614,
            "current_ratio": 569.03,
            "debt_ratio": 14.01,
            "inventory_turnover_ratio": 0.67,
            "account_receivable_turnover_ratio": 1.45,
            "reinvestment_rate": -5.04,
            "research_to_sale_ratio": 11.07,
            "price_fair": 56.44,
            "eps_avg_yearly": 1.61,
            "eps_latest_yearly": 2.44,
            "eps_growth_yearly": 114.24
        },
        "20214": {
            "year_quarter": 20214,
            "year": 2021,
            "quarter": 4,
            "eps": 0.74,
            "eps_growth_year": 211.51,
            "eps_4q": 1.86,
            "eps_4q_growth_year": 19.65,
            "roe": 3.73,
            "roe_4q": 9.4,
            "gross_profit": 96877,
            "gross_margin": 46.6,
            "gross_margin_4q_avg": 40.08,
            "net_income": 57794,
            "net_income_4q": null,
            "revenue": 207897,
            "revenue_4q": null,
            "common_shares": 782169,
            "book_valuer_per_share": 20.19,
            "book_valuer_per_share_4q_avg": 19.82,
            "equity": 1579016,
            "current_ratio": 716.38,
            "debt_ratio": 11.19,
            "inventory_turnover_ratio": 0.52,
            "account_receivable_turnover_ratio": 1.38,
            "reinvestment_rate": -4.29,
            "research_to_sale_ratio": 10.91,
            "price_fair": 58.89,
            "eps_avg_yearly": 1.68,
            "eps_latest_yearly": 2.96,
            "eps_growth_yearly": 126.32
        },
        "20221": {
            "year_quarter": 20221,
            "year": 2022,
            "quarter": 1,
            "eps": 0.95,
            "eps_growth_year": 850,
            "eps_4q": 2.71,
            "eps_4q_growth_year": 139.58,
            "roe": 4.6,
            "roe_4q": 13.48,
            "gross_profit": 109313,
            "gross_margin": 43.54,
            "gross_margin_4q_avg": 44.43,
            "net_income": 74337,
            "net_income_4q": null,
            "revenue": 251077,
            "revenue_4q": null,
            "common_shares": 782169,
            "book_valuer_per_share": 21.14,
            "book_valuer_per_share_4q_avg": 20.2,
            "equity": 1653474,
            "current_ratio": 775.79,
            "debt_ratio": 10.45,
            "inventory_turnover_ratio": 0.58,
            "account_receivable_turnover_ratio": 1.45,
            "reinvestment_rate": -3.75,
            "research_to_sale_ratio": 9.43,
            "price_fair": 65.01,
            "eps_avg_yearly": 1.86,
            "eps_latest_yearly": 3.8,
            "eps_growth_yearly": 144.83
        },
        "20222": {
            "year_quarter": 20222,
            "year": 2022,
            "quarter": 2,
            "eps": 0.88,
            "eps_growth_year": 114.63,
            "eps_4q": 3.18,
            "eps_4q_growth_year": 186.97,
            "roe": 4.24,
            "roe_4q": 15.66,
            "gross_profit": 108290,
            "gross_margin": 48.14,
            "gross_margin_4q_avg": 45.64,
            "net_income": 68585,
            "net_income_4q": null,
            "revenue": 224933,
            "revenue_4q": null,
            "common_shares": 782169,
            "book_valuer_per_share": 20.19,
            "book_valuer_per_share_4q_avg": 20.25,
            "equity": 1578970,
            "current_ratio": 471.01,
            "debt_ratio": 17.39,
            "inventory_turnover_ratio": 0.45,
            "account_receivable_turnover_ratio": 1.16,
            "reinvestment_rate": -6.79,
            "research_to_sale_ratio": 11.06,
            "price_fair": 66.06,
            "eps_avg_yearly": 1.89,
            "eps_latest_yearly": 3.52,
            "eps_growth_yearly": 91.98
        },
        "20223": {
            "year_quarter": 20223,
            "year": 2022,
            "quarter": 3,
            "eps": 0.91,
            "eps_growth_year": 49.18,
            "eps_4q": 3.47,
            "eps_4q_growth_year": 156.36,
            "roe": 4.4,
            "roe_4q": 16.97,
            "gross_profit": 93403,
            "gross_margin": 42.3,
            "gross_margin_4q_avg": 45.15,
            "net_income": 70974,
            "net_income_4q": null,
            "revenue": 220805,
            "revenue_4q": null,
            "common_shares": 782169,
            "book_valuer_per_share": 21.07,
            "book_valuer_per_share_4q_avg": 20.65,
            "equity": 1648193,
            "current_ratio": 776.42,
            "debt_ratio": 10.48,
            "inventory_turnover_ratio": 0.5,
            "account_receivable_turnover_ratio": 1.24,
            "reinvestment_rate": -6.74,
            "research_to_sale_ratio": 11.15,
            "price_fair": 70.09,
            "eps_avg_yearly": 2,
            "eps_latest_yearly": 3.64,
            "eps_growth_yearly": 103.03
        },
        "20224": {
            "year_quarter": 20224,
            "year": 2022,
            "quarter": 4,
            "eps": 0.6,
            "eps_growth_year": -18.66,
            "eps_4q": 3.34,
            "eps_4q_growth_year": 79.66,
            "roe": 2.81,
            "roe_4q": 16.05,
            "gross_profit": 85243,
            "gross_margin": 45.35,
            "gross_margin_4q_avg": 44.83,
            "net_income": 47012,
            "net_income_4q": null,
            "revenue": 187973,
            "revenue_4q": null,
            "common_shares": 782169,
            "book_valuer_per_share": 21.72,
            "book_valuer_per_share_4q_avg": 21.03,
            "equity": 1698580,
            "current_ratio": 840.56,
            "debt_ratio": 9.83,
            "inventory_turnover_ratio": 0.42,
            "account_receivable_turnover_ratio": 1.24,
            "reinvestment_rate": -6.76,
            "research_to_sale_ratio": 11.04,
            "price_fair": 73.5,
            "eps_avg_yearly": 2.1,
            "eps_latest_yearly": 2.4,
            "eps_growth_yearly": 107.85
        },
        "20231": {
            "year_quarter": 20231,
            "year": 2023,
            "quarter": 1,
            "eps": 0.43,
            "eps_growth_year": -54.74,
            "eps_4q": 2.81,
            "eps_4q_growth_year": 3.95,
            "roe": 1.95,
            "roe_4q": 13.4,
            "gross_profit": 78724,
            "gross_margin": 44.04,
            "gross_margin_4q_avg": 44.96,
            "net_income": 33429,
            "net_income_4q": null,
            "revenue": 178747,
            "revenue_4q": null,
            "common_shares": 782169,
            "book_valuer_per_share": 22.15,
            "book_valuer_per_share_4q_avg": 21.28,
            "equity": 1732428,
            "current_ratio": 920.36,
            "debt_ratio": 9.01,
            "inventory_turnover_ratio": 0.41,
            "account_receivable_turnover_ratio": 1.38,
            "reinvestment_rate": -6.65,
            "research_to_sale_ratio": 13.74,
            "price_fair": 75.16,
            "eps_avg_yearly": 2.15,
            "eps_latest_yearly": 1.72,
            "eps_growth_yearly": 97.2
        },
        "20232": {
            "year_quarter": 20232,
            "year": 2023,
            "quarter": 2,
            "eps": 0.67,
            "eps_growth_year": -23.86,
            "eps_4q": 2.61,
            "eps_4q_growth_year": -17.84,
            "roe": 3.21,
            "roe_4q": 12.370000000000001,
            "gross_profit": 89986,
            "gross_margin": 43.87,
            "gross_margin_4q_avg": 43.89,
            "net_income": 52630,
            "net_income_4q": null,
            "revenue": 205134,
            "revenue_4q": null,
            "common_shares": 782169,
            "book_valuer_per_share": 19.81,
            "book_valuer_per_share_4q_avg": 21.19,
            "equity": 1549420,
            "current_ratio": 406.72,
            "debt_ratio": 20.38,
            "inventory_turnover_ratio": 0.49,
            "account_receivable_turnover_ratio": 1.38,
            "reinvestment_rate": -6.3,
            "research_to_sale_ratio": 14.58,
            "price_fair": 75.6,
            "eps_avg_yearly": 2.16,
            "eps_latest_yearly": 2.68,
            "eps_growth_yearly": 71.57
        },
        "20233": {
            "year_quarter": 20233,
            "year": 2023,
            "quarter": 3,
            "eps": 0.81,
            "eps_growth_year": -10.99,
            "eps_4q": 2.51,
            "eps_4q_growth_year": -27.66,
            "roe": 4.01,
            "roe_4q": 11.98,
            "gross_profit": 103159,
            "gross_margin": 41.64,
            "gross_margin_4q_avg": 43.73,
            "net_income": 63480,
            "net_income_4q": null,
            "revenue": 247711,
            "revenue_4q": null,
            "common_shares": 782169,
            "book_valuer_per_share": 20.62,
            "book_valuer_per_share_4q_avg": 21.08,
            "equity": 1613173,
            "current_ratio": 706.66,
            "debt_ratio": 11.54,
            "inventory_turnover_ratio": 0.63,
            "account_receivable_turnover_ratio": 1.27,
            "reinvestment_rate": -3.73,
            "research_to_sale_ratio": 13.49,
            "price_fair": 78.4,
            "eps_avg_yearly": 2.24,
            "eps_latest_yearly": 3.24,
            "eps_growth_yearly": 82.03
        }
    },
    "months": {
        "2002-02": {
            "month": "2002-02",
            "price": "40.60",
            "revenue": 18538
        },
        "2002-03": {
            "month": "2002-03",
            "price": "52.57",
            "revenue": 11691
        },
        "2002-04": {
            "month": "2002-04",
            "price": "40.98",
            "revenue": 11590
        },
        "2002-05": {
            "month": "2002-05",
            "price": "32.45",
            "revenue": 15932
        },
        "2002-06": {
            "month": "2002-06",
            "price": "30.24",
            "revenue": 17812
        },
        "2002-07": {
            "month": "2002-07",
            "price": "22.25",
            "revenue": 9401
        },
        "2002-08": {
            "month": "2002-08",
            "price": "18.53",
            "revenue": 8507
        },
        "2002-09": {
            "month": "2002-09",
            "price": "13.24",
            "revenue": 8760
        },
        "2002-10": {
            "month": "2002-10",
            "price": "11.64",
            "revenue": 9507
        },
        "2002-11": {
            "month": "2002-11",
            "price": "11.53",
            "revenue": 7245
        },
        "2002-12": {
            "month": "2002-12",
            "price": "12.42",
            "revenue": 11695
        },
        "2003-01": {
            "month": "2003-01",
            "price": "15.11",
            "revenue": 12170
        },
        "2003-02": {
            "month": "2003-02",
            "price": "14.29",
            "revenue": 9199
        },
        "2003-03": {
            "month": "2003-03",
            "price": "13.04",
            "revenue": 9050
        },
        "2003-04": {
            "month": "2003-04",
            "price": "11.55",
            "revenue": 8297
        },
        "2003-05": {
            "month": "2003-05",
            "price": "9.21",
            "revenue": 9107
        },
        "2003-06": {
            "month": "2003-06",
            "price": "12.06",
            "revenue": 16595
        },
        "2003-07": {
            "month": "2003-07",
            "price": "11.99",
            "revenue": 30481
        },
        "2003-08": {
            "month": "2003-08",
            "price": "10.50",
            "revenue": 29748
        },
        "2003-09": {
            "month": "2003-09",
            "price": "9.15",
            "revenue": 22551
        },
        "2003-10": {
            "month": "2003-10",
            "price": "7.63",
            "revenue": 30728
        },
        "2003-11": {
            "month": "2003-11",
            "price": "8.16",
            "revenue": 25960
        },
        "2003-12": {
            "month": "2003-12",
            "price": "8.89",
            "revenue": 20127
        },
        "2004-01": {
            "month": "2004-01",
            "price": "8.26",
            "revenue": 16950
        },
        "2004-02": {
            "month": "2004-02",
            "price": "9.44",
            "revenue": 27497
        },
        "2004-03": {
            "month": "2004-03",
            "price": "14.17",
            "revenue": 39139
        },
        "2004-04": {
            "month": "2004-04",
            "price": "15.70",
            "revenue": 52692
        },
        "2004-05": {
            "month": "2004-05",
            "price": "14.44",
            "revenue": 56055
        },
        "2004-06": {
            "month": "2004-06",
            "price": "14.22",
            "revenue": 38053
        },
        "2004-07": {
            "month": "2004-07",
            "price": "11.56",
            "revenue": 55748
        },
        "2004-08": {
            "month": "2004-08",
            "price": "8.97",
            "revenue": 62604
        },
        "2004-09": {
            "month": "2004-09",
            "price": "8.97",
            "revenue": 75852
        },
        "2004-10": {
            "month": "2004-10",
            "price": "10.20",
            "revenue": 59245
        },
        "2004-11": {
            "month": "2004-11",
            "price": "9.20",
            "revenue": 61653
        },
        "2004-12": {
            "month": "2004-12",
            "price": "8.55",
            "revenue": 69310
        },
        "2005-01": {
            "month": "2005-01",
            "price": "9.11",
            "revenue": 68009
        },
        "2005-02": {
            "month": "2005-02",
            "price": "11.55",
            "revenue": 38517
        },
        "2005-03": {
            "month": "2005-03",
            "price": "13.25",
            "revenue": 48753
        },
        "2005-04": {
            "month": "2005-04",
            "price": "12.01",
            "revenue": 52397
        },
        "2005-05": {
            "month": "2005-05",
            "price": "11.01",
            "revenue": 59509
        },
        "2005-06": {
            "month": "2005-06",
            "price": "11.79",
            "revenue": 57649
        },
        "2005-07": {
            "month": "2005-07",
            "price": "12.93",
            "revenue": 64482
        },
        "2005-08": {
            "month": "2005-08",
            "price": "12.97",
            "revenue": 81244
        },
        "2005-09": {
            "month": "2005-09",
            "price": "12.10",
            "revenue": 78875
        },
        "2005-10": {
            "month": "2005-10",
            "price": "12.33",
            "revenue": 62929
        },
        "2005-11": {
            "month": "2005-11",
            "price": "15.87",
            "revenue": 98351
        },
        "2005-12": {
            "month": "2005-12",
            "price": "20.12",
            "revenue": 56278
        },
        "2006-01": {
            "month": "2006-01",
            "price": "25.09",
            "revenue": 65871
        },
        "2006-02": {
            "month": "2006-02",
            "price": "24.53",
            "revenue": 58817
        },
        "2006-03": {
            "month": "2006-03",
            "price": "36.35",
            "revenue": 68070
        },
        "2006-04": {
            "month": "2006-04",
            "price": "44.13",
            "revenue": 57609
        },
        "2006-05": {
            "month": "2006-05",
            "price": "60.81",
            "revenue": 91405
        },
        "2006-06": {
            "month": "2006-06",
            "price": "58.81",
            "revenue": 88971
        },
        "2006-07": {
            "month": "2006-07",
            "price": "58.62",
            "revenue": 67778
        },
        "2006-08": {
            "month": "2006-08",
            "price": "56.40",
            "revenue": 87004
        },
        "2006-09": {
            "month": "2006-09",
            "price": "67.86",
            "revenue": 98833
        },
        "2006-10": {
            "month": "2006-10",
            "price": "63.30",
            "revenue": 100330
        },
        "2006-11": {
            "month": "2006-11",
            "price": "65.64",
            "revenue": 97749
        },
        "2006-12": {
            "month": "2006-12",
            "price": "71.17",
            "revenue": 62940
        },
        "2007-01": {
            "month": "2007-01",
            "price": "72.65",
            "revenue": 136347
        },
        "2007-02": {
            "month": "2007-02",
            "price": "90.15",
            "revenue": 73005
        },
        "2007-03": {
            "month": "2007-03",
            "price": "118.78",
            "revenue": 103574
        },
        "2007-04": {
            "month": "2007-04",
            "price": "110.60",
            "revenue": 83169
        },
        "2007-05": {
            "month": "2007-05",
            "price": "110.77",
            "revenue": 104076
        },
        "2007-06": {
            "month": "2007-06",
            "price": "114.78",
            "revenue": 69456
        },
        "2007-07": {
            "month": "2007-07",
            "price": "109.09",
            "revenue": 95292
        },
        "2007-08": {
            "month": "2007-08",
            "price": "82.62",
            "revenue": 93060
        },
        "2007-09": {
            "month": "2007-09",
            "price": "68.97",
            "revenue": 69042
        },
        "2007-10": {
            "month": "2007-10",
            "price": "61.00",
            "revenue": 84311
        },
        "2007-11": {
            "month": "2007-11",
            "price": "51.51",
            "revenue": 91863
        },
        "2007-12": {
            "month": "2007-12",
            "price": "48.44",
            "revenue": 68328
        },
        "2008-01": {
            "month": "2008-01",
            "price": "39.18",
            "revenue": 90343
        },
        "2008-02": {
            "month": "2008-02",
            "price": "36.50",
            "revenue": 84626
        },
        "2008-03": {
            "month": "2008-03",
            "price": "38.79",
            "revenue": 106090
        },
        "2008-04": {
            "month": "2008-04",
            "price": "50.62",
            "revenue": 83689
        },
        "2008-05": {
            "month": "2008-05",
            "price": "51.01",
            "revenue": 77753
        },
        "2008-06": {
            "month": "2008-06",
            "price": "44.00",
            "revenue": 77024
        },
        "2008-07": {
            "month": "2008-07",
            "price": "36.29",
            "revenue": 106880
        },
        "2008-08": {
            "month": "2008-08",
            "price": "34.65",
            "revenue": 106195
        },
        "2008-09": {
            "month": "2008-09",
            "price": "26.63",
            "revenue": 120458
        },
        "2008-10": {
            "month": "2008-10",
            "price": "21.75",
            "revenue": 94631
        },
        "2008-11": {
            "month": "2008-11",
            "price": "18.66",
            "revenue": 73182
        },
        "2008-12": {
            "month": "2008-12",
            "price": "18.37",
            "revenue": 70981
        },
        "2009-01": {
            "month": "2009-01",
            "price": "19.93",
            "revenue": 66767
        },
        "2009-02": {
            "month": "2009-02",
            "price": "20.16",
            "revenue": 87003
        },
        "2009-03": {
            "month": "2009-03",
            "price": "26.45",
            "revenue": 80206
        },
        "2009-04": {
            "month": "2009-04",
            "price": "29.55",
            "revenue": 84965
        },
        "2009-05": {
            "month": "2009-05",
            "price": "32.13",
            "revenue": 95840
        },
        "2009-06": {
            "month": "2009-06",
            "price": "30.34",
            "revenue": 118219
        },
        "2009-07": {
            "month": "2009-07",
            "price": "34.28",
            "revenue": 123297
        },
        "2009-08": {
            "month": "2009-08",
            "price": "32.26",
            "revenue": 115392
        },
        "2009-09": {
            "month": "2009-09",
            "price": "33.39",
            "revenue": 107056
        },
        "2009-10": {
            "month": "2009-10",
            "price": "40.37",
            "revenue": 125637
        },
        "2009-11": {
            "month": "2009-11",
            "price": "42.17",
            "revenue": 132409
        },
        "2009-12": {
            "month": "2009-12",
            "price": "54.79",
            "revenue": 120948
        },
        "2010-01": {
            "month": "2010-01",
            "price": "56.44",
            "revenue": 115193
        },
        "2010-02": {
            "month": "2010-02",
            "price": "52.23",
            "revenue": 104950
        },
        "2010-03": {
            "month": "2010-03",
            "price": "58.96",
            "revenue": 155404
        },
        "2010-04": {
            "month": "2010-04",
            "price": "59.35",
            "revenue": 143402
        },
        "2010-05": {
            "month": "2010-05",
            "price": "50.67",
            "revenue": 126879
        },
        "2010-06": {
            "month": "2010-06",
            "price": "48.18",
            "revenue": 131891
        },
        "2010-07": {
            "month": "2010-07",
            "price": "47.65",
            "revenue": 161832
        },
        "2010-08": {
            "month": "2010-08",
            "price": "48.42",
            "revenue": 162407
        },
        "2010-09": {
            "month": "2010-09",
            "price": "43.87",
            "revenue": 129413
        },
        "2010-10": {
            "month": "2010-10",
            "price": "40.15",
            "revenue": 130433
        },
        "2010-11": {
            "month": "2010-11",
            "price": "35.15",
            "revenue": 121849
        },
        "2010-12": {
            "month": "2010-12",
            "price": "38.38",
            "revenue": 87928
        },
        "2011-01": {
            "month": "2011-01",
            "price": "35.79",
            "revenue": 127698
        },
        "2011-02": {
            "month": "2011-02",
            "price": "42.62",
            "revenue": 87679
        },
        "2011-03": {
            "month": "2011-03",
            "price": "43.66",
            "revenue": 152760
        },
        "2011-04": {
            "month": "2011-04",
            "price": "45.90",
            "revenue": 105285
        },
        "2011-05": {
            "month": "2011-05",
            "price": "40.99",
            "revenue": 132771
        },
        "2011-06": {
            "month": "2011-06",
            "price": "40.73",
            "revenue": 146967
        },
        "2011-07": {
            "month": "2011-07",
            "price": "37.83",
            "revenue": 142101
        },
        "2011-08": {
            "month": "2011-08",
            "price": "29.03",
            "revenue": 113567
        },
        "2011-09": {
            "month": "2011-09",
            "price": "24.26",
            "revenue": 117498
        },
        "2011-10": {
            "month": "2011-10",
            "price": "22.20",
            "revenue": 99791
        },
        "2011-11": {
            "month": "2011-11",
            "price": "25.19",
            "revenue": 107672
        },
        "2011-12": {
            "month": "2011-12",
            "price": "23.33",
            "revenue": 112889
        },
        "2012-01": {
            "month": "2012-01",
            "price": "26.13",
            "revenue": 104896
        },
        "2012-02": {
            "month": "2012-02",
            "price": "30.38",
            "revenue": 107948
        },
        "2012-03": {
            "month": "2012-03",
            "price": "30.10",
            "revenue": 135392
        },
        "2012-04": {
            "month": "2012-04",
            "price": "27.47",
            "revenue": 125982
        },
        "2012-05": {
            "month": "2012-05",
            "price": "26.83",
            "revenue": 146951
        },
        "2012-06": {
            "month": "2012-06",
            "price": "26.47",
            "revenue": 113123
        },
        "2012-07": {
            "month": "2012-07",
            "price": "26.63",
            "revenue": 132114
        },
        "2012-08": {
            "month": "2012-08",
            "price": "26.87",
            "revenue": 108835
        },
        "2012-09": {
            "month": "2012-09",
            "price": "28.20",
            "revenue": 87940
        },
        "2012-10": {
            "month": "2012-10",
            "price": "25.38",
            "revenue": 80372
        },
        "2012-11": {
            "month": "2012-11",
            "price": "23.43",
            "revenue": 122177
        },
        "2012-12": {
            "month": "2012-12",
            "price": "25.95",
            "revenue": 92287
        },
        "2013-01": {
            "month": "2013-01",
            "price": "26.82",
            "revenue": 134547
        },
        "2013-02": {
            "month": "2013-02",
            "price": "26.71",
            "revenue": 72420
        },
        "2013-03": {
            "month": "2013-03",
            "price": "26.30",
            "revenue": 118511
        },
        "2013-04": {
            "month": "2013-04",
            "price": "26.08",
            "revenue": 104177
        },
        "2013-05": {
            "month": "2013-05",
            "price": "26.63",
            "revenue": 107345
        },
        "2013-06": {
            "month": "2013-06",
            "price": "24.98",
            "revenue": 102937
        },
        "2013-07": {
            "month": "2013-07",
            "price": "25.33",
            "revenue": 105672
        },
        "2013-08": {
            "month": "2013-08",
            "price": "23.63",
            "revenue": 113020
        },
        "2013-09": {
            "month": "2013-09",
            "price": "23.01",
            "revenue": 103759
        },
        "2013-10": {
            "month": "2013-10",
            "price": "23.95",
            "revenue": 119042
        },
        "2013-11": {
            "month": "2013-11",
            "price": "23.48",
            "revenue": 107573
        },
        "2013-12": {
            "month": "2013-12",
            "price": "25.88",
            "revenue": 100346
        },
        "2014-01": {
            "month": "2014-01",
            "price": "27.35",
            "revenue": 133531
        },
        "2014-02": {
            "month": "2014-02",
            "price": "28.02",
            "revenue": 119318
        },
        "2014-03": {
            "month": "2014-03",
            "price": "34.75",
            "revenue": 106988
        },
        "2014-04": {
            "month": "2014-04",
            "price": "33.82",
            "revenue": 118469
        },
        "2014-05": {
            "month": "2014-05",
            "price": "33.17",
            "revenue": 116738
        },
        "2014-06": {
            "month": "2014-06",
            "price": "34.34",
            "revenue": 105897
        },
        "2014-07": {
            "month": "2014-07",
            "price": "33.78",
            "revenue": 108656
        },
        "2014-08": {
            "month": "2014-08",
            "price": "32.14",
            "revenue": 100125
        },
        "2014-09": {
            "month": "2014-09",
            "price": "30.86",
            "revenue": 100654
        },
        "2014-10": {
            "month": "2014-10",
            "price": "28.21",
            "revenue": 114448
        },
        "2014-11": {
            "month": "2014-11",
            "price": "27.46",
            "revenue": 91791
        },
        "2014-12": {
            "month": "2014-12",
            "price": "28.49",
            "revenue": 93688
        },
        "2015-01": {
            "month": "2015-01",
            "price": "28.77",
            "revenue": 91013
        },
        "2015-02": {
            "month": "2015-02",
            "price": "28.88",
            "revenue": 78606
        },
        "2015-03": {
            "month": "2015-03",
            "price": "29.61",
            "revenue": 90745
        },
        "2015-04": {
            "month": "2015-04",
            "price": "28.79",
            "revenue": 74611
        },
        "2015-05": {
            "month": "2015-05",
            "price": "25.67",
            "revenue": 83064
        },
        "2015-06": {
            "month": "2015-06",
            "price": "23.39",
            "revenue": 62876
        },
        "2015-07": {
            "month": "2015-07",
            "price": "21.37",
            "revenue": 81810
        },
        "2015-08": {
            "month": "2015-08",
            "price": "17.61",
            "revenue": 88311
        },
        "2015-09": {
            "month": "2015-09",
            "price": "17.29",
            "revenue": 89983
        },
        "2015-10": {
            "month": "2015-10",
            "price": "19.04",
            "revenue": 103517
        },
        "2015-11": {
            "month": "2015-11",
            "price": "20.08",
            "revenue": 102634
        },
        "2015-12": {
            "month": "2015-12",
            "price": "18.54",
            "revenue": 94937
        },
        "2016-01": {
            "month": "2016-01",
            "price": "17.16",
            "revenue": 122434
        },
        "2016-02": {
            "month": "2016-02",
            "price": "18.66",
            "revenue": 100636
        },
        "2016-03": {
            "month": "2016-03",
            "price": "21.07",
            "revenue": 104375
        },
        "2016-04": {
            "month": "2016-04",
            "price": "19.29",
            "revenue": 72074
        },
        "2016-05": {
            "month": "2016-05",
            "price": "16.86",
            "revenue": 82182
        },
        "2016-06": {
            "month": "2016-06",
            "price": "17.36",
            "revenue": 68857
        },
        "2016-07": {
            "month": "2016-07",
            "price": "18.47",
            "revenue": 61807
        },
        "2016-08": {
            "month": "2016-08",
            "price": "17.67",
            "revenue": 68217
        },
        "2016-09": {
            "month": "2016-09",
            "price": "17.47",
            "revenue": 65955
        },
        "2016-10": {
            "month": "2016-10",
            "price": "16.74",
            "revenue": 65844
        },
        "2016-11": {
            "month": "2016-11",
            "price": "16.18",
            "revenue": 89391
        },
        "2016-12": {
            "month": "2016-12",
            "price": "16.78",
            "revenue": 85796
        },
        "2017-01": {
            "month": "2017-01",
            "price": "17.20",
            "revenue": 94401
        },
        "2017-02": {
            "month": "2017-02",
            "price": "18.53",
            "revenue": 75633
        },
        "2017-03": {
            "month": "2017-03",
            "price": "18.10",
            "revenue": 92712
        },
        "2017-04": {
            "month": "2017-04",
            "price": "17.36",
            "revenue": 68721
        },
        "2017-05": {
            "month": "2017-05",
            "price": "16.75",
            "revenue": 76413
        },
        "2017-06": {
            "month": "2017-06",
            "price": "17.77",
            "revenue": 84006
        },
        "2017-07": {
            "month": "2017-07",
            "price": "18.71",
            "revenue": 81933
        },
        "2017-08": {
            "month": "2017-08",
            "price": "18.02",
            "revenue": 88575
        },
        "2017-09": {
            "month": "2017-09",
            "price": "19.06",
            "revenue": 106496
        },
        "2017-10": {
            "month": "2017-10",
            "price": "19.58",
            "revenue": 72737
        },
        "2017-11": {
            "month": "2017-11",
            "price": "19.83",
            "revenue": 90950
        },
        "2017-12": {
            "month": "2017-12",
            "price": "24.61",
            "revenue": 82769
        },
        "2018-01": {
            "month": "2018-01",
            "price": "26.70",
            "revenue": 80404
        },
        "2018-02": {
            "month": "2018-02",
            "price": "22.25",
            "revenue": 50751
        },
        "2018-03": {
            "month": "2018-03",
            "price": "21.17",
            "revenue": 61720
        },
        "2018-04": {
            "month": "2018-04",
            "price": "19.52",
            "revenue": 66799
        },
        "2018-05": {
            "month": "2018-05",
            "price": "19.33",
            "revenue": 82851
        },
        "2018-06": {
            "month": "2018-06",
            "price": "20.89",
            "revenue": 70403
        },
        "2018-07": {
            "month": "2018-07",
            "price": "22.78",
            "revenue": 70449
        },
        "2018-08": {
            "month": "2018-08",
            "price": "21.33",
            "revenue": 65507
        },
        "2018-09": {
            "month": "2018-09",
            "price": "20.11",
            "revenue": 56343
        },
        "2018-10": {
            "month": "2018-10",
            "price": "17.88",
            "revenue": 64089
        },
        "2018-11": {
            "month": "2018-11",
            "price": "18.16",
            "revenue": 68564
        },
        "2018-12": {
            "month": "2018-12",
            "price": "19.52",
            "revenue": 49869
        },
        "2019-01": {
            "month": "2019-01",
            "price": "22.45",
            "revenue": 82327
        },
        "2019-02": {
            "month": "2019-02",
            "price": "24.76",
            "revenue": 59415
        },
        "2019-03": {
            "month": "2019-03",
            "price": "26.13",
            "revenue": 76476
        },
        "2019-04": {
            "month": "2019-04",
            "price": "25.71",
            "revenue": 80176
        },
        "2019-05": {
            "month": "2019-05",
            "price": "23.21",
            "revenue": 79557
        },
        "2019-06": {
            "month": "2019-06",
            "price": "22.45",
            "revenue": 62884
        },
        "2019-07": {
            "month": "2019-07",
            "price": "23.86",
            "revenue": 72261
        },
        "2019-08": {
            "month": "2019-08",
            "price": "24.10",
            "revenue": 61771
        },
        "2019-09": {
            "month": "2019-09",
            "price": "26.14",
            "revenue": 57716
        },
        "2019-10": {
            "month": "2019-10",
            "price": "33.64",
            "revenue": 63111
        },
        "2019-11": {
            "month": "2019-11",
            "price": "49.00",
            "revenue": 58090
        },
        "2019-12": {
            "month": "2019-12",
            "price": "51.18",
            "revenue": 64206
        },
        "2020-01": {
            "month": "2020-01",
            "price": "40.88",
            "revenue": 60909
        },
        "2020-02": {
            "month": "2020-02",
            "price": "38.92",
            "revenue": 63626
        },
        "2020-03": {
            "month": "2020-03",
            "price": "29.11",
            "revenue": 62184
        },
        "2020-04": {
            "month": "2020-04",
            "price": "32.75",
            "revenue": 61204
        },
        "2020-05": {
            "month": "2020-05",
            "price": "37.44",
            "revenue": 78013
        },
        "2020-06": {
            "month": "2020-06",
            "price": "37.98",
            "revenue": 64783
        },
        "2020-07": {
            "month": "2020-07",
            "price": "43.24",
            "revenue": 67479
        },
        "2020-08": {
            "month": "2020-08",
            "price": "35.22",
            "revenue": 60754
        },
        "2020-09": {
            "month": "2020-09",
            "price": "32.25",
            "revenue": 59556
        },
        "2020-10": {
            "month": "2020-10",
            "price": "30.27",
            "revenue": 59582
        },
        "2020-11": {
            "month": "2020-11",
            "price": "30.59",
            "revenue": 55611
        },
        "2020-12": {
            "month": "2020-12",
            "price": "32.02",
            "revenue": 47089
        },
        "2021-01": {
            "month": "2021-01",
            "price": "29.07",
            "revenue": 53510
        },
        "2021-02": {
            "month": "2021-02",
            "price": "28.29",
            "revenue": 37806
        },
        "2021-03": {
            "month": "2021-03",
            "price": "30.46",
            "revenue": 60247
        },
        "2021-04": {
            "month": "2021-04",
            "price": "36.71",
            "revenue": 64180
        },
        "2021-05": {
            "month": "2021-05",
            "price": "29.69",
            "revenue": 65400
        },
        "2021-06": {
            "month": "2021-06",
            "price": "29.07",
            "revenue": 71890
        },
        "2021-07": {
            "month": "2021-07",
            "price": "29.83",
            "revenue": 71596
        },
        "2021-08": {
            "month": "2021-08",
            "price": "28.27",
            "revenue": 71399
        },
        "2021-09": {
            "month": "2021-09",
            "price": "28.16",
            "revenue": 75020
        },
        "2021-10": {
            "month": "2021-10",
            "price": "27.89",
            "revenue": 76407
        },
        "2021-11": {
            "month": "2021-11",
            "price": "31.39",
            "revenue": 70473
        },
        "2021-12": {
            "month": "2021-12",
            "price": "31.76",
            "revenue": 61017
        },
        "2022-01": {
            "month": "2022-01",
            "price": "29.87",
            "revenue": 88960
        },
        "2022-02": {
            "month": "2022-02",
            "price": "28.84",
            "revenue": 74088
        },
        "2022-03": {
            "month": "2022-03",
            "price": "32.22",
            "revenue": 88029
        },
        "2022-04": {
            "month": "2022-04",
            "price": "35.83",
            "revenue": 68341
        },
        "2022-05": {
            "month": "2022-05",
            "price": "33.78",
            "revenue": 88767
        },
        "2022-06": {
            "month": "2022-06",
            "price": "36.34",
            "revenue": 67825
        },
        "2022-07": {
            "month": "2022-07",
            "price": "32.71",
            "revenue": 73547
        },
        "2022-08": {
            "month": "2022-08",
            "price": "37.99",
            "revenue": 76618
        },
        "2022-09": {
            "month": "2022-09",
            "price": "37.66",
            "revenue": 70640
        },
        "2022-10": {
            "month": "2022-10",
            "price": "31.67",
            "revenue": 62380
        },
        "2022-11": {
            "month": "2022-11",
            "price": "30.65",
            "revenue": 70376
        },
        "2022-12": {
            "month": "2022-12",
            "price": "31.53",
            "revenue": 55217
        },
        "2023-01": {
            "month": "2023-01",
            "price": "30.55",
            "revenue": 50969
        },
        "2023-02": {
            "month": "2023-02",
            "price": "31.81",
            "revenue": 54409
        },
        "2023-03": {
            "month": "2023-03",
            "price": "31.88",
            "revenue": 73369
        },
        "2023-04": {
            "month": "2023-04",
            "price": "34.53",
            "revenue": 70667
        },
        "2023-05": {
            "month": "2023-05",
            "price": "37.89",
            "revenue": 70218
        },
        "2023-06": {
            "month": "2023-06",
            "price": "40.33",
            "revenue": 64249
        },
        "2023-07": {
            "month": "2023-07",
            "price": "52.23",
            "revenue": 80405
        },
        "2023-08": {
            "month": "2023-08",
            "price": "53.72",
            "revenue": 72287
        },
        "2023-09": {
            "month": "2023-09",
            "price": "66.34",
            "revenue": 95019
        },
        "2023-10": {
            "month": "2023-10",
            "price": "84.18",
            "revenue": 89223
        },
        "2023-11": {
            "month": "2023-11",
            "price": "94.56",
            "revenue": 118114
        },
        "2023-12": {
            "month": "2023-12",
            "price": "93.93",
            "revenue": 102471
        }
    }
}
