{
    "summary": {
        "stock_name": "新復興",
        "stock_id": "4909",
        "category": "通信網路",
        "main_business": "高頻微波通訊用基板<br>一般資訊週邊用基板",
        "website_url": "http://www.nee.com.tw",
        "ceo": "張永輝",
        "pe_ratio": -27,
        "report_year_from": 2001,
        "report_year_to": 2023,
        "age": 22,
        "eps_negative_percentage": 14,
        "eps_growth_avg": {
            "last_all": -4.28,
            "last_2y": 0,
            "last_4y": -19.64,
            "last_8y": -21.24,
            "last_12y": -12.97,
            "last_16y": -7.2,
            "last_20y": null,
            "at_2006_last_3y": 11.27,
            "at_2007_last_3y": -1.07,
            "at_2008_last_3y": -16.02,
            "at_2009_last_3y": 10.1,
            "at_2010_last_3y": 10.95,
            "at_2011_last_3y": 9.68,
            "at_2012_last_3y": 16.91,
            "at_2013_last_3y": 3.58,
            "at_2014_last_3y": -0.5,
            "at_2015_last_3y": -0.98,
            "at_2016_last_3y": 3.1,
            "at_2017_last_3y": -22.84,
            "at_2018_last_3y": -17.76,
            "at_2019_last_3y": -38.52,
            "at_2020_last_3y": -8.9,
            "at_2021_last_3y": -19.64,
            "at_2022_last_3y": -32.41,
            "at_2023_last_3y": -32.41,
            "at_2006_last_all": 11.27,
            "at_2007_last_all": 7.57,
            "at_2008_last_all": -4.3,
            "at_2009_last_all": 10.6,
            "at_2010_last_all": 11.11,
            "at_2011_last_all": 8.51,
            "at_2012_last_all": 4.18,
            "at_2013_last_all": 8.04,
            "at_2014_last_all": 7.24,
            "at_2015_last_all": 5.59,
            "at_2016_last_all": 3.87,
            "at_2017_last_all": -0.19,
            "at_2018_last_all": 0.99,
            "at_2019_last_all": -4.79,
            "at_2020_last_all": 1.03,
            "at_2021_last_all": -4.28,
            "at_2022_last_all": -4.28,
            "at_2023_last_all": -4.28
        },
        "latest_eps": -0.73,
        "latest_price": 20,
        "latest_roe": -2.89,
        "latest_gross_margin": 5.51,
        "latest_equity": 2333071,
        "latest_revenue": 160616,
        "latest_gross_profit": 8845,
        "latest_net_income": -3505,
        "latest_debt_ratio": 6.42,
        "latest_current_ratio": 1563.12,
        "latest_account_receivable_turnover_ratio": 0.88,
        "latest_inventory_turnover_ratio": 1.88,
        "latest_reinvestment_rate": null,
        "latest_research_to_sale_ratio": 2.44
    },
    "eps_dividends": {
        "2001": {
            "cash": 3,
            "stock": 3,
            "eps": 0
        },
        "2002": {
            "cash": 3,
            "stock": 3,
            "eps": 3.25
        },
        "2003": {
            "cash": 1,
            "stock": 1,
            "eps": 4.62
        },
        "2004": {
            "cash": 2,
            "stock": 2,
            "eps": 4.44
        },
        "2005": {
            "cash": 2,
            "stock": 2,
            "eps": 4.24
        },
        "2006": {
            "cash": 2,
            "stock": 1,
            "eps": 4.72
        },
        "2007": {
            "cash": 3,
            "stock": 0,
            "eps": 4.38
        },
        "2008": {
            "cash": 3,
            "stock": 1,
            "eps": 1.59
        },
        "2009": {
            "cash": 1,
            "stock": 0,
            "eps": 3.2
        },
        "2010": {
            "cash": 3,
            "stock": 0,
            "eps": 3.67
        },
        "2011": {
            "cash": 2,
            "stock": 1,
            "eps": 3.22
        },
        "2012": {
            "cash": 2,
            "stock": 0,
            "eps": 2.1
        },
        "2013": {
            "cash": 1,
            "stock": 0,
            "eps": 3.08
        },
        "2014": {
            "cash": 2,
            "stock": 0,
            "eps": 3.03
        },
        "2015": {
            "cash": 1,
            "stock": 0,
            "eps": 2.6
        },
        "2016": {
            "cash": 1,
            "stock": 0,
            "eps": 2.12
        },
        "2017": {
            "cash": 1,
            "stock": 0,
            "eps": 0.91
        },
        "2018": {
            "cash": 1,
            "stock": 0,
            "eps": 1.08
        },
        "2019": {
            "cash": 1,
            "stock": 0,
            "eps": 0.03
        },
        "2020": {
            "cash": 0,
            "stock": 0,
            "eps": 0.16
        },
        "2021": {
            "cash": 0,
            "stock": 0,
            "eps": -1.26
        },
        "2022": {
            "cash": 0,
            "stock": 0,
            "eps": -0.58
        },
        "2023": {
            "cash": 0,
            "stock": 0,
            "eps": -0.04
        }
    },
    "dividends": {
        "2001-06-29": {
            "cash": 3,
            "stock": 3
        },
        "2002-06-21": {
            "cash": 3,
            "stock": 3
        },
        "2003-06-09": {
            "cash": 1.2,
            "stock": 1.3
        },
        "2004-04-30": {
            "cash": 1.69,
            "stock": 1.69
        },
        "2005-04-02": {
            "cash": 1.67,
            "stock": 1.67
        },
        "2006-03-30": {
            "cash": 2.13,
            "stock": 1.06
        },
        "2007-04-03": {
            "cash": 3.09,
            "stock": 0.34
        },
        "2008-03-20": {
            "cash": 2.78,
            "stock": 0.69
        },
        "2009-04-24": {
            "cash": 1.05,
            "stock": 0
        },
        "2010-04-28": {
            "cash": 2.5,
            "stock": 0
        },
        "2011-04-21": {
            "cash": 1.7,
            "stock": 1
        },
        "2012-06-13": {
            "cash": 2,
            "stock": 0
        },
        "2013-06-24": {
            "cash": 1.2,
            "stock": 0
        },
        "2014-08-15": {
            "cash": 2.2,
            "stock": 0
        },
        "2015-08-14": {
            "cash": 1.3,
            "stock": 0
        },
        "2016-08-19": {
            "cash": 1.3,
            "stock": 0
        },
        "2017-08-23": {
            "cash": 1.2,
            "stock": 0
        },
        "2018-08-15": {
            "cash": 0.6,
            "stock": 0
        },
        "2019-08-14": {
            "cash": 0.7,
            "stock": 0
        },
        "2020-08-21": {
            "cash": 0.3,
            "stock": 0
        },
        "2021-09-29": {
            "cash": 0.3,
            "stock": 0
        }
    },
    "prices": {
        "200101": "無",
        "200102": "無",
        "200103": "無",
        "200104": "無",
        "200105": "無",
        "200106": "無",
        "200107": "無",
        "200108": "無",
        "200109": "無",
        "200110": "無",
        "200111": "無",
        "200112": "無",
        "200201": "無",
        "200202": "無",
        "200203": "無",
        "200204": "無",
        "200205": "無",
        "200206": "無",
        "200207": "無",
        "200208": "無",
        "200209": "無",
        "200210": "無",
        "200211": "44.10",
        "200212": "45.03",
        "200301": "45.15",
        "200302": "44.96",
        "200303": "42.07",
        "200304": "42.35",
        "200305": "39.65",
        "200306": "43.62",
        "200307": "48.07",
        "200308": "50.19",
        "200309": "45.12",
        "200310": "45.03",
        "200311": "48.28",
        "200312": "56.60",
        "200401": "58.70",
        "200402": "60.98",
        "200403": "58.61",
        "200404": "55.41",
        "200405": "48.91",
        "200406": "43.59",
        "200407": "39.98",
        "200408": "39.42",
        "200409": "40.64",
        "200410": "40.58",
        "200411": "39.96",
        "200412": "41.52",
        "200501": "39.09",
        "200502": "41.58",
        "200503": "44.05",
        "200504": "43.21",
        "200505": "40.25",
        "200506": "41.92",
        "200507": "39.79",
        "200508": "36.63",
        "200509": "32.45",
        "200510": "34.45",
        "200511": "38.58",
        "200512": "47.62",
        "200601": "51.52",
        "200602": "48.80",
        "200603": "54.26",
        "200604": "63.46",
        "200605": "60.30",
        "200606": "50.10",
        "200607": "49.49",
        "200608": "47.27",
        "200609": "45.61",
        "200610": "48.44",
        "200611": "51.34",
        "200612": "54.33",
        "200701": "55.55",
        "200702": "55.27",
        "200703": "59.13",
        "200704": "64.98",
        "200705": "64.01",
        "200706": "69.92",
        "200707": "78.88",
        "200708": "85.47",
        "200709": "79.78",
        "200710": "74.31",
        "200711": "59.95",
        "200712": "52.76",
        "200801": "44.13",
        "200802": "37.42",
        "200803": "39.54",
        "200804": "43.31",
        "200805": "41.34",
        "200806": "36.33",
        "200807": "26.23",
        "200808": "24.84",
        "200809": "19.01",
        "200810": "17.32",
        "200811": "14.26",
        "200812": "14.70",
        "200901": "16.22",
        "200902": "15.28",
        "200903": "17.28",
        "200904": "21.35",
        "200905": "32.18",
        "200906": "29.73",
        "200907": "31.51",
        "200908": "34.70",
        "200909": "41.60",
        "200910": "41.05",
        "200911": "41.39",
        "200912": "49.08",
        "201001": "48.54",
        "201002": "45.70",
        "201003": "47.88",
        "201004": "48.95",
        "201005": "42.92",
        "201006": "41.02",
        "201007": "43.93",
        "201008": "43.64",
        "201009": "49.84",
        "201010": "57.66",
        "201011": "51.83",
        "201012": "57.56",
        "201101": "57.62",
        "201102": "50.34",
        "201103": "46.44",
        "201104": "45.62",
        "201105": "47.29",
        "201106": "48.48",
        "201107": "42.42",
        "201108": "33.27",
        "201109": "29.74",
        "201110": "29.90",
        "201111": "34.13",
        "201112": "34.58",
        "201201": "33.99",
        "201202": "41.93",
        "201203": "41.46",
        "201204": "34.36",
        "201205": "31.37",
        "201206": "29.40",
        "201207": "29.68",
        "201208": "29.54",
        "201209": "30.81",
        "201210": "29.66",
        "201211": "25.73",
        "201212": "28.05",
        "201301": "29.80",
        "201302": "29.87",
        "201303": "28.67",
        "201304": "27.46",
        "201305": "29.22",
        "201306": "30.69",
        "201307": "32.95",
        "201308": "36.12",
        "201309": "34.04",
        "201310": "35.02",
        "201311": "35.90",
        "201312": "36.95",
        "201401": "41.06",
        "201402": "43.86",
        "201403": "42.24",
        "201404": "40.75",
        "201405": "38.45",
        "201406": "38.40",
        "201407": "37.78",
        "201408": "35.34",
        "201409": "34.71",
        "201410": "31.84",
        "201411": "31.58",
        "201412": "33.95",
        "201501": "34.14",
        "201502": "33.86",
        "201503": "33.96",
        "201504": "32.22",
        "201505": "29.38",
        "201506": "25.78",
        "201507": "22.36",
        "201508": "18.49",
        "201509": "18.92",
        "201510": "20.87",
        "201511": "22.74",
        "201512": "22.90",
        "201601": "21.77",
        "201602": "23.70",
        "201603": "26.18",
        "201604": "24.78",
        "201605": "23.26",
        "201606": "23.94",
        "201607": "24.42",
        "201608": "23.80",
        "201609": "24.07",
        "201610": "22.75",
        "201611": "21.74",
        "201612": "21.76",
        "201701": "21.88",
        "201702": "22.50",
        "201703": "22.83",
        "201704": "22.49",
        "201705": "21.63",
        "201706": "21.46",
        "201707": "21.32",
        "201708": "19.97",
        "201709": "19.98",
        "201710": "19.31",
        "201711": "19.10",
        "201712": "18.90",
        "201801": "20.02",
        "201802": "18.92",
        "201803": "18.64",
        "201804": "17.57",
        "201805": "17.15",
        "201806": "17.88",
        "201807": "17.47",
        "201808": "17.17",
        "201809": "17.55",
        "201810": "15.70",
        "201811": "16.22",
        "201812": "18.90",
        "201901": "19.86",
        "201902": "21.76",
        "201903": "21.92",
        "201904": "24.59",
        "201905": "20.34",
        "201906": "19.58",
        "201907": "20.63",
        "201908": "19.98",
        "201909": "21.24",
        "201910": "20.25",
        "201911": "18.95",
        "201912": "19.12",
        "202001": "18.29",
        "202002": "16.40",
        "202003": "13.57",
        "202004": "13.44",
        "202005": "15.02",
        "202006": "15.60",
        "202007": "16.67",
        "202008": "16.24",
        "202009": "16.71",
        "202010": "17.19",
        "202011": "18.13",
        "202012": "19.06",
        "202101": "20.63",
        "202102": "20.94",
        "202103": "23.27",
        "202104": "29.76",
        "202105": "25.22",
        "202106": "26.44",
        "202107": "26.94",
        "202108": "22.80",
        "202109": "21.51",
        "202110": "20.75",
        "202111": "23.37",
        "202112": "22.78",
        "202201": "20.42",
        "202202": "19.32",
        "202203": "18.56",
        "202204": "19.06",
        "202205": "17.61",
        "202206": "17.76",
        "202207": "16.21",
        "202208": "17.40",
        "202209": "17.15",
        "202210": "15.67",
        "202211": "16.25",
        "202212": "16.41",
        "202301": "16.48",
        "202302": "17.25",
        "202303": "18.00",
        "202304": "18.21",
        "202305": "20.13"
    },
    "quarters": {
        "20011": {
            "year_quarter": 20011,
            "year": 2001,
            "quarter": 1,
            "eps": null,
            "eps_growth_year": null,
            "eps_4q": null,
            "eps_4q_growth_year": null,
            "roe": null,
            "roe_4q": 0,
            "gross_profit": null,
            "gross_margin": null,
            "gross_margin_4q_avg": 0,
            "net_income": null,
            "revenue": null,
            "common_shares": null,
            "book_valuer_per_share": null,
            "book_valuer_per_share_4q_avg": 0,
            "equity": null,
            "current_ratio": null,
            "debt_ratio": null,
            "inventory_turnover_ratio": null,
            "account_receivable_turnover_ratio": null,
            "reinvestment_rate": null,
            "research_to_sale_ratio": null,
            "price_fair": 0,
            "eps_avg_yearly": 0,
            "eps_latest_yearly": 0,
            "eps_growth_yearly": 0
        },
        "20012": {
            "year_quarter": 20012,
            "year": 2001,
            "quarter": 2,
            "eps": null,
            "eps_growth_year": null,
            "eps_4q": null,
            "eps_4q_growth_year": null,
            "roe": null,
            "roe_4q": 0,
            "gross_profit": null,
            "gross_margin": null,
            "gross_margin_4q_avg": 0,
            "net_income": null,
            "revenue": null,
            "common_shares": null,
            "book_valuer_per_share": null,
            "book_valuer_per_share_4q_avg": 0,
            "equity": null,
            "current_ratio": null,
            "debt_ratio": null,
            "inventory_turnover_ratio": null,
            "account_receivable_turnover_ratio": null,
            "reinvestment_rate": null,
            "research_to_sale_ratio": null,
            "price_fair": 0,
            "eps_avg_yearly": 0,
            "eps_latest_yearly": 0,
            "eps_growth_yearly": 0
        },
        "20013": {
            "year_quarter": 20013,
            "year": 2001,
            "quarter": 3,
            "eps": null,
            "eps_growth_year": null,
            "eps_4q": null,
            "eps_4q_growth_year": null,
            "roe": null,
            "roe_4q": 0,
            "gross_profit": null,
            "gross_margin": null,
            "gross_margin_4q_avg": 0,
            "net_income": null,
            "revenue": null,
            "common_shares": null,
            "book_valuer_per_share": null,
            "book_valuer_per_share_4q_avg": 0,
            "equity": null,
            "current_ratio": null,
            "debt_ratio": null,
            "inventory_turnover_ratio": null,
            "account_receivable_turnover_ratio": null,
            "reinvestment_rate": null,
            "research_to_sale_ratio": null,
            "price_fair": 0,
            "eps_avg_yearly": 0,
            "eps_latest_yearly": 0,
            "eps_growth_yearly": 0
        },
        "20014": {
            "year_quarter": 20014,
            "year": 2001,
            "quarter": 4,
            "eps": null,
            "eps_growth_year": null,
            "eps_4q": null,
            "eps_4q_growth_year": null,
            "roe": null,
            "roe_4q": 0,
            "gross_profit": null,
            "gross_margin": null,
            "gross_margin_4q_avg": 0,
            "net_income": null,
            "revenue": null,
            "common_shares": 245000,
            "book_valuer_per_share": 17.1,
            "book_valuer_per_share_4q_avg": 4.28,
            "equity": 418860,
            "current_ratio": 242.1,
            "debt_ratio": 27.51,
            "inventory_turnover_ratio": null,
            "account_receivable_turnover_ratio": null,
            "reinvestment_rate": null,
            "research_to_sale_ratio": null,
            "price_fair": 0,
            "eps_avg_yearly": 0,
            "eps_latest_yearly": 0,
            "eps_growth_yearly": 0
        },
        "20021": {
            "year_quarter": 20021,
            "year": 2002,
            "quarter": 1,
            "eps": 0.89,
            "eps_growth_year": null,
            "eps_4q": null,
            "eps_4q_growth_year": null,
            "roe": 5.08,
            "roe_4q": 5.08,
            "gross_profit": 36510,
            "gross_margin": 28.14,
            "gross_margin_4q_avg": 7.04,
            "net_income": 21841,
            "revenue": 129750,
            "common_shares": 245000,
            "book_valuer_per_share": 17.99,
            "book_valuer_per_share_4q_avg": 8.77,
            "equity": 440701,
            "current_ratio": 267.23,
            "debt_ratio": 25.66,
            "inventory_turnover_ratio": 2.71,
            "account_receivable_turnover_ratio": null,
            "reinvestment_rate": null,
            "research_to_sale_ratio": null,
            "price_fair": 0,
            "eps_avg_yearly": 0,
            "eps_latest_yearly": 0,
            "eps_growth_yearly": 0
        },
        "20022": {
            "year_quarter": 20022,
            "year": 2002,
            "quarter": 2,
            "eps": 0.59,
            "eps_growth_year": null,
            "eps_4q": null,
            "eps_4q_growth_year": null,
            "roe": 3.22,
            "roe_4q": 8.3,
            "gross_profit": 28433,
            "gross_margin": 28.27,
            "gross_margin_4q_avg": 14.1,
            "net_income": 14431,
            "revenue": 100585,
            "common_shares": 245000,
            "book_valuer_per_share": 18.55,
            "book_valuer_per_share_4q_avg": 13.41,
            "equity": 454362,
            "current_ratio": 325.87,
            "debt_ratio": 19.6,
            "inventory_turnover_ratio": 2.2,
            "account_receivable_turnover_ratio": null,
            "reinvestment_rate": null,
            "research_to_sale_ratio": null,
            "price_fair": 7.08,
            "eps_avg_yearly": 2.36,
            "eps_latest_yearly": 2.36,
            "eps_growth_yearly": -134.83
        },
        "20023": {
            "year_quarter": 20023,
            "year": 2002,
            "quarter": 3,
            "eps": 0.77,
            "eps_growth_year": null,
            "eps_4q": null,
            "eps_4q_growth_year": null,
            "roe": 5.35,
            "roe_4q": 13.65,
            "gross_profit": 39108,
            "gross_margin": 25.01,
            "gross_margin_4q_avg": 20.36,
            "net_income": 24962,
            "revenue": 156353,
            "common_shares": 325000,
            "book_valuer_per_share": 14.74,
            "book_valuer_per_share_4q_avg": 17.1,
            "equity": 478963,
            "current_ratio": 268.42,
            "debt_ratio": 24.45,
            "inventory_turnover_ratio": 3.2,
            "account_receivable_turnover_ratio": null,
            "reinvestment_rate": null,
            "research_to_sale_ratio": null,
            "price_fair": 8.16,
            "eps_avg_yearly": 2.72,
            "eps_latest_yearly": 3.08,
            "eps_growth_yearly": -6.4
        },
        "20024": {
            "year_quarter": 20024,
            "year": 2002,
            "quarter": 4,
            "eps": 1,
            "eps_growth_year": null,
            "eps_4q": 2.88,
            "eps_4q_growth_year": null,
            "roe": 6.63,
            "roe_4q": 20.28,
            "gross_profit": 51936,
            "gross_margin": 27.99,
            "gross_margin_4q_avg": 27.35,
            "net_income": 32649,
            "revenue": 185541,
            "common_shares": 325000,
            "book_valuer_per_share": 15.59,
            "book_valuer_per_share_4q_avg": 16.72,
            "equity": 506545,
            "current_ratio": 252.25,
            "debt_ratio": 25.95,
            "inventory_turnover_ratio": 3.52,
            "account_receivable_turnover_ratio": null,
            "reinvestment_rate": null,
            "research_to_sale_ratio": null,
            "price_fair": 110.13,
            "eps_avg_yearly": 3.15,
            "eps_latest_yearly": 4,
            "eps_growth_yearly": 35.56
        },
        "20031": {
            "year_quarter": 20031,
            "year": 2003,
            "quarter": 1,
            "eps": 0.98,
            "eps_growth_year": 10.11,
            "eps_4q": 3.19,
            "eps_4q_growth_year": null,
            "roe": 6.14,
            "roe_4q": 21.339999999999996,
            "gross_profit": 52251,
            "gross_margin": 29.35,
            "gross_margin_4q_avg": 27.66,
            "net_income": 31970,
            "revenue": 178056,
            "common_shares": 325000,
            "book_valuer_per_share": 16.47,
            "book_valuer_per_share_4q_avg": 16.34,
            "equity": 535353,
            "current_ratio": 264.2,
            "debt_ratio": 25.07,
            "inventory_turnover_ratio": 3.07,
            "account_receivable_turnover_ratio": null,
            "reinvestment_rate": null,
            "research_to_sale_ratio": null,
            "price_fair": 115.8,
            "eps_avg_yearly": 3.34,
            "eps_latest_yearly": 3.92,
            "eps_growth_yearly": 24.67
        },
        "20032": {
            "year_quarter": 20032,
            "year": 2003,
            "quarter": 2,
            "eps": 0.76,
            "eps_growth_year": 28.81,
            "eps_4q": 3.52,
            "eps_4q_growth_year": null,
            "roe": 4.7,
            "roe_4q": 22.82,
            "gross_profit": 41959,
            "gross_margin": 24.24,
            "gross_margin_4q_avg": 26.65,
            "net_income": 24701,
            "revenue": 173071,
            "common_shares": 325000,
            "book_valuer_per_share": 15.85,
            "book_valuer_per_share_4q_avg": 15.66,
            "equity": 515030,
            "current_ratio": 213.93,
            "debt_ratio": 29.47,
            "inventory_turnover_ratio": 3.58,
            "account_receivable_turnover_ratio": null,
            "reinvestment_rate": null,
            "research_to_sale_ratio": null,
            "price_fair": 38.63,
            "eps_avg_yearly": 3.28,
            "eps_latest_yearly": 3.04,
            "eps_growth_yearly": 1.78
        },
        "20033": {
            "year_quarter": 20033,
            "year": 2003,
            "quarter": 3,
            "eps": 1.21,
            "eps_growth_year": 57.14,
            "eps_4q": 3.62,
            "eps_4q_growth_year": null,
            "roe": 8.26,
            "roe_4q": 25.73,
            "gross_profit": 57605,
            "gross_margin": 28.23,
            "gross_margin_4q_avg": 27.45,
            "net_income": 44847,
            "revenue": 204032,
            "common_shares": 371000,
            "book_valuer_per_share": 15.37,
            "book_valuer_per_share_4q_avg": 15.82,
            "equity": 570247,
            "current_ratio": 332.63,
            "debt_ratio": 36.4,
            "inventory_turnover_ratio": 2.96,
            "account_receivable_turnover_ratio": null,
            "reinvestment_rate": null,
            "research_to_sale_ratio": null,
            "price_fair": 123.9,
            "eps_avg_yearly": 3.54,
            "eps_latest_yearly": 4.84,
            "eps_growth_yearly": 40.95
        },
        "20034": {
            "year_quarter": 20034,
            "year": 2003,
            "quarter": 4,
            "eps": 1.67,
            "eps_growth_year": 67,
            "eps_4q": 4.4,
            "eps_4q_growth_year": 53.05,
            "roe": 10.32,
            "roe_4q": 29.419999999999998,
            "gross_profit": 92447,
            "gross_margin": 28.28,
            "gross_margin_4q_avg": 27.53,
            "net_income": 62080,
            "revenue": 326883,
            "common_shares": 371000,
            "book_valuer_per_share": 17.04,
            "book_valuer_per_share_4q_avg": 16.18,
            "equity": 632341,
            "current_ratio": 264.12,
            "debt_ratio": 40.14,
            "inventory_turnover_ratio": 2.83,
            "account_receivable_turnover_ratio": null,
            "reinvestment_rate": null,
            "research_to_sale_ratio": null,
            "price_fair": 139.6,
            "eps_avg_yearly": 3.99,
            "eps_latest_yearly": 6.68,
            "eps_growth_yearly": 56.83
        },
        "20041": {
            "year_quarter": 20041,
            "year": 2004,
            "quarter": 1,
            "eps": 1.33,
            "eps_growth_year": 35.71,
            "eps_4q": 4.76,
            "eps_4q_growth_year": 49.19,
            "roe": 7.46,
            "roe_4q": 30.74,
            "gross_profit": 80382,
            "gross_margin": 31.27,
            "gross_margin_4q_avg": 28.01,
            "net_income": 51090,
            "revenue": 257072,
            "common_shares": 385152,
            "book_valuer_per_share": 19.16,
            "book_valuer_per_share_4q_avg": 16.86,
            "equity": 737877,
            "current_ratio": 283.51,
            "debt_ratio": 30.21,
            "inventory_turnover_ratio": 1.94,
            "account_receivable_turnover_ratio": null,
            "reinvestment_rate": null,
            "research_to_sale_ratio": null,
            "price_fair": 145.43,
            "eps_avg_yearly": 4.16,
            "eps_latest_yearly": 5.32,
            "eps_growth_yearly": 39.54
        },
        "20042": {
            "year_quarter": 20042,
            "year": 2004,
            "quarter": 2,
            "eps": 1.02,
            "eps_growth_year": 34.21,
            "eps_4q": 4.45,
            "eps_4q_growth_year": 26.65,
            "roe": 6.26,
            "roe_4q": 32.3,
            "gross_profit": 79047,
            "gross_margin": 30.58,
            "gross_margin_4q_avg": 29.59,
            "net_income": 46947,
            "revenue": 258518,
            "common_shares": 468404,
            "book_valuer_per_share": 16.28,
            "book_valuer_per_share_4q_avg": 16.96,
            "equity": 762336,
            "current_ratio": 257.23,
            "debt_ratio": 27.63,
            "inventory_turnover_ratio": 2.35,
            "account_receivable_turnover_ratio": null,
            "reinvestment_rate": null,
            "research_to_sale_ratio": null,
            "price_fair": 144.27,
            "eps_avg_yearly": 4.15,
            "eps_latest_yearly": 4.08,
            "eps_growth_yearly": 24.79
        },
        "20043": {
            "year_quarter": 20043,
            "year": 2004,
            "quarter": 3,
            "eps": 1.3,
            "eps_growth_year": 7.44,
            "eps_4q": 4.75,
            "eps_4q_growth_year": 31.3,
            "roe": 7.56,
            "roe_4q": 31.6,
            "gross_profit": 88091,
            "gross_margin": 33.31,
            "gross_margin_4q_avg": 30.86,
            "net_income": 60285,
            "revenue": 264489,
            "common_shares": 471188,
            "book_valuer_per_share": 17.67,
            "book_valuer_per_share_4q_avg": 17.54,
            "equity": 832359,
            "current_ratio": 295.16,
            "debt_ratio": 42.46,
            "inventory_turnover_ratio": 2.27,
            "account_receivable_turnover_ratio": null,
            "reinvestment_rate": null,
            "research_to_sale_ratio": null,
            "price_fair": 148.82,
            "eps_avg_yearly": 4.25,
            "eps_latest_yearly": 5.2,
            "eps_growth_yearly": 33.29
        },
        "20044": {
            "year_quarter": 20044,
            "year": 2004,
            "quarter": 4,
            "eps": 0.79,
            "eps_growth_year": -52.69,
            "eps_4q": 4.2,
            "eps_4q_growth_year": -4.56,
            "roe": 4.33,
            "roe_4q": 25.61,
            "gross_profit": 91481,
            "gross_margin": 29.01,
            "gross_margin_4q_avg": 31.04,
            "net_income": 36675,
            "revenue": 315370,
            "common_shares": 472596,
            "book_valuer_per_share": 18.21,
            "book_valuer_per_share_4q_avg": 17.83,
            "equity": 860744,
            "current_ratio": 267.47,
            "debt_ratio": 42.77,
            "inventory_turnover_ratio": 2.35,
            "account_receivable_turnover_ratio": null,
            "reinvestment_rate": null,
            "research_to_sale_ratio": null,
            "price_fair": 107.97,
            "eps_avg_yearly": 4.15,
            "eps_latest_yearly": 3.16,
            "eps_growth_yearly": 16
        },
        "20051": {
            "year_quarter": 20051,
            "year": 2005,
            "quarter": 1,
            "eps": 0.91,
            "eps_growth_year": -31.58,
            "eps_4q": 3.94,
            "eps_4q_growth_year": -17.13,
            "roe": 4.8,
            "roe_4q": 22.949999999999996,
            "gross_profit": 62600,
            "gross_margin": 24.04,
            "gross_margin_4q_avg": 29.24,
            "net_income": 43197,
            "revenue": 260440,
            "common_shares": 481512,
            "book_valuer_per_share": 19.47,
            "book_valuer_per_share_4q_avg": 17.91,
            "equity": 937456,
            "current_ratio": 276.4,
            "debt_ratio": 38.11,
            "inventory_turnover_ratio": 2.27,
            "account_receivable_turnover_ratio": null,
            "reinvestment_rate": null,
            "research_to_sale_ratio": null,
            "price_fair": 122.19,
            "eps_avg_yearly": 4.11,
            "eps_latest_yearly": 3.64,
            "eps_growth_yearly": 19.73
        },
        "20052": {
            "year_quarter": 20052,
            "year": 2005,
            "quarter": 2,
            "eps": 0.69,
            "eps_growth_year": -32.35,
            "eps_4q": 3.16,
            "eps_4q_growth_year": -28.97,
            "roe": 4.27,
            "roe_4q": 20.96,
            "gross_profit": 53824,
            "gross_margin": 24.43,
            "gross_margin_4q_avg": 27.7,
            "net_income": 39101,
            "revenue": 220338,
            "common_shares": 483669,
            "book_valuer_per_share": 18.48,
            "book_valuer_per_share_4q_avg": 18.46,
            "equity": 893887,
            "current_ratio": 225.05,
            "debt_ratio": 39.79,
            "inventory_turnover_ratio": 2.22,
            "account_receivable_turnover_ratio": null,
            "reinvestment_rate": null,
            "research_to_sale_ratio": null,
            "price_fair": 83.22,
            "eps_avg_yearly": 4.01,
            "eps_latest_yearly": 2.76,
            "eps_growth_yearly": 10.77
        },
        "20053": {
            "year_quarter": 20053,
            "year": 2005,
            "quarter": 3,
            "eps": 1.27,
            "eps_growth_year": -2.31,
            "eps_4q": 3.42,
            "eps_4q_growth_year": -28.15,
            "roe": 7.44,
            "roe_4q": 20.840000000000003,
            "gross_profit": 56930,
            "gross_margin": 21.89,
            "gross_margin_4q_avg": 24.84,
            "net_income": 70439,
            "revenue": 260023,
            "common_shares": 574640,
            "book_valuer_per_share": 17.38,
            "book_valuer_per_share_4q_avg": 18.39,
            "equity": 998769,
            "current_ratio": 251.19,
            "debt_ratio": 34.26,
            "inventory_turnover_ratio": 2.72,
            "account_receivable_turnover_ratio": null,
            "reinvestment_rate": null,
            "research_to_sale_ratio": null,
            "price_fair": 142.9,
            "eps_avg_yearly": 4.08,
            "eps_latest_yearly": 5.08,
            "eps_growth_yearly": 34.02
        },
        "20054": {
            "year_quarter": 20054,
            "year": 2005,
            "quarter": 4,
            "eps": 1.37,
            "eps_growth_year": 73.42,
            "eps_4q": 4.04,
            "eps_4q_growth_year": -3.8,
            "roe": 7.4,
            "roe_4q": 23.91,
            "gross_profit": 76817,
            "gross_margin": 24.25,
            "gross_margin_4q_avg": 23.65,
            "net_income": 78352,
            "revenue": 316789,
            "common_shares": 588150,
            "book_valuer_per_share": 19,
            "book_valuer_per_share_4q_avg": 18.58,
            "equity": 1117471,
            "current_ratio": 270.31,
            "debt_ratio": 34.98,
            "inventory_turnover_ratio": 2.04,
            "account_receivable_turnover_ratio": null,
            "reinvestment_rate": 47.32,
            "research_to_sale_ratio": null,
            "price_fair": 146.16,
            "eps_avg_yearly": 4.18,
            "eps_latest_yearly": 5.48,
            "eps_growth_yearly": 33.85
        },
        "20061": {
            "year_quarter": 20061,
            "year": 2006,
            "quarter": 1,
            "eps": 1.44,
            "eps_growth_year": 58.24,
            "eps_4q": 4.63,
            "eps_4q_growth_year": 17.57,
            "roe": 7.29,
            "roe_4q": 26.400000000000002,
            "gross_profit": 61111,
            "gross_margin": 21.09,
            "gross_margin_4q_avg": 22.92,
            "net_income": 84711,
            "revenue": 289785,
            "common_shares": 590050,
            "book_valuer_per_share": 20.44,
            "book_valuer_per_share_4q_avg": 18.83,
            "equity": 1206237,
            "current_ratio": 262.6,
            "debt_ratio": 30.71,
            "inventory_turnover_ratio": 1.74,
            "account_receivable_turnover_ratio": null,
            "reinvestment_rate": 10.1,
            "research_to_sale_ratio": null,
            "price_fair": 149.63,
            "eps_avg_yearly": 4.28,
            "eps_latest_yearly": 5.76,
            "eps_growth_yearly": 33.01
        },
        "20062": {
            "year_quarter": 20062,
            "year": 2006,
            "quarter": 2,
            "eps": 1.04,
            "eps_growth_year": 50.72,
            "eps_4q": 4.96,
            "eps_4q_growth_year": 56.94,
            "roe": 5.11,
            "roe_4q": 27.240000000000002,
            "gross_profit": 24073,
            "gross_margin": 11.28,
            "gross_margin_4q_avg": 19.63,
            "net_income": 61877,
            "revenue": 213338,
            "common_shares": 620435,
            "book_valuer_per_share": 19.6,
            "book_valuer_per_share_4q_avg": 19.11,
            "equity": 1216268,
            "current_ratio": 197.72,
            "debt_ratio": 32.42,
            "inventory_turnover_ratio": 2.18,
            "account_receivable_turnover_ratio": null,
            "reinvestment_rate": 2.56,
            "research_to_sale_ratio": null,
            "price_fair": 153.56,
            "eps_avg_yearly": 4.39,
            "eps_latest_yearly": 4.16,
            "eps_growth_yearly": 34.5
        },
        "20063": {
            "year_quarter": 20063,
            "year": 2006,
            "quarter": 3,
            "eps": 0.72,
            "eps_growth_year": -43.31,
            "eps_4q": 4.01,
            "eps_4q_growth_year": 17.28,
            "roe": 3.94,
            "roe_4q": 23.740000000000002,
            "gross_profit": 36230,
            "gross_margin": 13.62,
            "gross_margin_4q_avg": 17.56,
            "net_income": 49298,
            "revenue": 266017,
            "common_shares": 692790,
            "book_valuer_per_share": 18.56,
            "book_valuer_per_share_4q_avg": 19.4,
            "equity": 1286113,
            "current_ratio": 187.17,
            "debt_ratio": 26.83,
            "inventory_turnover_ratio": 2.83,
            "account_receivable_turnover_ratio": null,
            "reinvestment_rate": 3.26,
            "research_to_sale_ratio": null,
            "price_fair": 127.65,
            "eps_avg_yearly": 4.38,
            "eps_latest_yearly": 2.88,
            "eps_growth_yearly": 19.18
        },
        "20064": {
            "year_quarter": 20064,
            "year": 2006,
            "quarter": 4,
            "eps": 1.52,
            "eps_growth_year": 10.95,
            "eps_4q": 4.27,
            "eps_4q_growth_year": 5.72,
            "roe": 7.9,
            "roe_4q": 24.24,
            "gross_profit": 85235,
            "gross_margin": 22.95,
            "gross_margin_4q_avg": 17.24,
            "net_income": 108196,
            "revenue": 371360,
            "common_shares": 714776,
            "book_valuer_per_share": 20.33,
            "book_valuer_per_share_4q_avg": 19.73,
            "equity": 1452802,
            "current_ratio": 292.2,
            "debt_ratio": 28.68,
            "inventory_turnover_ratio": 1.68,
            "account_receivable_turnover_ratio": null,
            "reinvestment_rate": 30.66,
            "research_to_sale_ratio": null,
            "price_fair": 157.68,
            "eps_avg_yearly": 4.51,
            "eps_latest_yearly": 6.08,
            "eps_growth_yearly": 39.49
        },
        "20071": {
            "year_quarter": 20071,
            "year": 2007,
            "quarter": 1,
            "eps": 1.29,
            "eps_growth_year": -10.42,
            "eps_4q": 4.36,
            "eps_4q_growth_year": -5.82,
            "roe": 6.1,
            "roe_4q": 23.05,
            "gross_profit": 71593,
            "gross_margin": 21.94,
            "gross_margin_4q_avg": 17.45,
            "net_income": 92052,
            "revenue": 326386,
            "common_shares": 714776,
            "book_valuer_per_share": 21.88,
            "book_valuer_per_share_4q_avg": 20.09,
            "equity": 1564097,
            "current_ratio": 232.14,
            "debt_ratio": 23.38,
            "inventory_turnover_ratio": 1.46,
            "account_receivable_turnover_ratio": null,
            "reinvestment_rate": 2.49,
            "research_to_sale_ratio": null,
            "price_fair": 160.39,
            "eps_avg_yearly": 4.58,
            "eps_latest_yearly": 5.16,
            "eps_growth_yearly": 36.2
        },
        "20072": {
            "year_quarter": 20072,
            "year": 2007,
            "quarter": 2,
            "eps": 1.36,
            "eps_growth_year": 30.77,
            "eps_4q": 4.85,
            "eps_4q_growth_year": -2.33,
            "roe": 6.48,
            "roe_4q": 24.42,
            "gross_profit": 71606,
            "gross_margin": 25.17,
            "gross_margin_4q_avg": 20.92,
            "net_income": 97273,
            "revenue": 284447,
            "common_shares": 721868,
            "book_valuer_per_share": 19.89,
            "book_valuer_per_share_4q_avg": 20.17,
            "equity": 1436015,
            "current_ratio": 158.87,
            "debt_ratio": 30.41,
            "inventory_turnover_ratio": 2.29,
            "account_receivable_turnover_ratio": null,
            "reinvestment_rate": 0.14,
            "research_to_sale_ratio": null,
            "price_fair": 165.64,
            "eps_avg_yearly": 4.73,
            "eps_latest_yearly": 5.44,
            "eps_growth_yearly": 43.17
        },
        "20073": {
            "year_quarter": 20073,
            "year": 2007,
            "quarter": 3,
            "eps": 1.14,
            "eps_growth_year": 58.33,
            "eps_4q": 5.14,
            "eps_4q_growth_year": 28.3,
            "roe": 5.65,
            "roe_4q": 26.130000000000003,
            "gross_profit": 50996,
            "gross_margin": 18.04,
            "gross_margin_4q_avg": 22.03,
            "net_income": 84822,
            "revenue": 282640,
            "common_shares": 748818,
            "book_valuer_per_share": 20.89,
            "book_valuer_per_share_4q_avg": 20.75,
            "equity": 1563935,
            "current_ratio": 341.21,
            "debt_ratio": 33.67,
            "inventory_turnover_ratio": 2.74,
            "account_receivable_turnover_ratio": null,
            "reinvestment_rate": -0.41,
            "research_to_sale_ratio": null,
            "price_fair": 161.85,
            "eps_avg_yearly": 4.72,
            "eps_latest_yearly": 4.56,
            "eps_growth_yearly": 24.33
        },
        "20074": {
            "year_quarter": 20074,
            "year": 2007,
            "quarter": 4,
            "eps": 0.59,
            "eps_growth_year": -61.18,
            "eps_4q": 4.29,
            "eps_4q_growth_year": 0.31,
            "roe": 2.76,
            "roe_4q": 20.990000000000002,
            "gross_profit": 56971,
            "gross_margin": 21.81,
            "gross_margin_4q_avg": 21.74,
            "net_income": 43773,
            "revenue": 261162,
            "common_shares": 750771,
            "book_valuer_per_share": 21.43,
            "book_valuer_per_share_4q_avg": 21.02,
            "equity": 1609058,
            "current_ratio": 424.22,
            "debt_ratio": 37.53,
            "inventory_turnover_ratio": 1.1,
            "account_receivable_turnover_ratio": null,
            "reinvestment_rate": 21.4,
            "research_to_sale_ratio": null,
            "price_fair": 56.72,
            "eps_avg_yearly": 4.45,
            "eps_latest_yearly": 2.36,
            "eps_growth_yearly": 2.76
        },
        "20081": {
            "year_quarter": 20081,
            "year": 2008,
            "quarter": 1,
            "eps": 0.28,
            "eps_growth_year": -78.29,
            "eps_4q": 3.33,
            "eps_4q_growth_year": -23.8,
            "roe": 1.31,
            "roe_4q": 16.200000000000003,
            "gross_profit": 93663,
            "gross_margin": 19.42,
            "gross_margin_4q_avg": 21.11,
            "net_income": 20766,
            "revenue": 482379,
            "common_shares": 750771,
            "book_valuer_per_share": 20.79,
            "book_valuer_per_share_4q_avg": 20.75,
            "equity": 1560785,
            "current_ratio": 402.58,
            "debt_ratio": 38.92,
            "inventory_turnover_ratio": 1.38,
            "account_receivable_turnover_ratio": null,
            "reinvestment_rate": 21.07,
            "research_to_sale_ratio": null,
            "price_fair": 12.55,
            "eps_avg_yearly": 4.18,
            "eps_latest_yearly": 1.12,
            "eps_growth_yearly": -5.28
        },
        "20082": {
            "year_quarter": 20082,
            "year": 2008,
            "quarter": 2,
            "eps": 0.52,
            "eps_growth_year": -61.76,
            "eps_4q": 2.54,
            "eps_4q_growth_year": -47.59,
            "roe": 2.63,
            "roe_4q": 12.35,
            "gross_profit": 81361,
            "gross_margin": 18.28,
            "gross_margin_4q_avg": 19.39,
            "net_income": 38420,
            "revenue": 445132,
            "common_shares": 750771,
            "book_valuer_per_share": 18.17,
            "book_valuer_per_share_4q_avg": 20.32,
            "equity": 1364476,
            "current_ratio": 336.76,
            "debt_ratio": 45.74,
            "inventory_turnover_ratio": 1.42,
            "account_receivable_turnover_ratio": null,
            "reinvestment_rate": 21.16,
            "research_to_sale_ratio": null,
            "price_fair": 129.72,
            "eps_avg_yearly": 4.06,
            "eps_latest_yearly": 2.08,
            "eps_growth_yearly": 21.97
        },
        "20083": {
            "year_quarter": 20083,
            "year": 2008,
            "quarter": 3,
            "eps": 0.49,
            "eps_growth_year": -57.02,
            "eps_4q": 1.79,
            "eps_4q_growth_year": -65.26,
            "roe": 2.7,
            "roe_4q": 9.4,
            "gross_profit": 86151,
            "gross_margin": 19.55,
            "gross_margin_4q_avg": 19.77,
            "net_income": 38948,
            "revenue": 440642,
            "common_shares": 808911,
            "book_valuer_per_share": 18.76,
            "book_valuer_per_share_4q_avg": 19.79,
            "equity": 1517822,
            "current_ratio": 230.86,
            "debt_ratio": 38.94,
            "inventory_turnover_ratio": 1.4,
            "account_receivable_turnover_ratio": null,
            "reinvestment_rate": 18.19,
            "research_to_sale_ratio": null,
            "price_fair": 91.23,
            "eps_avg_yearly": 3.86,
            "eps_latest_yearly": 1.96,
            "eps_growth_yearly": 13.67
        },
        "20084": {
            "year_quarter": 20084,
            "year": 2008,
            "quarter": 4,
            "eps": 0.3,
            "eps_growth_year": -49.15,
            "eps_4q": 1.52,
            "eps_4q_growth_year": -64.5,
            "roe": 1.58,
            "roe_4q": 8.22,
            "gross_profit": 83872,
            "gross_margin": 17.35,
            "gross_margin_4q_avg": 18.65,
            "net_income": 24104,
            "revenue": 483425,
            "common_shares": 808911,
            "book_valuer_per_share": 19.01,
            "book_valuer_per_share_4q_avg": 19.18,
            "equity": 1537694,
            "current_ratio": 243.62,
            "debt_ratio": 38.54,
            "inventory_turnover_ratio": 1.65,
            "account_receivable_turnover_ratio": 1.71,
            "reinvestment_rate": -0.33,
            "research_to_sale_ratio": null,
            "price_fair": 88.76,
            "eps_avg_yearly": 3.73,
            "eps_latest_yearly": 1.2,
            "eps_growth_yearly": 13.78
        },
        "20091": {
            "year_quarter": 20091,
            "year": 2009,
            "quarter": 1,
            "eps": 0.72,
            "eps_growth_year": 157.14,
            "eps_4q": 1.99,
            "eps_4q_growth_year": -40.23,
            "roe": 3.64,
            "roe_4q": 10.55,
            "gross_profit": 100970,
            "gross_margin": 24.24,
            "gross_margin_4q_avg": 19.86,
            "net_income": 57631,
            "revenue": 416563,
            "common_shares": 808911,
            "book_valuer_per_share": 20.16,
            "book_valuer_per_share_4q_avg": 19.03,
            "equity": 1631029,
            "current_ratio": 289.7,
            "debt_ratio": 34.33,
            "inventory_turnover_ratio": 1.56,
            "account_receivable_turnover_ratio": 0.82,
            "reinvestment_rate": 20.79,
            "research_to_sale_ratio": null,
            "price_fair": 128.98,
            "eps_avg_yearly": 3.69,
            "eps_latest_yearly": 2.88,
            "eps_growth_yearly": 44.98
        },
        "20092": {
            "year_quarter": 20092,
            "year": 2009,
            "quarter": 2,
            "eps": 1.2,
            "eps_growth_year": 130.77,
            "eps_4q": 2.71,
            "eps_4q_growth_year": 6.73,
            "roe": 5.92,
            "roe_4q": 13.84,
            "gross_profit": 93077,
            "gross_margin": 21.87,
            "gross_margin_4q_avg": 20.75,
            "net_income": 95747,
            "revenue": 425515,
            "common_shares": 808911,
            "book_valuer_per_share": 19.79,
            "book_valuer_per_share_4q_avg": 19.43,
            "equity": 1601005,
            "current_ratio": 274.98,
            "debt_ratio": 34.75,
            "inventory_turnover_ratio": 1.85,
            "account_receivable_turnover_ratio": 0.93,
            "reinvestment_rate": 18.9,
            "research_to_sale_ratio": null,
            "price_fair": 133.44,
            "eps_avg_yearly": 3.81,
            "eps_latest_yearly": 4.8,
            "eps_growth_yearly": 67.69
        },
        "20093": {
            "year_quarter": 20093,
            "year": 2009,
            "quarter": 3,
            "eps": 0.76,
            "eps_growth_year": 55.1,
            "eps_4q": 2.99,
            "eps_4q_growth_year": 67.54,
            "roe": 3.66,
            "roe_4q": 14.8,
            "gross_profit": 115059,
            "gross_margin": 25.24,
            "gross_margin_4q_avg": 22.18,
            "net_income": 60455,
            "revenue": 455896,
            "common_shares": 811183,
            "book_valuer_per_share": 21,
            "book_valuer_per_share_4q_avg": 19.99,
            "equity": 1703331,
            "current_ratio": 428,
            "debt_ratio": 25.96,
            "inventory_turnover_ratio": 1.7,
            "account_receivable_turnover_ratio": 0.98,
            "reinvestment_rate": 17.68,
            "research_to_sale_ratio": null,
            "price_fair": 128.98,
            "eps_avg_yearly": 3.69,
            "eps_latest_yearly": 3.04,
            "eps_growth_yearly": 37.51
        },
        "20094": {
            "year_quarter": 20094,
            "year": 2009,
            "quarter": 4,
            "eps": 0.52,
            "eps_growth_year": 73.33,
            "eps_4q": 3.14,
            "eps_4q_growth_year": 106.71,
            "roe": 2.37,
            "roe_4q": 15.59,
            "gross_profit": 156973,
            "gross_margin": 27.65,
            "gross_margin_4q_avg": 24.75,
            "net_income": 41268,
            "revenue": 567656,
            "common_shares": 811183,
            "book_valuer_per_share": 21.92,
            "book_valuer_per_share_4q_avg": 20.72,
            "equity": 1778465,
            "current_ratio": 428.47,
            "debt_ratio": 26.51,
            "inventory_turnover_ratio": 1.83,
            "account_receivable_turnover_ratio": 1.97,
            "reinvestment_rate": 4.52,
            "research_to_sale_ratio": null,
            "price_fair": 121.54,
            "eps_avg_yearly": 3.47,
            "eps_latest_yearly": 2.08,
            "eps_growth_yearly": 27.65
        },
        "20101": {
            "year_quarter": 20101,
            "year": 2010,
            "quarter": 1,
            "eps": 0.88,
            "eps_growth_year": 22.22,
            "eps_4q": 3.32,
            "eps_4q_growth_year": 66.84,
            "roe": 3.95,
            "roe_4q": 15.9,
            "gross_profit": 123428,
            "gross_margin": 24.38,
            "gross_margin_4q_avg": 24.79,
            "net_income": 71551,
            "revenue": 506244,
            "common_shares": 811183,
            "book_valuer_per_share": 22.74,
            "book_valuer_per_share_4q_avg": 21.36,
            "equity": 1844243,
            "current_ratio": 455.29,
            "debt_ratio": 25.94,
            "inventory_turnover_ratio": 1.72,
            "account_receivable_turnover_ratio": 0.88,
            "reinvestment_rate": 28.78,
            "research_to_sale_ratio": 1.37,
            "price_fair": 116.64,
            "eps_avg_yearly": 3.33,
            "eps_latest_yearly": 3.52,
            "eps_growth_yearly": 43.68
        },
        "20102": {
            "year_quarter": 20102,
            "year": 2010,
            "quarter": 2,
            "eps": 1.21,
            "eps_growth_year": 0.86,
            "eps_4q": 3.35,
            "eps_4q_growth_year": 23.37,
            "roe": 5.45,
            "roe_4q": 15.43,
            "gross_profit": 109431,
            "gross_margin": 20.69,
            "gross_margin_4q_avg": 24.49,
            "net_income": 98175,
            "revenue": 528829,
            "common_shares": 811183,
            "book_valuer_per_share": 21.69,
            "book_valuer_per_share_4q_avg": 21.84,
            "equity": 1759765,
            "current_ratio": 315.78,
            "debt_ratio": 32.41,
            "inventory_turnover_ratio": 1.99,
            "account_receivable_turnover_ratio": 0.95,
            "reinvestment_rate": 30.5,
            "research_to_sale_ratio": 1.46,
            "price_fair": 118.13,
            "eps_avg_yearly": 3.38,
            "eps_latest_yearly": 4.84,
            "eps_growth_yearly": 60
        },
        "20103": {
            "year_quarter": 20103,
            "year": 2010,
            "quarter": 3,
            "eps": 1.06,
            "eps_growth_year": 39.8,
            "eps_4q": 3.66,
            "eps_4q_growth_year": 22.48,
            "roe": 4.8,
            "roe_4q": 16.57,
            "gross_profit": 135432,
            "gross_margin": 24.14,
            "gross_margin_4q_avg": 24.22,
            "net_income": 86186,
            "revenue": 561086,
            "common_shares": 811183,
            "book_valuer_per_share": 22.6,
            "book_valuer_per_share_4q_avg": 22.24,
            "equity": 1833328,
            "current_ratio": 467,
            "debt_ratio": 34.32,
            "inventory_turnover_ratio": 2.08,
            "account_receivable_turnover_ratio": 0.97,
            "reinvestment_rate": 27.94,
            "research_to_sale_ratio": 1.82,
            "price_fair": 121.1,
            "eps_avg_yearly": 3.46,
            "eps_latest_yearly": 4.24,
            "eps_growth_yearly": 64.59
        },
        "20104": {
            "year_quarter": 20104,
            "year": 2010,
            "quarter": 4,
            "eps": 0.52,
            "eps_growth_year": -0.32,
            "eps_4q": 3.57,
            "eps_4q_growth_year": 13.61,
            "roe": 2.33,
            "roe_4q": 16.53,
            "gross_profit": 102612,
            "gross_margin": 20.34,
            "gross_margin_4q_avg": 22.39,
            "net_income": 43429,
            "revenue": 504429,
            "common_shares": 837831,
            "book_valuer_per_share": 22.68,
            "book_valuer_per_share_4q_avg": 22.43,
            "equity": 1900156,
            "current_ratio": 480.73,
            "debt_ratio": 30.01,
            "inventory_turnover_ratio": 2.02,
            "account_receivable_turnover_ratio": 0.9,
            "reinvestment_rate": 1.32,
            "research_to_sale_ratio": 1.36,
            "price_fair": 109.39,
            "eps_avg_yearly": 3.21,
            "eps_latest_yearly": 2.08,
            "eps_growth_yearly": 24.08
        },
        "20111": {
            "year_quarter": 20111,
            "year": 2011,
            "quarter": 1,
            "eps": 0.95,
            "eps_growth_year": 7.95,
            "eps_4q": 3.66,
            "eps_4q_growth_year": 10.44,
            "roe": 4.1,
            "roe_4q": 16.68,
            "gross_profit": 119109,
            "gross_margin": 23.3,
            "gross_margin_4q_avg": 22.12,
            "net_income": 80199,
            "revenue": 511210,
            "common_shares": 840909,
            "book_valuer_per_share": 23.88,
            "book_valuer_per_share_4q_avg": 22.71,
            "equity": 2008130,
            "current_ratio": 495.09,
            "debt_ratio": 29.03,
            "inventory_turnover_ratio": 1.98,
            "account_receivable_turnover_ratio": 0.96,
            "reinvestment_rate": 26.07,
            "research_to_sale_ratio": 1.34,
            "price_fair": 109.38,
            "eps_avg_yearly": 3.13,
            "eps_latest_yearly": 3.8,
            "eps_growth_yearly": 48.53
        },
        "20112": {
            "year_quarter": 20112,
            "year": 2011,
            "quarter": 2,
            "eps": 0.45,
            "eps_growth_year": -62.75,
            "eps_4q": 2.72,
            "eps_4q_growth_year": -18.75,
            "roe": 2.14,
            "roe_4q": 13.370000000000001,
            "gross_profit": 80270,
            "gross_margin": 16.95,
            "gross_margin_4q_avg": 21.18,
            "net_income": 41705,
            "revenue": 473506,
            "common_shares": 840953,
            "book_valuer_per_share": 22.37,
            "book_valuer_per_share_4q_avg": 22.88,
            "equity": 1881364,
            "current_ratio": 404.74,
            "debt_ratio": 32.72,
            "inventory_turnover_ratio": 2,
            "account_receivable_turnover_ratio": 0.88,
            "reinvestment_rate": 26.9,
            "research_to_sale_ratio": 1.52,
            "price_fair": 101.41,
            "eps_avg_yearly": 2.9,
            "eps_latest_yearly": 1.8,
            "eps_growth_yearly": 34.02
        },
        "20113": {
            "year_quarter": 20113,
            "year": 2011,
            "quarter": 3,
            "eps": 1.14,
            "eps_growth_year": 7.29,
            "eps_4q": 2.93,
            "eps_4q_growth_year": -20.1,
            "roe": 5.34,
            "roe_4q": 13.91,
            "gross_profit": 130957,
            "gross_margin": 24.55,
            "gross_margin_4q_avg": 21.29,
            "net_income": 105453,
            "revenue": 533479,
            "common_shares": 925044,
            "book_valuer_per_share": 22.36,
            "book_valuer_per_share_4q_avg": 22.82,
            "equity": 2068533,
            "current_ratio": 374.79,
            "debt_ratio": 28.73,
            "inventory_turnover_ratio": 1.88,
            "account_receivable_turnover_ratio": 0.95,
            "reinvestment_rate": 26.91,
            "research_to_sale_ratio": 1.17,
            "price_fair": 101.41,
            "eps_avg_yearly": 2.9,
            "eps_latest_yearly": 4.56,
            "eps_growth_yearly": 76.4
        },
        "20114": {
            "year_quarter": 20114,
            "year": 2011,
            "quarter": 4,
            "eps": 0.68,
            "eps_growth_year": 30.36,
            "eps_4q": 3.13,
            "eps_4q_growth_year": -12.3,
            "roe": 2.98,
            "roe_4q": 14.56,
            "gross_profit": 102798,
            "gross_margin": 18.67,
            "gross_margin_4q_avg": 20.87,
            "net_income": 62505,
            "revenue": 550661,
            "common_shares": 925044,
            "book_valuer_per_share": 22.98,
            "book_valuer_per_share_4q_avg": 22.9,
            "equity": 2126156,
            "current_ratio": 380.17,
            "debt_ratio": 28.43,
            "inventory_turnover_ratio": 1.95,
            "account_receivable_turnover_ratio": 0.94,
            "reinvestment_rate": 0.43,
            "research_to_sale_ratio": 1.13,
            "price_fair": 102.2,
            "eps_avg_yearly": 2.92,
            "eps_latest_yearly": 2.72,
            "eps_growth_yearly": 78.37
        },
        "20121": {
            "year_quarter": 20121,
            "year": 2012,
            "quarter": 1,
            "eps": 0.32,
            "eps_growth_year": -66.32,
            "eps_4q": 2.59,
            "eps_4q_growth_year": -29.25,
            "roe": 1.41,
            "roe_4q": 11.870000000000001,
            "gross_profit": 77484,
            "gross_margin": 18.4,
            "gross_margin_4q_avg": 19.64,
            "net_income": 30026,
            "revenue": 421025,
            "common_shares": 925044,
            "book_valuer_per_share": 23.12,
            "book_valuer_per_share_4q_avg": 22.71,
            "equity": 2138264,
            "current_ratio": 410.51,
            "debt_ratio": 26.73,
            "inventory_turnover_ratio": 1.54,
            "account_receivable_turnover_ratio": 0.79,
            "reinvestment_rate": 0.01,
            "research_to_sale_ratio": 1.35,
            "price_fair": 102.55,
            "eps_avg_yearly": 2.93,
            "eps_latest_yearly": 1.28,
            "eps_growth_yearly": 78.27
        },
        "20122": {
            "year_quarter": 20122,
            "year": 2012,
            "quarter": 2,
            "eps": 0.51,
            "eps_growth_year": 13.36,
            "eps_4q": 2.65,
            "eps_4q_growth_year": -2.49,
            "roe": 2.28,
            "roe_4q": 12.01,
            "gross_profit": 68161,
            "gross_margin": 15.48,
            "gross_margin_4q_avg": 19.28,
            "net_income": 47278,
            "revenue": 440200,
            "common_shares": 925044,
            "book_valuer_per_share": 21.74,
            "book_valuer_per_share_4q_avg": 22.55,
            "equity": 2011505,
            "current_ratio": 327.79,
            "debt_ratio": 31.93,
            "inventory_turnover_ratio": 1.67,
            "account_receivable_turnover_ratio": 0.89,
            "reinvestment_rate": -0.86,
            "research_to_sale_ratio": 1.13,
            "price_fair": 102.46,
            "eps_avg_yearly": 2.93,
            "eps_latest_yearly": 2.04,
            "eps_growth_yearly": 71.69
        },
        "20123": {
            "year_quarter": 20123,
            "year": 2012,
            "quarter": 3,
            "eps": 0.65,
            "eps_growth_year": -43.16,
            "eps_4q": 2.16,
            "eps_4q_growth_year": -26.23,
            "roe": 2.95,
            "roe_4q": 9.620000000000001,
            "gross_profit": 111661,
            "gross_margin": 23.29,
            "gross_margin_4q_avg": 18.96,
            "net_income": 59942,
            "revenue": 479506,
            "common_shares": 925044,
            "book_valuer_per_share": 22.15,
            "book_valuer_per_share_4q_avg": 22.5,
            "equity": 2049187,
            "current_ratio": 357.89,
            "debt_ratio": 30.81,
            "inventory_turnover_ratio": 1.57,
            "account_receivable_turnover_ratio": 0.95,
            "reinvestment_rate": -2.58,
            "research_to_sale_ratio": 1.25,
            "price_fair": 103.86,
            "eps_avg_yearly": 2.97,
            "eps_latest_yearly": 2.6,
            "eps_growth_yearly": 79.99
        },
        "20124": {
            "year_quarter": 20124,
            "year": 2012,
            "quarter": 4,
            "eps": 0.62,
            "eps_growth_year": -8.6,
            "eps_4q": 2.1,
            "eps_4q_growth_year": -32.94,
            "roe": 2.76,
            "roe_4q": 9.4,
            "gross_profit": 85990,
            "gross_margin": 19.31,
            "gross_margin_4q_avg": 19.12,
            "net_income": 57131,
            "revenue": 445425,
            "common_shares": 925044,
            "book_valuer_per_share": 22.65,
            "book_valuer_per_share_4q_avg": 22.42,
            "equity": 2095576,
            "current_ratio": 595.23,
            "debt_ratio": 21.79,
            "inventory_turnover_ratio": 1.61,
            "account_receivable_turnover_ratio": 0.9,
            "reinvestment_rate": 1.51,
            "research_to_sale_ratio": 1.24,
            "price_fair": 106.66,
            "eps_avg_yearly": 3.05,
            "eps_latest_yearly": 2.48,
            "eps_growth_yearly": 88.53
        },
        "20131": {
            "year_quarter": 20131,
            "year": 2013,
            "quarter": 1,
            "eps": 0.71,
            "eps_growth_year": 121.88,
            "eps_4q": 2.48,
            "eps_4q_growth_year": -4.22,
            "roe": 3.04,
            "roe_4q": 11.03,
            "gross_profit": 94179,
            "gross_margin": 23.7,
            "gross_margin_4q_avg": 20.45,
            "net_income": 65230,
            "revenue": 397414,
            "common_shares": 925044,
            "book_valuer_per_share": 23.81,
            "book_valuer_per_share_4q_avg": 22.59,
            "equity": 2202509,
            "current_ratio": 620.15,
            "debt_ratio": 20.71,
            "inventory_turnover_ratio": 1.53,
            "account_receivable_turnover_ratio": 0.81,
            "reinvestment_rate": 3.59,
            "research_to_sale_ratio": 1.58,
            "price_fair": 106.58,
            "eps_avg_yearly": 3.05,
            "eps_latest_yearly": 2.84,
            "eps_growth_yearly": 57.16
        },
        "20132": {
            "year_quarter": 20132,
            "year": 2013,
            "quarter": 2,
            "eps": 0.89,
            "eps_growth_year": 74.14,
            "eps_4q": 2.86,
            "eps_4q_growth_year": 8.01,
            "roe": 3.76,
            "roe_4q": 12.509999999999998,
            "gross_profit": 109209,
            "gross_margin": 22.31,
            "gross_margin_4q_avg": 22.15,
            "net_income": 82608,
            "revenue": 489610,
            "common_shares": 925044,
            "book_valuer_per_share": 23.69,
            "book_valuer_per_share_4q_avg": 23.08,
            "equity": 2191159,
            "current_ratio": 429.51,
            "debt_ratio": 26.32,
            "inventory_turnover_ratio": 1.83,
            "account_receivable_turnover_ratio": 0.91,
            "reinvestment_rate": 4.99,
            "research_to_sale_ratio": 1.25,
            "price_fair": 103.86,
            "eps_avg_yearly": 2.97,
            "eps_latest_yearly": 3.56,
            "eps_growth_yearly": 46.83
        },
        "20133": {
            "year_quarter": 20133,
            "year": 2013,
            "quarter": 3,
            "eps": 0.77,
            "eps_growth_year": 18.83,
            "eps_4q": 2.99,
            "eps_4q_growth_year": 38.66,
            "roe": 3.24,
            "roe_4q": 12.799999999999999,
            "gross_profit": 116212,
            "gross_margin": 25.14,
            "gross_margin_4q_avg": 22.62,
            "net_income": 72003,
            "revenue": 462223,
            "common_shares": 925044,
            "book_valuer_per_share": 24.38,
            "book_valuer_per_share_4q_avg": 23.63,
            "equity": 2255232,
            "current_ratio": 593.04,
            "debt_ratio": 21.18,
            "inventory_turnover_ratio": 1.79,
            "account_receivable_turnover_ratio": 0.84,
            "reinvestment_rate": 5.67,
            "research_to_sale_ratio": 1.33,
            "price_fair": 103.95,
            "eps_avg_yearly": 2.97,
            "eps_latest_yearly": 3.08,
            "eps_growth_yearly": 52.63
        },
        "20134": {
            "year_quarter": 20134,
            "year": 2013,
            "quarter": 4,
            "eps": 0.71,
            "eps_growth_year": 14.49,
            "eps_4q": 3.08,
            "eps_4q_growth_year": 46.75,
            "roe": 2.85,
            "roe_4q": 12.89,
            "gross_profit": 92883,
            "gross_margin": 19.28,
            "gross_margin_4q_avg": 22.61,
            "net_income": 65409,
            "revenue": 481741,
            "common_shares": 925044,
            "book_valuer_per_share": 25.17,
            "book_valuer_per_share_4q_avg": 24.26,
            "equity": 2328476,
            "current_ratio": 501.4,
            "debt_ratio": 23.4,
            "inventory_turnover_ratio": 2.16,
            "account_receivable_turnover_ratio": 0.93,
            "reinvestment_rate": -4.78,
            "research_to_sale_ratio": 1.16,
            "price_fair": 105.61,
            "eps_avg_yearly": 3.02,
            "eps_latest_yearly": 2.84,
            "eps_growth_yearly": 58.57
        },
        "20141": {
            "year_quarter": 20141,
            "year": 2014,
            "quarter": 1,
            "eps": 0.94,
            "eps_growth_year": 32.39,
            "eps_4q": 3.29,
            "eps_4q_growth_year": 32.58,
            "roe": 3.65,
            "roe_4q": 13.5,
            "gross_profit": 108011,
            "gross_margin": 23.07,
            "gross_margin_4q_avg": 22.45,
            "net_income": 87153,
            "revenue": 468244,
            "common_shares": 933568,
            "book_valuer_per_share": 26.27,
            "book_valuer_per_share_4q_avg": 24.88,
            "equity": 2452451,
            "current_ratio": 536.45,
            "debt_ratio": 21.34,
            "inventory_turnover_ratio": 2.05,
            "account_receivable_turnover_ratio": 0.9,
            "reinvestment_rate": -4.35,
            "research_to_sale_ratio": 1.15,
            "price_fair": 106.14,
            "eps_avg_yearly": 3.03,
            "eps_latest_yearly": 3.76,
            "eps_growth_yearly": 49.36
        },
        "20142": {
            "year_quarter": 20142,
            "year": 2014,
            "quarter": 2,
            "eps": 0.65,
            "eps_growth_year": -26.97,
            "eps_4q": 3.06,
            "eps_4q_growth_year": 6.68,
            "roe": 2.56,
            "roe_4q": 12.3,
            "gross_profit": 93579,
            "gross_margin": 22.15,
            "gross_margin_4q_avg": 22.41,
            "net_income": 60648,
            "revenue": 422410,
            "common_shares": 933568,
            "book_valuer_per_share": 24.49,
            "book_valuer_per_share_4q_avg": 25.08,
            "equity": 2286280,
            "current_ratio": 410.21,
            "debt_ratio": 25.88,
            "inventory_turnover_ratio": 2.15,
            "account_receivable_turnover_ratio": 0.83,
            "reinvestment_rate": -3.53,
            "research_to_sale_ratio": 1.27,
            "price_fair": 101.24,
            "eps_avg_yearly": 2.89,
            "eps_latest_yearly": 2.6,
            "eps_growth_yearly": 32.28
        },
        "20143": {
            "year_quarter": 20143,
            "year": 2014,
            "quarter": 3,
            "eps": 0.82,
            "eps_growth_year": 6.49,
            "eps_4q": 3.11,
            "eps_4q_growth_year": 3.82,
            "roe": 3.29,
            "roe_4q": 12.35,
            "gross_profit": 97324,
            "gross_margin": 22.64,
            "gross_margin_4q_avg": 21.79,
            "net_income": 76981,
            "revenue": 429790,
            "common_shares": 933568,
            "book_valuer_per_share": 25.57,
            "book_valuer_per_share_4q_avg": 25.38,
            "equity": 2386688,
            "current_ratio": 661.21,
            "debt_ratio": 18.74,
            "inventory_turnover_ratio": 2.4,
            "account_receivable_turnover_ratio": 0.83,
            "reinvestment_rate": -3,
            "research_to_sale_ratio": 1.16,
            "price_fair": 99.14,
            "eps_avg_yearly": 2.83,
            "eps_latest_yearly": 3.28,
            "eps_growth_yearly": 41.91
        },
        "20144": {
            "year_quarter": 20144,
            "year": 2014,
            "quarter": 4,
            "eps": 0.62,
            "eps_growth_year": -11.93,
            "eps_4q": 3.03,
            "eps_4q_growth_year": -1.72,
            "roe": 2.39,
            "roe_4q": 11.89,
            "gross_profit": 62444,
            "gross_margin": 15.02,
            "gross_margin_4q_avg": 20.72,
            "net_income": 58135,
            "revenue": 415838,
            "common_shares": 933568,
            "book_valuer_per_share": 26.6,
            "book_valuer_per_share_4q_avg": 25.73,
            "equity": 2483498,
            "current_ratio": 670.29,
            "debt_ratio": 18.73,
            "inventory_turnover_ratio": 2.94,
            "account_receivable_turnover_ratio": 0.81,
            "reinvestment_rate": -1.08,
            "research_to_sale_ratio": 1.31,
            "price_fair": 100.01,
            "eps_avg_yearly": 2.86,
            "eps_latest_yearly": 2.48,
            "eps_growth_yearly": 48.55
        },
        "20151": {
            "year_quarter": 20151,
            "year": 2015,
            "quarter": 1,
            "eps": 0.42,
            "eps_growth_year": -55.32,
            "eps_4q": 2.52,
            "eps_4q_growth_year": -23.43,
            "roe": 1.58,
            "roe_4q": 9.82,
            "gross_profit": 76379,
            "gross_margin": 21.71,
            "gross_margin_4q_avg": 20.38,
            "net_income": 39450,
            "revenue": 351751,
            "common_shares": 933568,
            "book_valuer_per_share": 26.89,
            "book_valuer_per_share_4q_avg": 25.89,
            "equity": 2510664,
            "current_ratio": 707.77,
            "debt_ratio": 17.87,
            "inventory_turnover_ratio": 2.4,
            "account_receivable_turnover_ratio": 0.73,
            "reinvestment_rate": -1.73,
            "research_to_sale_ratio": 1.47,
            "price_fair": 81.25,
            "eps_avg_yearly": 2.73,
            "eps_latest_yearly": 1.68,
            "eps_growth_yearly": 19.82
        },
        "20152": {
            "year_quarter": 20152,
            "year": 2015,
            "quarter": 2,
            "eps": 0.28,
            "eps_growth_year": -56.92,
            "eps_4q": 2.15,
            "eps_4q_growth_year": -29.58,
            "roe": 1.07,
            "roe_4q": 8.330000000000002,
            "gross_profit": 77463,
            "gross_margin": 20.44,
            "gross_margin_4q_avg": 19.95,
            "net_income": 26289,
            "revenue": 378918,
            "common_shares": 933568,
            "book_valuer_per_share": 25.7,
            "book_valuer_per_share_4q_avg": 26.19,
            "equity": 2398878,
            "current_ratio": 501.5,
            "debt_ratio": 22.55,
            "inventory_turnover_ratio": 2.23,
            "account_receivable_turnover_ratio": 0.82,
            "reinvestment_rate": -1.76,
            "research_to_sale_ratio": 1.24,
            "price_fair": 92.92,
            "eps_avg_yearly": 2.68,
            "eps_latest_yearly": 1.12,
            "eps_growth_yearly": 24.64
        },
        "20153": {
            "year_quarter": 20153,
            "year": 2015,
            "quarter": 3,
            "eps": 1.13,
            "eps_growth_year": 37.8,
            "eps_4q": 2.45,
            "eps_4q_growth_year": -21.05,
            "roe": 4.24,
            "roe_4q": 9.280000000000001,
            "gross_profit": 99837,
            "gross_margin": 24.75,
            "gross_margin_4q_avg": 20.48,
            "net_income": 105230,
            "revenue": 403426,
            "common_shares": 933568,
            "book_valuer_per_share": 27.43,
            "book_valuer_per_share_4q_avg": 26.66,
            "equity": 2560708,
            "current_ratio": 758.24,
            "debt_ratio": 17.5,
            "inventory_turnover_ratio": 2.16,
            "account_receivable_turnover_ratio": 0.82,
            "reinvestment_rate": -2.46,
            "research_to_sale_ratio": 1.13,
            "price_fair": 93.8,
            "eps_avg_yearly": 2.68,
            "eps_latest_yearly": 4.52,
            "eps_growth_yearly": 62.2
        },
        "20154": {
            "year_quarter": 20154,
            "year": 2015,
            "quarter": 4,
            "eps": 0.77,
            "eps_growth_year": 24.03,
            "eps_4q": 2.6,
            "eps_4q_growth_year": -14.08,
            "roe": 2.79,
            "roe_4q": 9.68,
            "gross_profit": 121749,
            "gross_margin": 26.24,
            "gross_margin_4q_avg": 23.29,
            "net_income": 72107,
            "revenue": 463998,
            "common_shares": 933568,
            "book_valuer_per_share": 27.96,
            "book_valuer_per_share_4q_avg": 27,
            "equity": 2610128,
            "current_ratio": 630.38,
            "debt_ratio": 19.46,
            "inventory_turnover_ratio": 2.35,
            "account_receivable_turnover_ratio": 0.87,
            "reinvestment_rate": -1.84,
            "research_to_sale_ratio": 1.17,
            "price_fair": 94.59,
            "eps_avg_yearly": 2.7,
            "eps_latest_yearly": 3.08,
            "eps_growth_yearly": 64.32
        },
        "20161": {
            "year_quarter": 20161,
            "year": 2016,
            "quarter": 1,
            "eps": 0.62,
            "eps_growth_year": 47.62,
            "eps_4q": 2.8,
            "eps_4q_growth_year": 11.16,
            "roe": 2.2,
            "roe_4q": 10.3,
            "gross_profit": 105976,
            "gross_margin": 25.51,
            "gross_margin_4q_avg": 24.24,
            "net_income": 57849,
            "revenue": 415349,
            "common_shares": 933568,
            "book_valuer_per_share": 28.44,
            "book_valuer_per_share_4q_avg": 27.38,
            "equity": 2655353,
            "current_ratio": 692.07,
            "debt_ratio": 17.86,
            "inventory_turnover_ratio": 2.11,
            "account_receivable_turnover_ratio": 0.76,
            "reinvestment_rate": -0.54,
            "research_to_sale_ratio": 1.12,
            "price_fair": 97.21,
            "eps_avg_yearly": 2.78,
            "eps_latest_yearly": 2.48,
            "eps_growth_yearly": 72.69
        },
        "20162": {
            "year_quarter": 20162,
            "year": 2016,
            "quarter": 2,
            "eps": 0.38,
            "eps_growth_year": 35.71,
            "eps_4q": 2.89,
            "eps_4q_growth_year": 34.56,
            "roe": 1.35,
            "roe_4q": 10.58,
            "gross_profit": 72140,
            "gross_margin": 19.92,
            "gross_margin_4q_avg": 24.11,
            "net_income": 35081,
            "revenue": 362146,
            "common_shares": 933568,
            "book_valuer_per_share": 27.37,
            "book_valuer_per_share_4q_avg": 27.8,
            "equity": 2555338,
            "current_ratio": 565.55,
            "debt_ratio": 20.54,
            "inventory_turnover_ratio": 2.23,
            "account_receivable_turnover_ratio": 0.73,
            "reinvestment_rate": -0.69,
            "research_to_sale_ratio": 1.42,
            "price_fair": 96.08,
            "eps_avg_yearly": 2.75,
            "eps_latest_yearly": 1.52,
            "eps_growth_yearly": 48.17
        },
        "20163": {
            "year_quarter": 20163,
            "year": 2016,
            "quarter": 3,
            "eps": 0.42,
            "eps_growth_year": -62.83,
            "eps_4q": 2.19,
            "eps_4q_growth_year": -10.76,
            "roe": 1.54,
            "roe_4q": 7.88,
            "gross_profit": 105767,
            "gross_margin": 26.58,
            "gross_margin_4q_avg": 24.56,
            "net_income": 39411,
            "revenue": 397975,
            "common_shares": 933568,
            "book_valuer_per_share": 27.45,
            "book_valuer_per_share_4q_avg": 27.81,
            "equity": 2562614,
            "current_ratio": 453.62,
            "debt_ratio": 23.99,
            "inventory_turnover_ratio": 2.16,
            "account_receivable_turnover_ratio": 0.84,
            "reinvestment_rate": 0.07,
            "research_to_sale_ratio": 1.14,
            "price_fair": 94.06,
            "eps_avg_yearly": 2.69,
            "eps_latest_yearly": 1.68,
            "eps_growth_yearly": 43.94
        },
        "20164": {
            "year_quarter": 20164,
            "year": 2016,
            "quarter": 4,
            "eps": 0.7,
            "eps_growth_year": -9.71,
            "eps_4q": 2.11,
            "eps_4q_growth_year": -18.77,
            "roe": 2.51,
            "roe_4q": 7.6000000000000005,
            "gross_profit": 87316,
            "gross_margin": 22.09,
            "gross_margin_4q_avg": 23.53,
            "net_income": 65102,
            "revenue": 395290,
            "common_shares": 933568,
            "book_valuer_per_share": 28.15,
            "book_valuer_per_share_4q_avg": 27.85,
            "equity": 2627852,
            "current_ratio": 448.24,
            "debt_ratio": 24.36,
            "inventory_turnover_ratio": 2.16,
            "account_receivable_turnover_ratio": 0.82,
            "reinvestment_rate": -2.06,
            "research_to_sale_ratio": 1.17,
            "price_fair": 94.76,
            "eps_avg_yearly": 2.71,
            "eps_latest_yearly": 2.8,
            "eps_growth_yearly": 61.76
        },
        "20171": {
            "year_quarter": 20171,
            "year": 2017,
            "quarter": 1,
            "eps": 0.02,
            "eps_growth_year": -96.77,
            "eps_4q": 1.52,
            "eps_4q_growth_year": -45.75,
            "roe": 0.09,
            "roe_4q": 5.49,
            "gross_profit": 88277,
            "gross_margin": 24.03,
            "gross_margin_4q_avg": 23.16,
            "net_income": 2251,
            "revenue": 367379,
            "common_shares": 933568,
            "book_valuer_per_share": 27.55,
            "book_valuer_per_share_4q_avg": 27.63,
            "equity": 2572185,
            "current_ratio": 440.33,
            "debt_ratio": 24.35,
            "inventory_turnover_ratio": 1.86,
            "account_receivable_turnover_ratio": 0.81,
            "reinvestment_rate": -5.84,
            "research_to_sale_ratio": 1.11,
            "price_fair": 88.73,
            "eps_avg_yearly": 2.54,
            "eps_latest_yearly": 0.08,
            "eps_growth_yearly": 33.84
        },
        "20172": {
            "year_quarter": 20172,
            "year": 2017,
            "quarter": 2,
            "eps": 0.47,
            "eps_growth_year": 23.68,
            "eps_4q": 1.62,
            "eps_4q_growth_year": -44.09,
            "roe": 1.74,
            "roe_4q": 5.88,
            "gross_profit": 71599,
            "gross_margin": 19.22,
            "gross_margin_4q_avg": 22.98,
            "net_income": 44337,
            "revenue": 372486,
            "common_shares": 933568,
            "book_valuer_per_share": 26.93,
            "book_valuer_per_share_4q_avg": 27.52,
            "equity": 2514503,
            "current_ratio": 353.93,
            "debt_ratio": 29.06,
            "inventory_turnover_ratio": 1.84,
            "account_receivable_turnover_ratio": 0.83,
            "reinvestment_rate": -3.87,
            "research_to_sale_ratio": 1.33,
            "price_fair": 85.05,
            "eps_avg_yearly": 2.43,
            "eps_latest_yearly": 1.88,
            "eps_growth_yearly": 590
        },
        "20173": {
            "year_quarter": 20173,
            "year": 2017,
            "quarter": 3,
            "eps": 0.23,
            "eps_growth_year": -45.24,
            "eps_4q": 1.42,
            "eps_4q_growth_year": -35.09,
            "roe": 0.83,
            "roe_4q": 5.17,
            "gross_profit": 44580,
            "gross_margin": 15.02,
            "gross_margin_4q_avg": 20.09,
            "net_income": 21023,
            "revenue": 296736,
            "common_shares": 933568,
            "book_valuer_per_share": 27.21,
            "book_valuer_per_share_4q_avg": 27.46,
            "equity": 2540157,
            "current_ratio": 451.08,
            "debt_ratio": 24.01,
            "inventory_turnover_ratio": 1.82,
            "account_receivable_turnover_ratio": 0.71,
            "reinvestment_rate": -2.47,
            "research_to_sale_ratio": 1.62,
            "price_fair": 80.33,
            "eps_avg_yearly": 2.3,
            "eps_latest_yearly": 0.92,
            "eps_growth_yearly": 580.61
        },
        "20174": {
            "year_quarter": 20174,
            "year": 2017,
            "quarter": 4,
            "eps": 0.19,
            "eps_growth_year": -73.27,
            "eps_4q": 0.91,
            "eps_4q_growth_year": -56.94,
            "roe": 0.68,
            "roe_4q": 3.34,
            "gross_profit": 57694,
            "gross_margin": 19.75,
            "gross_margin_4q_avg": 19.51,
            "net_income": 17401,
            "revenue": 292111,
            "common_shares": 933568,
            "book_valuer_per_share": 27.34,
            "book_valuer_per_share_4q_avg": 27.26,
            "equity": 2552028,
            "current_ratio": 435.98,
            "debt_ratio": 24.5,
            "inventory_turnover_ratio": 1.95,
            "account_receivable_turnover_ratio": 0.79,
            "reinvestment_rate": -3.98,
            "research_to_sale_ratio": 1.91,
            "price_fair": 75.78,
            "eps_avg_yearly": 2.17,
            "eps_latest_yearly": 0.76,
            "eps_growth_yearly": 578.21
        },
        "20181": {
            "year_quarter": 20181,
            "year": 2018,
            "quarter": 1,
            "eps": 0,
            "eps_growth_year": -100,
            "eps_4q": 0.89,
            "eps_4q_growth_year": -41.51,
            "roe": 0.01,
            "roe_4q": 3.26,
            "gross_profit": 37389,
            "gross_margin": 14.73,
            "gross_margin_4q_avg": 17.18,
            "net_income": 200,
            "revenue": 253772,
            "common_shares": 933568,
            "book_valuer_per_share": 27.27,
            "book_valuer_per_share_4q_avg": 27.19,
            "equity": 2546120,
            "current_ratio": 454.72,
            "debt_ratio": 23.84,
            "inventory_turnover_ratio": 1.74,
            "account_receivable_turnover_ratio": 0.73,
            "reinvestment_rate": -9.71,
            "research_to_sale_ratio": 1.65,
            "price_fair": 72.05,
            "eps_avg_yearly": 2.06,
            "eps_latest_yearly": 0.76,
            "eps_growth_yearly": 608.12
        },
        "20182": {
            "year_quarter": 20182,
            "year": 2018,
            "quarter": 2,
            "eps": 0.56,
            "eps_growth_year": 19.15,
            "eps_4q": 0.98,
            "eps_4q_growth_year": -39.67,
            "roe": 2.06,
            "roe_4q": 3.58,
            "gross_profit": 31188,
            "gross_margin": 12.1,
            "gross_margin_4q_avg": 15.4,
            "net_income": 52536,
            "revenue": 257720,
            "common_shares": 933568,
            "book_valuer_per_share": 27.47,
            "book_valuer_per_share_4q_avg": 27.32,
            "equity": 2564209,
            "current_ratio": 425.95,
            "debt_ratio": 25.29,
            "inventory_turnover_ratio": 1.85,
            "account_receivable_turnover_ratio": 0.76,
            "reinvestment_rate": -10.92,
            "research_to_sale_ratio": 1.66,
            "price_fair": 70.7,
            "eps_avg_yearly": 2.02,
            "eps_latest_yearly": 0.76,
            "eps_growth_yearly": 660.37
        },
        "20183": {
            "year_quarter": 20183,
            "year": 2018,
            "quarter": 3,
            "eps": 0.24,
            "eps_growth_year": 4.35,
            "eps_4q": 0.99,
            "eps_4q_growth_year": -30.33,
            "roe": 0.87,
            "roe_4q": 3.62,
            "gross_profit": 46543,
            "gross_margin": 16.64,
            "gross_margin_4q_avg": 15.81,
            "net_income": 22330,
            "revenue": 279713,
            "common_shares": 933568,
            "book_valuer_per_share": 27.56,
            "book_valuer_per_share_4q_avg": 27.41,
            "equity": 2572509,
            "current_ratio": 468.55,
            "debt_ratio": 23.47,
            "inventory_turnover_ratio": 1.85,
            "account_receivable_turnover_ratio": 0.78,
            "reinvestment_rate": -12.96,
            "research_to_sale_ratio": 1.67,
            "price_fair": 64.9,
            "eps_avg_yearly": 1.85,
            "eps_latest_yearly": 0.96,
            "eps_growth_yearly": 636.57
        },
        "20184": {
            "year_quarter": 20184,
            "year": 2018,
            "quarter": 4,
            "eps": 0.28,
            "eps_growth_year": 51.87,
            "eps_4q": 1.09,
            "eps_4q_growth_year": 19.39,
            "roe": 1.02,
            "roe_4q": 3.96,
            "gross_profit": 49955,
            "gross_margin": 17.15,
            "gross_margin_4q_avg": 15.16,
            "net_income": 26426,
            "revenue": 291206,
            "common_shares": 933568,
            "book_valuer_per_share": 27.97,
            "book_valuer_per_share_4q_avg": 27.57,
            "equity": 2611186,
            "current_ratio": 444.19,
            "debt_ratio": 24.51,
            "inventory_turnover_ratio": 1.87,
            "account_receivable_turnover_ratio": 0.79,
            "reinvestment_rate": -14.76,
            "research_to_sale_ratio": 1.69,
            "price_fair": 61.5,
            "eps_avg_yearly": 1.76,
            "eps_latest_yearly": 1.12,
            "eps_growth_yearly": 648.3
        },
        "20191": {
            "year_quarter": 20191,
            "year": 2019,
            "quarter": 1,
            "eps": 0.16,
            "eps_growth_year": null,
            "eps_4q": 1.24,
            "eps_4q_growth_year": 39.81,
            "roe": 0.56,
            "roe_4q": 4.51,
            "gross_profit": 27308,
            "gross_margin": 12.22,
            "gross_margin_4q_avg": 14.53,
            "net_income": 14698,
            "revenue": 223513,
            "common_shares": 933568,
            "book_valuer_per_share": 28.38,
            "book_valuer_per_share_4q_avg": 27.85,
            "equity": 2649044,
            "current_ratio": 470.37,
            "debt_ratio": 23.46,
            "inventory_turnover_ratio": 1.53,
            "account_receivable_turnover_ratio": 0.66,
            "reinvestment_rate": -15.27,
            "research_to_sale_ratio": 1.95,
            "price_fair": 58.9,
            "eps_avg_yearly": 1.68,
            "eps_latest_yearly": 0.64,
            "eps_growth_yearly": 645.27
        },
        "20192": {
            "year_quarter": 20192,
            "year": 2019,
            "quarter": 2,
            "eps": 0.21,
            "eps_growth_year": -62.5,
            "eps_4q": 0.89,
            "eps_4q_growth_year": -8.62,
            "roe": 0.76,
            "roe_4q": 3.21,
            "gross_profit": 18493,
            "gross_margin": 9.21,
            "gross_margin_4q_avg": 13.81,
            "net_income": 19848,
            "revenue": 200806,
            "common_shares": 933568,
            "book_valuer_per_share": 27.9,
            "book_valuer_per_share_4q_avg": 27.95,
            "equity": 2605050,
            "current_ratio": 572.46,
            "debt_ratio": 20.44,
            "inventory_turnover_ratio": 1.47,
            "account_receivable_turnover_ratio": 0.67,
            "reinvestment_rate": -13.63,
            "research_to_sale_ratio": 2.21,
            "price_fair": 58.2,
            "eps_avg_yearly": 1.66,
            "eps_latest_yearly": 0.84,
            "eps_growth_yearly": 663.72
        },
        "20193": {
            "year_quarter": 20193,
            "year": 2019,
            "quarter": 3,
            "eps": -0.07,
            "eps_growth_year": -129.17,
            "eps_4q": 0.59,
            "eps_4q_growth_year": -40.65,
            "roe": -0.23,
            "roe_4q": 2.1100000000000003,
            "gross_profit": 6220,
            "gross_margin": 3.46,
            "gross_margin_4q_avg": 10.51,
            "net_income": -6097,
            "revenue": 179813,
            "common_shares": 933568,
            "book_valuer_per_share": 27.71,
            "book_valuer_per_share_4q_avg": 27.99,
            "equity": 2586871,
            "current_ratio": 935,
            "debt_ratio": 14.93,
            "inventory_turnover_ratio": 1.62,
            "account_receivable_turnover_ratio": 0.68,
            "reinvestment_rate": -18.8,
            "research_to_sale_ratio": 2.53,
            "price_fair": 50.51,
            "eps_avg_yearly": 1.44,
            "eps_latest_yearly": 0.84,
            "eps_growth_yearly": 621.37
        },
        "20194": {
            "year_quarter": 20194,
            "year": 2019,
            "quarter": 4,
            "eps": -0.27,
            "eps_growth_year": -196.02,
            "eps_4q": 0.03,
            "eps_4q_growth_year": -96.97,
            "roe": -0.99,
            "roe_4q": 0.10000000000000009,
            "gross_profit": 14846,
            "gross_margin": 8.43,
            "gross_margin_4q_avg": 8.33,
            "net_income": -25375,
            "revenue": 176077,
            "common_shares": 933568,
            "book_valuer_per_share": 27.16,
            "book_valuer_per_share_4q_avg": 27.79,
            "equity": 2535828,
            "current_ratio": 901.31,
            "debt_ratio": 14.85,
            "inventory_turnover_ratio": 1.63,
            "account_receivable_turnover_ratio": 0.75,
            "reinvestment_rate": -24.94,
            "research_to_sale_ratio": 2.49,
            "price_fair": 45.73,
            "eps_avg_yearly": 1.31,
            "eps_latest_yearly": 0.84,
            "eps_growth_yearly": 683.77
        },
        "20201": {
            "year_quarter": 20201,
            "year": 2020,
            "quarter": 1,
            "eps": -0.05,
            "eps_growth_year": -131.25,
            "eps_4q": -0.17,
            "eps_4q_growth_year": -113.75,
            "roe": -0.17,
            "roe_4q": -0.6299999999999999,
            "gross_profit": 6411,
            "gross_margin": 4.32,
            "gross_margin_4q_avg": 6.36,
            "net_income": -4320,
            "revenue": 148305,
            "common_shares": 933568,
            "book_valuer_per_share": 27.05,
            "book_valuer_per_share_4q_avg": 27.46,
            "equity": 2525495,
            "current_ratio": 1013.69,
            "debt_ratio": 13.93,
            "inventory_turnover_ratio": 1.41,
            "account_receivable_turnover_ratio": 0.75,
            "reinvestment_rate": -33.54,
            "research_to_sale_ratio": 3.17,
            "price_fair": 42,
            "eps_avg_yearly": 1.2,
            "eps_latest_yearly": 0.84,
            "eps_growth_yearly": 753.02
        },
        "20202": {
            "year_quarter": 20202,
            "year": 2020,
            "quarter": 2,
            "eps": 0.49,
            "eps_growth_year": 133.33,
            "eps_4q": 0.1,
            "eps_4q_growth_year": -88.46,
            "roe": 1.8,
            "roe_4q": 0.41000000000000014,
            "gross_profit": 10485,
            "gross_margin": 6.38,
            "gross_margin_4q_avg": 5.65,
            "net_income": 45401,
            "revenue": 164315,
            "common_shares": 933568,
            "book_valuer_per_share": 27.11,
            "book_valuer_per_share_4q_avg": 27.26,
            "equity": 2530660,
            "current_ratio": 885.72,
            "debt_ratio": 11.15,
            "inventory_turnover_ratio": 1.75,
            "account_receivable_turnover_ratio": 0.91,
            "reinvestment_rate": -33.31,
            "research_to_sale_ratio": 2.96,
            "price_fair": 40.88,
            "eps_avg_yearly": 1.17,
            "eps_latest_yearly": 0.84,
            "eps_growth_yearly": 843.8
        },
        "20203": {
            "year_quarter": 20203,
            "year": 2020,
            "quarter": 3,
            "eps": -0.02,
            "eps_growth_year": null,
            "eps_4q": 0.15,
            "eps_4q_growth_year": -74.36,
            "roe": -0.06,
            "roe_4q": 0.5800000000000001,
            "gross_profit": 22485,
            "gross_margin": 13.01,
            "gross_margin_4q_avg": 8.04,
            "net_income": -1636,
            "revenue": 172852,
            "common_shares": 933568,
            "book_valuer_per_share": 27.19,
            "book_valuer_per_share_4q_avg": 27.13,
            "equity": 2538321,
            "current_ratio": 924.99,
            "debt_ratio": 10.68,
            "inventory_turnover_ratio": 1.86,
            "account_receivable_turnover_ratio": 0.94,
            "reinvestment_rate": -38.23,
            "research_to_sale_ratio": 2.7,
            "price_fair": 38.89,
            "eps_avg_yearly": 1.11,
            "eps_latest_yearly": 0.84,
            "eps_growth_yearly": 932.88
        },
        "20204": {
            "year_quarter": 20204,
            "year": 2020,
            "quarter": 4,
            "eps": -0.26,
            "eps_growth_year": null,
            "eps_4q": 0.16,
            "eps_4q_growth_year": 383.68,
            "roe": -0.97,
            "roe_4q": 0.6,
            "gross_profit": 19595,
            "gross_margin": 10.01,
            "gross_margin_4q_avg": 8.43,
            "net_income": -24577,
            "revenue": 195831,
            "common_shares": 933568,
            "book_valuer_per_share": 27.02,
            "book_valuer_per_share_4q_avg": 27.09,
            "equity": 2522348,
            "current_ratio": 757.21,
            "debt_ratio": 12.63,
            "inventory_turnover_ratio": 1.88,
            "account_receivable_turnover_ratio": 0.98,
            "reinvestment_rate": -66.11,
            "research_to_sale_ratio": 2.27,
            "price_fair": 31.5,
            "eps_avg_yearly": 0.9,
            "eps_latest_yearly": 0.84,
            "eps_growth_yearly": 1016.16
        },
        "20211": {
            "year_quarter": 20211,
            "year": 2021,
            "quarter": 1,
            "eps": -0.17,
            "eps_growth_year": null,
            "eps_4q": 0.03,
            "eps_4q_growth_year": null,
            "roe": -0.64,
            "roe_4q": 0.13000000000000012,
            "gross_profit": 10745,
            "gross_margin": 5.45,
            "gross_margin_4q_avg": 8.71,
            "net_income": -16081,
            "revenue": 197161,
            "common_shares": 933568,
            "book_valuer_per_share": 26.86,
            "book_valuer_per_share_4q_avg": 27.05,
            "equity": 2507414,
            "current_ratio": 821.47,
            "debt_ratio": 11.65,
            "inventory_turnover_ratio": 1.8,
            "account_receivable_turnover_ratio": 0.9,
            "reinvestment_rate": -71.18,
            "research_to_sale_ratio": 2.52,
            "price_fair": 35.6,
            "eps_avg_yearly": 1.02,
            "eps_latest_yearly": 0.84,
            "eps_growth_yearly": 1216.84
        },
        "20212": {
            "year_quarter": 20212,
            "year": 2021,
            "quarter": 2,
            "eps": -0.42,
            "eps_growth_year": -185.71,
            "eps_4q": -0.88,
            "eps_4q_growth_year": -950.65,
            "roe": -1.59,
            "roe_4q": -3.2600000000000002,
            "gross_profit": -1460,
            "gross_margin": -0.84,
            "gross_margin_4q_avg": 6.91,
            "net_income": -39445,
            "revenue": 173972,
            "common_shares": 933568,
            "book_valuer_per_share": 26.36,
            "book_valuer_per_share_4q_avg": 26.86,
            "equity": 2460876,
            "current_ratio": 826.73,
            "debt_ratio": 11.4,
            "inventory_turnover_ratio": 1.6,
            "account_receivable_turnover_ratio": 0.77,
            "reinvestment_rate": -153.82,
            "research_to_sale_ratio": 3.12,
            "price_fair": 2.62,
            "eps_avg_yearly": 0.87,
            "eps_latest_yearly": 0.84,
            "eps_growth_yearly": -80.36
        },
        "20213": {
            "year_quarter": 20213,
            "year": 2021,
            "quarter": 3,
            "eps": -0.22,
            "eps_growth_year": null,
            "eps_4q": -1.08,
            "eps_4q_growth_year": -815.94,
            "roe": -0.85,
            "roe_4q": -4.05,
            "gross_profit": -5036,
            "gross_margin": -2.82,
            "gross_margin_4q_avg": 2.95,
            "net_income": -20630,
            "revenue": 178593,
            "common_shares": 933568,
            "book_valuer_per_share": 25.82,
            "book_valuer_per_share_4q_avg": 26.52,
            "equity": 2410612,
            "current_ratio": 834.04,
            "debt_ratio": 11.14,
            "inventory_turnover_ratio": 1.75,
            "account_receivable_turnover_ratio": 0.8,
            "reinvestment_rate": -289.14,
            "research_to_sale_ratio": 3.14,
            "price_fair": 2.59,
            "eps_avg_yearly": 0.86,
            "eps_latest_yearly": 0.84,
            "eps_growth_yearly": -55.58
        },
        "20214": {
            "year_quarter": 20214,
            "year": 2021,
            "quarter": 4,
            "eps": -0.45,
            "eps_growth_year": null,
            "eps_4q": -1.26,
            "eps_4q_growth_year": -892.72,
            "roe": -1.74,
            "roe_4q": -4.819999999999999,
            "gross_profit": -20960,
            "gross_margin": -16.96,
            "gross_margin_4q_avg": -3.79,
            "net_income": -41706,
            "revenue": 123581,
            "common_shares": 933568,
            "book_valuer_per_share": 25.45,
            "book_valuer_per_share_4q_avg": 26.12,
            "equity": 2375583,
            "current_ratio": 842.63,
            "debt_ratio": 10.92,
            "inventory_turnover_ratio": 1.51,
            "account_receivable_turnover_ratio": 0.62,
            "reinvestment_rate": -11679.58,
            "research_to_sale_ratio": 3.91,
            "price_fair": 2.67,
            "eps_avg_yearly": 0.89,
            "eps_latest_yearly": 0.84,
            "eps_growth_yearly": -52.08
        },
        "20221": {
            "year_quarter": 20221,
            "year": 2022,
            "quarter": 1,
            "eps": 0.11,
            "eps_growth_year": null,
            "eps_4q": -0.98,
            "eps_4q_growth_year": -3048.21,
            "roe": 0.43,
            "roe_4q": -3.75,
            "gross_profit": -13534,
            "gross_margin": -10.8,
            "gross_margin_4q_avg": -7.86,
            "net_income": 10180,
            "revenue": 125299,
            "common_shares": 933568,
            "book_valuer_per_share": 25.68,
            "book_valuer_per_share_4q_avg": 25.83,
            "equity": 2397063,
            "current_ratio": 1447.83,
            "debt_ratio": 6.81,
            "inventory_turnover_ratio": 1.46,
            "account_receivable_turnover_ratio": 0.72,
            "reinvestment_rate": -1217.68,
            "research_to_sale_ratio": 3.8,
            "price_fair": 2.67,
            "eps_avg_yearly": 0.89,
            "eps_latest_yearly": 0.84,
            "eps_growth_yearly": -52.08
        },
        "20222": {
            "year_quarter": 20222,
            "year": 2022,
            "quarter": 2,
            "eps": -0.11,
            "eps_growth_year": null,
            "eps_4q": -0.67,
            "eps_4q_growth_year": null,
            "roe": -0.45,
            "roe_4q": -2.61,
            "gross_profit": -37015,
            "gross_margin": -31.93,
            "gross_margin_4q_avg": -15.63,
            "net_income": -10730,
            "revenue": 115919,
            "common_shares": 933568,
            "book_valuer_per_share": 25.55,
            "book_valuer_per_share_4q_avg": 25.63,
            "equity": 2385024,
            "current_ratio": 1408.6,
            "debt_ratio": 7.1,
            "inventory_turnover_ratio": 1.72,
            "account_receivable_turnover_ratio": 0.66,
            "reinvestment_rate": null,
            "research_to_sale_ratio": 4,
            "price_fair": 2.67,
            "eps_avg_yearly": 0.89,
            "eps_latest_yearly": 0.84,
            "eps_growth_yearly": -52.08
        },
        "20223": {
            "year_quarter": 20223,
            "year": 2022,
            "quarter": 3,
            "eps": 0.29,
            "eps_growth_year": null,
            "eps_4q": -0.16,
            "eps_4q_growth_year": null,
            "roe": 1.12,
            "roe_4q": -0.6399999999999999,
            "gross_profit": -16120,
            "gross_margin": -14.43,
            "gross_margin_4q_avg": -18.53,
            "net_income": 27054,
            "revenue": 111720,
            "common_shares": 933568,
            "book_valuer_per_share": 25.97,
            "book_valuer_per_share_4q_avg": 25.66,
            "equity": 2424562,
            "current_ratio": 1601.4,
            "debt_ratio": 6.81,
            "inventory_turnover_ratio": 1.55,
            "account_receivable_turnover_ratio": 0.63,
            "reinvestment_rate": null,
            "research_to_sale_ratio": 3.79,
            "price_fair": 14.51,
            "eps_avg_yearly": 0.87,
            "eps_latest_yearly": 0.84,
            "eps_growth_yearly": 6.75
        },
        "20224": {
            "year_quarter": 20224,
            "year": 2022,
            "quarter": 4,
            "eps": -0.87,
            "eps_growth_year": null,
            "eps_4q": -0.59,
            "eps_4q_growth_year": null,
            "roe": -3.41,
            "roe_4q": -2.31,
            "gross_profit": -2717,
            "gross_margin": -1.92,
            "gross_margin_4q_avg": -14.77,
            "net_income": -81269,
            "revenue": 141722,
            "common_shares": 933568,
            "book_valuer_per_share": 25.04,
            "book_valuer_per_share_4q_avg": 25.56,
            "equity": 2337991,
            "current_ratio": 1233.67,
            "debt_ratio": 7.83,
            "inventory_turnover_ratio": 1.67,
            "account_receivable_turnover_ratio": 0.86,
            "reinvestment_rate": null,
            "research_to_sale_ratio": 2.99,
            "price_fair": 2.22,
            "eps_avg_yearly": 0.74,
            "eps_latest_yearly": 0.84,
            "eps_growth_yearly": -23.21
        },
        "20231": {
            "year_quarter": 20231,
            "year": 2023,
            "quarter": 1,
            "eps": -0.04,
            "eps_growth_year": -136.36,
            "eps_4q": -0.73,
            "eps_4q_growth_year": null,
            "roe": -0.15,
            "roe_4q": -2.89,
            "gross_profit": 8845,
            "gross_margin": 5.51,
            "gross_margin_4q_avg": -10.69,
            "net_income": -3505,
            "revenue": 160616,
            "common_shares": 933568,
            "book_valuer_per_share": 24.99,
            "book_valuer_per_share_4q_avg": 25.39,
            "equity": 2333071,
            "current_ratio": 1563.12,
            "debt_ratio": 6.42,
            "inventory_turnover_ratio": 1.88,
            "account_receivable_turnover_ratio": 0.88,
            "reinvestment_rate": null,
            "research_to_sale_ratio": 2.44,
            "price_fair": 29.4,
            "eps_avg_yearly": 0.84,
            "eps_latest_yearly": 0.84,
            "eps_growth_yearly": 125
        }
    },
    "months": {
        "2002-11": {
            "month": "2002-11",
            "price": "44.10",
            "revenue": 65121
        },
        "2002-12": {
            "month": "2002-12",
            "price": "45.03",
            "revenue": 52659
        },
        "2003-01": {
            "month": "2003-01",
            "price": "45.15",
            "revenue": 60097
        },
        "2003-02": {
            "month": "2003-02",
            "price": "44.96",
            "revenue": 52309
        },
        "2003-03": {
            "month": "2003-03",
            "price": "42.07",
            "revenue": 65650
        },
        "2003-04": {
            "month": "2003-04",
            "price": "42.35",
            "revenue": 65269
        },
        "2003-05": {
            "month": "2003-05",
            "price": "39.65",
            "revenue": 64298
        },
        "2003-06": {
            "month": "2003-06",
            "price": "43.62",
            "revenue": 43503
        },
        "2003-07": {
            "month": "2003-07",
            "price": "48.07",
            "revenue": 50115
        },
        "2003-08": {
            "month": "2003-08",
            "price": "50.19",
            "revenue": 72275
        },
        "2003-09": {
            "month": "2003-09",
            "price": "45.12",
            "revenue": 81642
        },
        "2003-10": {
            "month": "2003-10",
            "price": "45.03",
            "revenue": 102163
        },
        "2003-11": {
            "month": "2003-11",
            "price": "48.28",
            "revenue": 122862
        },
        "2003-12": {
            "month": "2003-12",
            "price": "56.60",
            "revenue": 101858
        },
        "2004-01": {
            "month": "2004-01",
            "price": "58.70",
            "revenue": 92456
        },
        "2004-02": {
            "month": "2004-02",
            "price": "60.98",
            "revenue": 69226
        },
        "2004-03": {
            "month": "2004-03",
            "price": "58.61",
            "revenue": 95390
        },
        "2004-04": {
            "month": "2004-04",
            "price": "55.41",
            "revenue": 89355
        },
        "2004-05": {
            "month": "2004-05",
            "price": "48.91",
            "revenue": 84206
        },
        "2004-06": {
            "month": "2004-06",
            "price": "43.59",
            "revenue": 84956
        },
        "2004-07": {
            "month": "2004-07",
            "price": "39.98",
            "revenue": 80285
        },
        "2004-08": {
            "month": "2004-08",
            "price": "39.42",
            "revenue": 85589
        },
        "2004-09": {
            "month": "2004-09",
            "price": "40.64",
            "revenue": 98614
        },
        "2004-10": {
            "month": "2004-10",
            "price": "40.58",
            "revenue": 111804
        },
        "2004-11": {
            "month": "2004-11",
            "price": "39.96",
            "revenue": 124094
        },
        "2004-12": {
            "month": "2004-12",
            "price": "41.52",
            "revenue": 80966
        },
        "2005-01": {
            "month": "2005-01",
            "price": "39.09",
            "revenue": 106961
        },
        "2005-02": {
            "month": "2005-02",
            "price": "41.58",
            "revenue": 52459
        },
        "2005-03": {
            "month": "2005-03",
            "price": "44.05",
            "revenue": 100434
        },
        "2005-04": {
            "month": "2005-04",
            "price": "43.21",
            "revenue": 84161
        },
        "2005-05": {
            "month": "2005-05",
            "price": "40.25",
            "revenue": 63017
        },
        "2005-06": {
            "month": "2005-06",
            "price": "41.92",
            "revenue": 73745
        },
        "2005-07": {
            "month": "2005-07",
            "price": "39.79",
            "revenue": 88297
        },
        "2005-08": {
            "month": "2005-08",
            "price": "36.63",
            "revenue": 86891
        },
        "2005-09": {
            "month": "2005-09",
            "price": "32.45",
            "revenue": 129513
        },
        "2005-10": {
            "month": "2005-10",
            "price": "34.45",
            "revenue": 133945
        },
        "2005-11": {
            "month": "2005-11",
            "price": "38.58",
            "revenue": 159617
        },
        "2005-12": {
            "month": "2005-12",
            "price": "47.62",
            "revenue": 151506
        },
        "2006-01": {
            "month": "2006-01",
            "price": "51.52",
            "revenue": 148544
        },
        "2006-02": {
            "month": "2006-02",
            "price": "48.80",
            "revenue": 118080
        },
        "2006-03": {
            "month": "2006-03",
            "price": "54.26",
            "revenue": 175016
        },
        "2006-04": {
            "month": "2006-04",
            "price": "63.46",
            "revenue": 143196
        },
        "2006-05": {
            "month": "2006-05",
            "price": "60.30",
            "revenue": 127152
        },
        "2006-06": {
            "month": "2006-06",
            "price": "50.10",
            "revenue": 131965
        },
        "2006-07": {
            "month": "2006-07",
            "price": "49.49",
            "revenue": 111519
        },
        "2006-08": {
            "month": "2006-08",
            "price": "47.27",
            "revenue": 153652
        },
        "2006-09": {
            "month": "2006-09",
            "price": "45.61",
            "revenue": 128295
        },
        "2006-10": {
            "month": "2006-10",
            "price": "48.44",
            "revenue": 177648
        },
        "2006-11": {
            "month": "2006-11",
            "price": "51.34",
            "revenue": 211396
        },
        "2006-12": {
            "month": "2006-12",
            "price": "54.33",
            "revenue": 195375
        },
        "2007-01": {
            "month": "2007-01",
            "price": "55.55",
            "revenue": 188345
        },
        "2007-02": {
            "month": "2007-02",
            "price": "55.27",
            "revenue": 149344
        },
        "2007-03": {
            "month": "2007-03",
            "price": "59.13",
            "revenue": 207289
        },
        "2007-04": {
            "month": "2007-04",
            "price": "64.98",
            "revenue": 183462
        },
        "2007-05": {
            "month": "2007-05",
            "price": "64.01",
            "revenue": 175516
        },
        "2007-06": {
            "month": "2007-06",
            "price": "69.92",
            "revenue": 176604
        },
        "2007-07": {
            "month": "2007-07",
            "price": "78.88",
            "revenue": 165676
        },
        "2007-08": {
            "month": "2007-08",
            "price": "85.47",
            "revenue": 171210
        },
        "2007-09": {
            "month": "2007-09",
            "price": "79.78",
            "revenue": 137950
        },
        "2007-10": {
            "month": "2007-10",
            "price": "74.31",
            "revenue": 212795
        },
        "2007-11": {
            "month": "2007-11",
            "price": "59.95",
            "revenue": 220258
        },
        "2007-12": {
            "month": "2007-12",
            "price": "52.76",
            "revenue": 132265
        },
        "2008-01": {
            "month": "2008-01",
            "price": "44.13",
            "revenue": 164303
        },
        "2008-02": {
            "month": "2008-02",
            "price": "37.42",
            "revenue": 128048
        },
        "2008-03": {
            "month": "2008-03",
            "price": "39.54",
            "revenue": 188174
        },
        "2008-04": {
            "month": "2008-04",
            "price": "43.31",
            "revenue": 171087
        },
        "2008-05": {
            "month": "2008-05",
            "price": "41.34",
            "revenue": 133273
        },
        "2008-06": {
            "month": "2008-06",
            "price": "36.33",
            "revenue": 139804
        },
        "2008-07": {
            "month": "2008-07",
            "price": "26.23",
            "revenue": 136235
        },
        "2008-08": {
            "month": "2008-08",
            "price": "24.84",
            "revenue": 144411
        },
        "2008-09": {
            "month": "2008-09",
            "price": "19.01",
            "revenue": 160609
        },
        "2008-10": {
            "month": "2008-10",
            "price": "17.32",
            "revenue": 178380
        },
        "2008-11": {
            "month": "2008-11",
            "price": "14.26",
            "revenue": 165513
        },
        "2008-12": {
            "month": "2008-12",
            "price": "14.70",
            "revenue": 137108
        },
        "2009-01": {
            "month": "2009-01",
            "price": "16.22",
            "revenue": 126864
        },
        "2009-02": {
            "month": "2009-02",
            "price": "15.28",
            "revenue": 123676
        },
        "2009-03": {
            "month": "2009-03",
            "price": "17.28",
            "revenue": 165499
        },
        "2009-04": {
            "month": "2009-04",
            "price": "21.35",
            "revenue": 160257
        },
        "2009-05": {
            "month": "2009-05",
            "price": "32.18",
            "revenue": 135605
        },
        "2009-06": {
            "month": "2009-06",
            "price": "29.73",
            "revenue": 123655
        },
        "2009-07": {
            "month": "2009-07",
            "price": "31.51",
            "revenue": 145412
        },
        "2009-08": {
            "month": "2009-08",
            "price": "34.70",
            "revenue": 144888
        },
        "2009-09": {
            "month": "2009-09",
            "price": "41.60",
            "revenue": 160544
        },
        "2009-10": {
            "month": "2009-10",
            "price": "41.05",
            "revenue": 190633
        },
        "2009-11": {
            "month": "2009-11",
            "price": "41.39",
            "revenue": 216268
        },
        "2009-12": {
            "month": "2009-12",
            "price": "49.08",
            "revenue": 162258
        },
        "2010-01": {
            "month": "2010-01",
            "price": "48.54",
            "revenue": 177225
        },
        "2010-02": {
            "month": "2010-02",
            "price": "45.70",
            "revenue": 146073
        },
        "2010-03": {
            "month": "2010-03",
            "price": "47.88",
            "revenue": 183021
        },
        "2010-04": {
            "month": "2010-04",
            "price": "48.95",
            "revenue": 177215
        },
        "2010-05": {
            "month": "2010-05",
            "price": "42.92",
            "revenue": 171152
        },
        "2010-06": {
            "month": "2010-06",
            "price": "41.02",
            "revenue": 174131
        },
        "2010-07": {
            "month": "2010-07",
            "price": "43.93",
            "revenue": 173815
        },
        "2010-08": {
            "month": "2010-08",
            "price": "43.64",
            "revenue": 186372
        },
        "2010-09": {
            "month": "2010-09",
            "price": "49.84",
            "revenue": 197099
        },
        "2010-10": {
            "month": "2010-10",
            "price": "57.66",
            "revenue": 167850
        },
        "2010-11": {
            "month": "2010-11",
            "price": "51.83",
            "revenue": 179133
        },
        "2010-12": {
            "month": "2010-12",
            "price": "57.56",
            "revenue": 157852
        },
        "2011-01": {
            "month": "2011-01",
            "price": "57.62",
            "revenue": 172277
        },
        "2011-02": {
            "month": "2011-02",
            "price": "50.34",
            "revenue": 149246
        },
        "2011-03": {
            "month": "2011-03",
            "price": "46.44",
            "revenue": 186656
        },
        "2011-04": {
            "month": "2011-04",
            "price": "45.62",
            "revenue": 176007
        },
        "2011-05": {
            "month": "2011-05",
            "price": "47.29",
            "revenue": 145645
        },
        "2011-06": {
            "month": "2011-06",
            "price": "48.48",
            "revenue": 145619
        },
        "2011-07": {
            "month": "2011-07",
            "price": "42.42",
            "revenue": 168883
        },
        "2011-08": {
            "month": "2011-08",
            "price": "33.27",
            "revenue": 182038
        },
        "2011-09": {
            "month": "2011-09",
            "price": "29.74",
            "revenue": 180475
        },
        "2011-10": {
            "month": "2011-10",
            "price": "29.90",
            "revenue": 195625
        },
        "2011-11": {
            "month": "2011-11",
            "price": "34.13",
            "revenue": 190443
        },
        "2011-12": {
            "month": "2011-12",
            "price": "34.58",
            "revenue": 161296
        },
        "2012-01": {
            "month": "2012-01",
            "price": "33.99",
            "revenue": 128995
        },
        "2012-02": {
            "month": "2012-02",
            "price": "41.93",
            "revenue": 133358
        },
        "2012-03": {
            "month": "2012-03",
            "price": "41.46",
            "revenue": 155152
        },
        "2012-04": {
            "month": "2012-04",
            "price": "34.36",
            "revenue": 151543
        },
        "2012-05": {
            "month": "2012-05",
            "price": "31.37",
            "revenue": 147020
        },
        "2012-06": {
            "month": "2012-06",
            "price": "29.40",
            "revenue": 141015
        },
        "2012-07": {
            "month": "2012-07",
            "price": "29.68",
            "revenue": 187261
        },
        "2012-08": {
            "month": "2012-08",
            "price": "29.54",
            "revenue": 158168
        },
        "2012-09": {
            "month": "2012-09",
            "price": "30.81",
            "revenue": 128992
        },
        "2012-10": {
            "month": "2012-10",
            "price": "29.66",
            "revenue": 143778
        },
        "2012-11": {
            "month": "2012-11",
            "price": "25.73",
            "revenue": 162876
        },
        "2012-12": {
            "month": "2012-12",
            "price": "28.05",
            "revenue": 133401
        },
        "2013-01": {
            "month": "2013-01",
            "price": "29.80",
            "revenue": 140440
        },
        "2013-02": {
            "month": "2013-02",
            "price": "29.87",
            "revenue": 110149
        },
        "2013-03": {
            "month": "2013-03",
            "price": "28.67",
            "revenue": 146867
        },
        "2013-04": {
            "month": "2013-04",
            "price": "27.46",
            "revenue": 160824
        },
        "2013-05": {
            "month": "2013-05",
            "price": "29.22",
            "revenue": 170516
        },
        "2013-06": {
            "month": "2013-06",
            "price": "30.69",
            "revenue": 156976
        },
        "2013-07": {
            "month": "2013-07",
            "price": "32.95",
            "revenue": 163867
        },
        "2013-08": {
            "month": "2013-08",
            "price": "36.12",
            "revenue": 142560
        },
        "2013-09": {
            "month": "2013-09",
            "price": "34.04",
            "revenue": 145956
        },
        "2013-10": {
            "month": "2013-10",
            "price": "35.02",
            "revenue": 165597
        },
        "2013-11": {
            "month": "2013-11",
            "price": "35.90",
            "revenue": 154714
        },
        "2013-12": {
            "month": "2013-12",
            "price": "36.95",
            "revenue": 159533
        },
        "2014-01": {
            "month": "2014-01",
            "price": "41.06",
            "revenue": 159797
        },
        "2014-02": {
            "month": "2014-02",
            "price": "43.86",
            "revenue": 153723
        },
        "2014-03": {
            "month": "2014-03",
            "price": "42.24",
            "revenue": 153316
        },
        "2014-04": {
            "month": "2014-04",
            "price": "40.75",
            "revenue": 141326
        },
        "2014-05": {
            "month": "2014-05",
            "price": "38.45",
            "revenue": 129838
        },
        "2014-06": {
            "month": "2014-06",
            "price": "38.40",
            "revenue": 149375
        },
        "2014-07": {
            "month": "2014-07",
            "price": "37.78",
            "revenue": 148600
        },
        "2014-08": {
            "month": "2014-08",
            "price": "35.34",
            "revenue": 137857
        },
        "2014-09": {
            "month": "2014-09",
            "price": "34.71",
            "revenue": 142404
        },
        "2014-10": {
            "month": "2014-10",
            "price": "31.84",
            "revenue": 137740
        },
        "2014-11": {
            "month": "2014-11",
            "price": "31.58",
            "revenue": 134449
        },
        "2014-12": {
            "month": "2014-12",
            "price": "33.95",
            "revenue": 138000
        },
        "2015-01": {
            "month": "2015-01",
            "price": "34.14",
            "revenue": 131427
        },
        "2015-02": {
            "month": "2015-02",
            "price": "33.86",
            "revenue": 81024
        },
        "2015-03": {
            "month": "2015-03",
            "price": "33.96",
            "revenue": 138668
        },
        "2015-04": {
            "month": "2015-04",
            "price": "32.22",
            "revenue": 148981
        },
        "2015-05": {
            "month": "2015-05",
            "price": "29.38",
            "revenue": 101872
        },
        "2015-06": {
            "month": "2015-06",
            "price": "25.78",
            "revenue": 127140
        },
        "2015-07": {
            "month": "2015-07",
            "price": "22.36",
            "revenue": 141440
        },
        "2015-08": {
            "month": "2015-08",
            "price": "18.49",
            "revenue": 127574
        },
        "2015-09": {
            "month": "2015-09",
            "price": "18.92",
            "revenue": 135995
        },
        "2015-10": {
            "month": "2015-10",
            "price": "20.87",
            "revenue": 143080
        },
        "2015-11": {
            "month": "2015-11",
            "price": "22.74",
            "revenue": 138815
        },
        "2015-12": {
            "month": "2015-12",
            "price": "22.90",
            "revenue": 175646
        },
        "2016-01": {
            "month": "2016-01",
            "price": "21.77",
            "revenue": 160378
        },
        "2016-02": {
            "month": "2016-02",
            "price": "23.70",
            "revenue": 103841
        },
        "2016-03": {
            "month": "2016-03",
            "price": "26.18",
            "revenue": 149617
        },
        "2016-04": {
            "month": "2016-04",
            "price": "24.78",
            "revenue": 123880
        },
        "2016-05": {
            "month": "2016-05",
            "price": "23.26",
            "revenue": 120667
        },
        "2016-06": {
            "month": "2016-06",
            "price": "23.94",
            "revenue": 116037
        },
        "2016-07": {
            "month": "2016-07",
            "price": "24.42",
            "revenue": 133166
        },
        "2016-08": {
            "month": "2016-08",
            "price": "23.80",
            "revenue": 141884
        },
        "2016-09": {
            "month": "2016-09",
            "price": "24.07",
            "revenue": 122033
        },
        "2016-10": {
            "month": "2016-10",
            "price": "22.75",
            "revenue": 126125
        },
        "2016-11": {
            "month": "2016-11",
            "price": "21.74",
            "revenue": 131962
        },
        "2016-12": {
            "month": "2016-12",
            "price": "21.76",
            "revenue": 132582
        },
        "2017-01": {
            "month": "2017-01",
            "price": "21.88",
            "revenue": 114407
        },
        "2017-02": {
            "month": "2017-02",
            "price": "22.50",
            "revenue": 103087
        },
        "2017-03": {
            "month": "2017-03",
            "price": "22.83",
            "revenue": 146655
        },
        "2017-04": {
            "month": "2017-04",
            "price": "22.49",
            "revenue": 119104
        },
        "2017-05": {
            "month": "2017-05",
            "price": "21.63",
            "revenue": 132808
        },
        "2017-06": {
            "month": "2017-06",
            "price": "21.46",
            "revenue": 119127
        },
        "2017-07": {
            "month": "2017-07",
            "price": "21.32",
            "revenue": 106761
        },
        "2017-08": {
            "month": "2017-08",
            "price": "19.97",
            "revenue": 99581
        },
        "2017-09": {
            "month": "2017-09",
            "price": "19.98",
            "revenue": 86668
        },
        "2017-10": {
            "month": "2017-10",
            "price": "19.31",
            "revenue": 98382
        },
        "2017-11": {
            "month": "2017-11",
            "price": "19.10",
            "revenue": 101145
        },
        "2017-12": {
            "month": "2017-12",
            "price": "18.90",
            "revenue": 92299
        },
        "2018-01": {
            "month": "2018-01",
            "price": "20.02",
            "revenue": 100084
        },
        "2018-02": {
            "month": "2018-02",
            "price": "18.92",
            "revenue": 71824
        },
        "2018-03": {
            "month": "2018-03",
            "price": "18.64",
            "revenue": 80879
        },
        "2018-04": {
            "month": "2018-04",
            "price": "17.57",
            "revenue": 90668
        },
        "2018-05": {
            "month": "2018-05",
            "price": "17.15",
            "revenue": 87522
        },
        "2018-06": {
            "month": "2018-06",
            "price": "17.88",
            "revenue": 81340
        },
        "2018-07": {
            "month": "2018-07",
            "price": "17.47",
            "revenue": 89338
        },
        "2018-08": {
            "month": "2018-08",
            "price": "17.17",
            "revenue": 94931
        },
        "2018-09": {
            "month": "2018-09",
            "price": "17.55",
            "revenue": 94408
        },
        "2018-10": {
            "month": "2018-10",
            "price": "15.70",
            "revenue": 90954
        },
        "2018-11": {
            "month": "2018-11",
            "price": "16.22",
            "revenue": 100433
        },
        "2018-12": {
            "month": "2018-12",
            "price": "18.90",
            "revenue": 95444
        },
        "2019-01": {
            "month": "2019-01",
            "price": "19.86",
            "revenue": 79971
        },
        "2019-02": {
            "month": "2019-02",
            "price": "21.76",
            "revenue": 67795
        },
        "2019-03": {
            "month": "2019-03",
            "price": "21.92",
            "revenue": 75359
        },
        "2019-04": {
            "month": "2019-04",
            "price": "24.59",
            "revenue": 78141
        },
        "2019-05": {
            "month": "2019-05",
            "price": "20.34",
            "revenue": 72970
        },
        "2019-06": {
            "month": "2019-06",
            "price": "19.58",
            "revenue": 50259
        },
        "2019-07": {
            "month": "2019-07",
            "price": "20.63",
            "revenue": 59148
        },
        "2019-08": {
            "month": "2019-08",
            "price": "19.98",
            "revenue": 64976
        },
        "2019-09": {
            "month": "2019-09",
            "price": "21.24",
            "revenue": 55512
        },
        "2019-10": {
            "month": "2019-10",
            "price": "20.25",
            "revenue": 56787
        },
        "2019-11": {
            "month": "2019-11",
            "price": "18.95",
            "revenue": 57323
        },
        "2019-12": {
            "month": "2019-12",
            "price": "19.12",
            "revenue": 60662
        },
        "2020-01": {
            "month": "2020-01",
            "price": "18.29",
            "revenue": 44656
        },
        "2020-02": {
            "month": "2020-02",
            "price": "16.40",
            "revenue": 47487
        },
        "2020-03": {
            "month": "2020-03",
            "price": "13.57",
            "revenue": 56162
        },
        "2020-04": {
            "month": "2020-04",
            "price": "13.44",
            "revenue": 49840
        },
        "2020-05": {
            "month": "2020-05",
            "price": "15.02",
            "revenue": 60837
        },
        "2020-06": {
            "month": "2020-06",
            "price": "15.60",
            "revenue": 53637
        },
        "2020-07": {
            "month": "2020-07",
            "price": "16.67",
            "revenue": 47539
        },
        "2020-08": {
            "month": "2020-08",
            "price": "16.24",
            "revenue": 52262
        },
        "2020-09": {
            "month": "2020-09",
            "price": "16.71",
            "revenue": 73051
        },
        "2020-10": {
            "month": "2020-10",
            "price": "17.19",
            "revenue": 67804
        },
        "2020-11": {
            "month": "2020-11",
            "price": "18.13",
            "revenue": 64095
        },
        "2020-12": {
            "month": "2020-12",
            "price": "19.06",
            "revenue": 63932
        },
        "2021-01": {
            "month": "2021-01",
            "price": "20.63",
            "revenue": 79187
        },
        "2021-02": {
            "month": "2021-02",
            "price": "20.94",
            "revenue": 43640
        },
        "2021-03": {
            "month": "2021-03",
            "price": "23.27",
            "revenue": 74334
        },
        "2021-04": {
            "month": "2021-04",
            "price": "29.76",
            "revenue": 74725
        },
        "2021-05": {
            "month": "2021-05",
            "price": "25.22",
            "revenue": 46559
        },
        "2021-06": {
            "month": "2021-06",
            "price": "26.44",
            "revenue": 52688
        },
        "2021-07": {
            "month": "2021-07",
            "price": "26.94",
            "revenue": 65153
        },
        "2021-08": {
            "month": "2021-08",
            "price": "22.80",
            "revenue": 57042
        },
        "2021-09": {
            "month": "2021-09",
            "price": "21.51",
            "revenue": 56399
        },
        "2021-10": {
            "month": "2021-10",
            "price": "20.75",
            "revenue": 52486
        },
        "2021-11": {
            "month": "2021-11",
            "price": "23.37",
            "revenue": 35164
        },
        "2021-12": {
            "month": "2021-12",
            "price": "22.78",
            "revenue": 35931
        },
        "2022-01": {
            "month": "2022-01",
            "price": "20.42",
            "revenue": 43681
        },
        "2022-02": {
            "month": "2022-02",
            "price": "19.32",
            "revenue": 31130
        },
        "2022-03": {
            "month": "2022-03",
            "price": "18.56",
            "revenue": 50488
        },
        "2022-04": {
            "month": "2022-04",
            "price": "19.06",
            "revenue": 37840
        },
        "2022-05": {
            "month": "2022-05",
            "price": "17.61",
            "revenue": 38705
        },
        "2022-06": {
            "month": "2022-06",
            "price": "17.76",
            "revenue": 39374
        },
        "2022-07": {
            "month": "2022-07",
            "price": "16.21",
            "revenue": 37854
        },
        "2022-08": {
            "month": "2022-08",
            "price": "17.40",
            "revenue": 36407
        },
        "2022-09": {
            "month": "2022-09",
            "price": "17.15",
            "revenue": 37459
        },
        "2022-10": {
            "month": "2022-10",
            "price": "15.67",
            "revenue": 48846
        },
        "2022-11": {
            "month": "2022-11",
            "price": "16.25",
            "revenue": 34177
        },
        "2022-12": {
            "month": "2022-12",
            "price": "16.41",
            "revenue": 58700
        },
        "2023-01": {
            "month": "2023-01",
            "price": "16.48",
            "revenue": 57870
        },
        "2023-02": {
            "month": "2023-02",
            "price": "17.25",
            "revenue": 43639
        },
        "2023-03": {
            "month": "2023-03",
            "price": "18.00",
            "revenue": 59107
        },
        "2023-04": {
            "month": "2023-04",
            "price": "18.21",
            "revenue": 37237
        }
    }
}
