{
    "summary": {
        "stock_name": "德英",
        "stock_id": "4911",
        "category": "生技醫療",
        "main_business": "SR-T100新藥開發、藥品、功能性保養品、保健食品的研發與製造",
        "website_url": "http://www.geherbs.com.tw",
        "ceo": "郭國華",
        "pe_ratio": 100,
        "report_year_from": 2007,
        "report_year_to": 2023,
        "age": 16,
        "eps_negative_percentage": 73,
        "eps_growth_avg": {
            "last_all": -100,
            "last_2y": null,
            "last_4y": null,
            "last_8y": -100,
            "last_12y": -100,
            "last_16y": null,
            "last_20y": null,
            "at_2006_last_3y": null,
            "at_2007_last_3y": null,
            "at_2008_last_3y": null,
            "at_2009_last_3y": null,
            "at_2010_last_3y": null,
            "at_2011_last_3y": null,
            "at_2012_last_3y": null,
            "at_2013_last_3y": -100,
            "at_2014_last_3y": -100,
            "at_2015_last_3y": -100,
            "at_2016_last_3y": -100,
            "at_2017_last_3y": -100,
            "at_2018_last_3y": -100,
            "at_2019_last_3y": null,
            "at_2020_last_3y": null,
            "at_2021_last_3y": null,
            "at_2022_last_3y": null,
            "at_2023_last_3y": null,
            "at_2006_last_all": null,
            "at_2007_last_all": null,
            "at_2008_last_all": null,
            "at_2009_last_all": null,
            "at_2010_last_all": null,
            "at_2011_last_all": null,
            "at_2012_last_all": -100,
            "at_2013_last_all": -100,
            "at_2014_last_all": -100,
            "at_2015_last_all": -100,
            "at_2016_last_all": -100,
            "at_2017_last_all": -100,
            "at_2018_last_all": -100,
            "at_2019_last_all": -100,
            "at_2020_last_all": -100,
            "at_2021_last_all": -100,
            "at_2022_last_all": -100,
            "at_2023_last_all": -100
        },
        "latest_eps": 0.49,
        "latest_price": 78.5,
        "latest_roe": 3.97,
        "latest_gross_margin": 77.92,
        "latest_equity": 705899,
        "latest_revenue": 40766,
        "latest_gross_profit": 31763,
        "latest_net_income": 15064,
        "latest_debt_ratio": 8.73,
        "latest_current_ratio": 335.08,
        "latest_account_receivable_turnover_ratio": 10.43,
        "latest_inventory_turnover_ratio": 0.37,
        "latest_reinvestment_rate": null,
        "latest_research_to_sale_ratio": 13.56
    },
    "eps_dividends": {
        "2001": {
            "cash": 0,
            "stock": 0,
            "eps": 0
        },
        "2002": {
            "cash": 0,
            "stock": 0,
            "eps": 0
        },
        "2003": {
            "cash": 0,
            "stock": 0,
            "eps": 0
        },
        "2004": {
            "cash": 0,
            "stock": 0,
            "eps": 0
        },
        "2005": {
            "cash": 0,
            "stock": 0,
            "eps": 0
        },
        "2006": {
            "cash": 0,
            "stock": 0,
            "eps": 0
        },
        "2007": {
            "cash": 0,
            "stock": 0,
            "eps": 0
        },
        "2008": {
            "cash": 0,
            "stock": 0,
            "eps": 0
        },
        "2009": {
            "cash": 0,
            "stock": 0,
            "eps": -0.01
        },
        "2010": {
            "cash": 0,
            "stock": 0,
            "eps": -0.2
        },
        "2011": {
            "cash": 0,
            "stock": 0,
            "eps": 0.11
        },
        "2012": {
            "cash": 0,
            "stock": 0,
            "eps": -0.21
        },
        "2013": {
            "cash": 0,
            "stock": 0,
            "eps": -0.06
        },
        "2014": {
            "cash": 0,
            "stock": 0,
            "eps": 0.25
        },
        "2015": {
            "cash": 0.1,
            "stock": 0.12,
            "eps": -0.21
        },
        "2016": {
            "cash": 0,
            "stock": 0,
            "eps": -0.26
        },
        "2017": {
            "cash": 0,
            "stock": 0,
            "eps": -0.75
        },
        "2018": {
            "cash": 0,
            "stock": 0,
            "eps": -0.23
        },
        "2019": {
            "cash": 0,
            "stock": 0,
            "eps": -0.43
        },
        "2020": {
            "cash": 0,
            "stock": 0,
            "eps": -0.25
        },
        "2021": {
            "cash": 0,
            "stock": 0,
            "eps": -0.36
        },
        "2022": {
            "cash": 0,
            "stock": 0,
            "eps": 0.13
        },
        "2023": {
            "cash": 0,
            "stock": 0,
            "eps": 0.27
        }
    },
    "dividends": {
        "2015-09-18": {
            "cash": 0.1,
            "stock": 0.12
        }
    },
    "prices": {
        "200101": "無",
        "200102": "無",
        "200103": "無",
        "200104": "無",
        "200105": "無",
        "200106": "無",
        "200107": "無",
        "200108": "無",
        "200109": "無",
        "200110": "無",
        "200111": "無",
        "200112": "無",
        "200201": "無",
        "200202": "無",
        "200203": "無",
        "200204": "無",
        "200205": "無",
        "200206": "無",
        "200207": "無",
        "200208": "無",
        "200209": "無",
        "200210": "無",
        "200211": "無",
        "200212": "無",
        "200301": "無",
        "200302": "無",
        "200303": "無",
        "200304": "無",
        "200305": "無",
        "200306": "無",
        "200307": "無",
        "200308": "無",
        "200309": "無",
        "200310": "無",
        "200311": "無",
        "200312": "無",
        "200401": "無",
        "200402": "無",
        "200403": "無",
        "200404": "無",
        "200405": "無",
        "200406": "無",
        "200407": "無",
        "200408": "無",
        "200409": "無",
        "200410": "無",
        "200411": "無",
        "200412": "無",
        "200501": "無",
        "200502": "無",
        "200503": "無",
        "200504": "無",
        "200505": "無",
        "200506": "無",
        "200507": "無",
        "200508": "無",
        "200509": "無",
        "200510": "無",
        "200511": "無",
        "200512": "無",
        "200601": "無",
        "200602": "無",
        "200603": "無",
        "200604": "無",
        "200605": "無",
        "200606": "無",
        "200607": "無",
        "200608": "無",
        "200609": "無",
        "200610": "無",
        "200611": "無",
        "200612": "無",
        "200701": "無",
        "200702": "無",
        "200703": "無",
        "200704": "無",
        "200705": "無",
        "200706": "無",
        "200707": "無",
        "200708": "無",
        "200709": "無",
        "200710": "無",
        "200711": "無",
        "200712": "無",
        "200801": "無",
        "200802": "無",
        "200803": "無",
        "200804": "45.42",
        "200805": "40.22",
        "200806": "38.70",
        "200807": "39.03",
        "200808": "37.98",
        "200809": "36.35",
        "200810": "27.43",
        "200811": "26.87",
        "200812": "35.48",
        "200901": "39.02",
        "200902": "37.94",
        "200903": "38.53",
        "200904": "57.89",
        "200905": "69.91",
        "200906": "59.85",
        "200907": "62.58",
        "200908": "76.10",
        "200909": "111.95",
        "200910": "161.94",
        "200911": "150.04",
        "200912": "141.18",
        "201001": "118.17",
        "201002": "86.81",
        "201003": "105.07",
        "201004": "130.21",
        "201005": "107.98",
        "201006": "100.51",
        "201007": "99.24",
        "201008": "95.77",
        "201009": "109.99",
        "201010": "98.75",
        "201011": "94.84",
        "201012": "91.16",
        "201101": "89.08",
        "201102": "90.23",
        "201103": "70.87",
        "201104": "68.87",
        "201105": "58.52",
        "201106": "53.96",
        "201107": "65.89",
        "201108": "67.84",
        "201109": "65.60",
        "201110": "58.32",
        "201111": "53.55",
        "201112": "47.08",
        "201201": "50.54",
        "201202": "59.14",
        "201203": "60.85",
        "201204": "59.38",
        "201205": "59.04",
        "201206": "57.22",
        "201207": "53.38",
        "201208": "53.70",
        "201209": "52.99",
        "201210": "64.55",
        "201211": "60.93",
        "201212": "60.53",
        "201301": "67.32",
        "201302": "67.55",
        "201303": "62.94",
        "201304": "60.22",
        "201305": "59.97",
        "201306": "55.75",
        "201307": "58.40",
        "201308": "56.20",
        "201309": "56.97",
        "201310": "57.36",
        "201311": "58.05",
        "201312": "65.56",
        "201401": "72.62",
        "201402": "113.97",
        "201403": "157.14",
        "201404": "144.05",
        "201405": "151.48",
        "201406": "143.52",
        "201407": "147.86",
        "201408": "123.31",
        "201409": "121.36",
        "201410": "103.83",
        "201411": "90.20",
        "201412": "94.10",
        "201501": "113.91",
        "201502": "115.08",
        "201503": "102.93",
        "201504": "82.52",
        "201505": "81.42",
        "201506": "64.54",
        "201507": "62.19",
        "201508": "64.98",
        "201509": "72.82",
        "201510": "84.80",
        "201511": "84.83",
        "201512": "84.68",
        "201601": "74.74",
        "201602": "77.90",
        "201603": "94.44",
        "201604": "131.79",
        "201605": "110.19",
        "201606": "119.19",
        "201607": "113.08",
        "201608": "102.83",
        "201609": "95.89",
        "201610": "84.42",
        "201611": "79.21",
        "201612": "80.70",
        "201701": "79.02",
        "201702": "77.98",
        "201703": "70.77",
        "201704": "64.87",
        "201705": "60.84",
        "201706": "65.58",
        "201707": "63.05",
        "201708": "59.16",
        "201709": "51.64",
        "201710": "49.44",
        "201711": "52.94",
        "201712": "52.07",
        "201801": "51.80",
        "201802": "49.82",
        "201803": "50.53",
        "201804": "54.98",
        "201805": "51.82",
        "201806": "50.36",
        "201807": "48.74",
        "201808": "45.39",
        "201809": "39.97",
        "201810": "34.78",
        "201811": "30.92",
        "201812": "34.28",
        "201901": "39.78",
        "201902": "44.33",
        "201903": "46.05",
        "201904": "45.35",
        "201905": "41.80",
        "201906": "48.34",
        "201907": "48.35",
        "201908": "44.79",
        "201909": "44.49",
        "201910": "43.26",
        "201911": "41.14",
        "201912": "37.06",
        "202001": "36.46",
        "202002": "34.79",
        "202003": "27.07",
        "202004": "27.76",
        "202005": "33.38",
        "202006": "40.18",
        "202007": "40.82",
        "202008": "37.24",
        "202009": "38.72",
        "202010": "37.82",
        "202011": "36.68",
        "202012": "35.33",
        "202101": "31.30",
        "202102": "30.96",
        "202103": "30.74",
        "202104": "30.16",
        "202105": "27.14",
        "202106": "28.05",
        "202107": "26.04",
        "202108": "24.24",
        "202109": "24.24",
        "202110": "27.30",
        "202111": "27.74",
        "202112": "27.46",
        "202201": "27.87",
        "202202": "28.01",
        "202203": "27.15",
        "202204": "27.27",
        "202205": "24.80",
        "202206": "43.49",
        "202207": "50.36",
        "202208": "55.07",
        "202209": "64.36",
        "202210": "52.10",
        "202211": "48.67",
        "202212": "50.77",
        "202301": "50.05",
        "202302": "59.18",
        "202303": "62.10",
        "202304": "68.63",
        "202305": "75.66"
    },
    "quarters": {
        "20011": {
            "year_quarter": 20011,
            "year": 2001,
            "quarter": 1,
            "eps": null,
            "eps_growth_year": null,
            "eps_4q": null,
            "eps_4q_growth_year": null,
            "roe": null,
            "roe_4q": 0,
            "gross_profit": null,
            "gross_margin": null,
            "gross_margin_4q_avg": 0,
            "net_income": null,
            "revenue": null,
            "common_shares": null,
            "book_valuer_per_share": null,
            "book_valuer_per_share_4q_avg": 0,
            "equity": null,
            "current_ratio": null,
            "debt_ratio": null,
            "inventory_turnover_ratio": null,
            "account_receivable_turnover_ratio": null,
            "reinvestment_rate": null,
            "research_to_sale_ratio": null,
            "price_fair": 0,
            "eps_avg_yearly": 0,
            "eps_latest_yearly": 0,
            "eps_growth_yearly": 0
        },
        "20012": {
            "year_quarter": 20012,
            "year": 2001,
            "quarter": 2,
            "eps": null,
            "eps_growth_year": null,
            "eps_4q": null,
            "eps_4q_growth_year": null,
            "roe": null,
            "roe_4q": 0,
            "gross_profit": null,
            "gross_margin": null,
            "gross_margin_4q_avg": 0,
            "net_income": null,
            "revenue": null,
            "common_shares": null,
            "book_valuer_per_share": null,
            "book_valuer_per_share_4q_avg": 0,
            "equity": null,
            "current_ratio": null,
            "debt_ratio": null,
            "inventory_turnover_ratio": null,
            "account_receivable_turnover_ratio": null,
            "reinvestment_rate": null,
            "research_to_sale_ratio": null,
            "price_fair": 0,
            "eps_avg_yearly": 0,
            "eps_latest_yearly": 0,
            "eps_growth_yearly": 0
        },
        "20013": {
            "year_quarter": 20013,
            "year": 2001,
            "quarter": 3,
            "eps": null,
            "eps_growth_year": null,
            "eps_4q": null,
            "eps_4q_growth_year": null,
            "roe": null,
            "roe_4q": 0,
            "gross_profit": null,
            "gross_margin": null,
            "gross_margin_4q_avg": 0,
            "net_income": null,
            "revenue": null,
            "common_shares": null,
            "book_valuer_per_share": null,
            "book_valuer_per_share_4q_avg": 0,
            "equity": null,
            "current_ratio": null,
            "debt_ratio": null,
            "inventory_turnover_ratio": null,
            "account_receivable_turnover_ratio": null,
            "reinvestment_rate": null,
            "research_to_sale_ratio": null,
            "price_fair": 0,
            "eps_avg_yearly": 0,
            "eps_latest_yearly": 0,
            "eps_growth_yearly": 0
        },
        "20014": {
            "year_quarter": 20014,
            "year": 2001,
            "quarter": 4,
            "eps": null,
            "eps_growth_year": null,
            "eps_4q": null,
            "eps_4q_growth_year": null,
            "roe": null,
            "roe_4q": 0,
            "gross_profit": null,
            "gross_margin": null,
            "gross_margin_4q_avg": 0,
            "net_income": null,
            "revenue": null,
            "common_shares": null,
            "book_valuer_per_share": null,
            "book_valuer_per_share_4q_avg": 0,
            "equity": null,
            "current_ratio": null,
            "debt_ratio": null,
            "inventory_turnover_ratio": null,
            "account_receivable_turnover_ratio": null,
            "reinvestment_rate": null,
            "research_to_sale_ratio": null,
            "price_fair": 0,
            "eps_avg_yearly": 0,
            "eps_latest_yearly": 0,
            "eps_growth_yearly": 0
        },
        "20021": {
            "year_quarter": 20021,
            "year": 2002,
            "quarter": 1,
            "eps": null,
            "eps_growth_year": null,
            "eps_4q": null,
            "eps_4q_growth_year": null,
            "roe": null,
            "roe_4q": 0,
            "gross_profit": null,
            "gross_margin": null,
            "gross_margin_4q_avg": 0,
            "net_income": null,
            "revenue": null,
            "common_shares": null,
            "book_valuer_per_share": null,
            "book_valuer_per_share_4q_avg": 0,
            "equity": null,
            "current_ratio": null,
            "debt_ratio": null,
            "inventory_turnover_ratio": null,
            "account_receivable_turnover_ratio": null,
            "reinvestment_rate": null,
            "research_to_sale_ratio": null,
            "price_fair": 0,
            "eps_avg_yearly": 0,
            "eps_latest_yearly": 0,
            "eps_growth_yearly": 0
        },
        "20022": {
            "year_quarter": 20022,
            "year": 2002,
            "quarter": 2,
            "eps": null,
            "eps_growth_year": null,
            "eps_4q": null,
            "eps_4q_growth_year": null,
            "roe": null,
            "roe_4q": 0,
            "gross_profit": null,
            "gross_margin": null,
            "gross_margin_4q_avg": 0,
            "net_income": null,
            "revenue": null,
            "common_shares": null,
            "book_valuer_per_share": null,
            "book_valuer_per_share_4q_avg": 0,
            "equity": null,
            "current_ratio": null,
            "debt_ratio": null,
            "inventory_turnover_ratio": null,
            "account_receivable_turnover_ratio": null,
            "reinvestment_rate": null,
            "research_to_sale_ratio": null,
            "price_fair": 0,
            "eps_avg_yearly": 0,
            "eps_latest_yearly": 0,
            "eps_growth_yearly": 0
        },
        "20023": {
            "year_quarter": 20023,
            "year": 2002,
            "quarter": 3,
            "eps": null,
            "eps_growth_year": null,
            "eps_4q": null,
            "eps_4q_growth_year": null,
            "roe": null,
            "roe_4q": 0,
            "gross_profit": null,
            "gross_margin": null,
            "gross_margin_4q_avg": 0,
            "net_income": null,
            "revenue": null,
            "common_shares": null,
            "book_valuer_per_share": null,
            "book_valuer_per_share_4q_avg": 0,
            "equity": null,
            "current_ratio": null,
            "debt_ratio": null,
            "inventory_turnover_ratio": null,
            "account_receivable_turnover_ratio": null,
            "reinvestment_rate": null,
            "research_to_sale_ratio": null,
            "price_fair": 0,
            "eps_avg_yearly": 0,
            "eps_latest_yearly": 0,
            "eps_growth_yearly": 0
        },
        "20024": {
            "year_quarter": 20024,
            "year": 2002,
            "quarter": 4,
            "eps": null,
            "eps_growth_year": null,
            "eps_4q": null,
            "eps_4q_growth_year": null,
            "roe": null,
            "roe_4q": 0,
            "gross_profit": null,
            "gross_margin": null,
            "gross_margin_4q_avg": 0,
            "net_income": null,
            "revenue": null,
            "common_shares": null,
            "book_valuer_per_share": null,
            "book_valuer_per_share_4q_avg": 0,
            "equity": null,
            "current_ratio": null,
            "debt_ratio": null,
            "inventory_turnover_ratio": null,
            "account_receivable_turnover_ratio": null,
            "reinvestment_rate": null,
            "research_to_sale_ratio": null,
            "price_fair": 0,
            "eps_avg_yearly": 0,
            "eps_latest_yearly": 0,
            "eps_growth_yearly": 0
        },
        "20031": {
            "year_quarter": 20031,
            "year": 2003,
            "quarter": 1,
            "eps": null,
            "eps_growth_year": null,
            "eps_4q": null,
            "eps_4q_growth_year": null,
            "roe": null,
            "roe_4q": 0,
            "gross_profit": null,
            "gross_margin": null,
            "gross_margin_4q_avg": 0,
            "net_income": null,
            "revenue": null,
            "common_shares": null,
            "book_valuer_per_share": null,
            "book_valuer_per_share_4q_avg": 0,
            "equity": null,
            "current_ratio": null,
            "debt_ratio": null,
            "inventory_turnover_ratio": null,
            "account_receivable_turnover_ratio": null,
            "reinvestment_rate": null,
            "research_to_sale_ratio": null,
            "price_fair": 0,
            "eps_avg_yearly": 0,
            "eps_latest_yearly": 0,
            "eps_growth_yearly": 0
        },
        "20032": {
            "year_quarter": 20032,
            "year": 2003,
            "quarter": 2,
            "eps": null,
            "eps_growth_year": null,
            "eps_4q": null,
            "eps_4q_growth_year": null,
            "roe": null,
            "roe_4q": 0,
            "gross_profit": null,
            "gross_margin": null,
            "gross_margin_4q_avg": 0,
            "net_income": null,
            "revenue": null,
            "common_shares": null,
            "book_valuer_per_share": null,
            "book_valuer_per_share_4q_avg": 0,
            "equity": null,
            "current_ratio": null,
            "debt_ratio": null,
            "inventory_turnover_ratio": null,
            "account_receivable_turnover_ratio": null,
            "reinvestment_rate": null,
            "research_to_sale_ratio": null,
            "price_fair": 0,
            "eps_avg_yearly": 0,
            "eps_latest_yearly": 0,
            "eps_growth_yearly": 0
        },
        "20033": {
            "year_quarter": 20033,
            "year": 2003,
            "quarter": 3,
            "eps": null,
            "eps_growth_year": null,
            "eps_4q": null,
            "eps_4q_growth_year": null,
            "roe": null,
            "roe_4q": 0,
            "gross_profit": null,
            "gross_margin": null,
            "gross_margin_4q_avg": 0,
            "net_income": null,
            "revenue": null,
            "common_shares": null,
            "book_valuer_per_share": null,
            "book_valuer_per_share_4q_avg": 0,
            "equity": null,
            "current_ratio": null,
            "debt_ratio": null,
            "inventory_turnover_ratio": null,
            "account_receivable_turnover_ratio": null,
            "reinvestment_rate": null,
            "research_to_sale_ratio": null,
            "price_fair": 0,
            "eps_avg_yearly": 0,
            "eps_latest_yearly": 0,
            "eps_growth_yearly": 0
        },
        "20034": {
            "year_quarter": 20034,
            "year": 2003,
            "quarter": 4,
            "eps": null,
            "eps_growth_year": null,
            "eps_4q": null,
            "eps_4q_growth_year": null,
            "roe": null,
            "roe_4q": 0,
            "gross_profit": null,
            "gross_margin": null,
            "gross_margin_4q_avg": 0,
            "net_income": null,
            "revenue": null,
            "common_shares": 460000,
            "book_valuer_per_share": 8.75,
            "book_valuer_per_share_4q_avg": 2.19,
            "equity": 402715,
            "current_ratio": 3261.75,
            "debt_ratio": 1.53,
            "inventory_turnover_ratio": null,
            "account_receivable_turnover_ratio": null,
            "reinvestment_rate": null,
            "research_to_sale_ratio": null,
            "price_fair": 0,
            "eps_avg_yearly": 0,
            "eps_latest_yearly": 0,
            "eps_growth_yearly": 0
        },
        "20041": {
            "year_quarter": 20041,
            "year": 2004,
            "quarter": 1,
            "eps": null,
            "eps_growth_year": null,
            "eps_4q": null,
            "eps_4q_growth_year": null,
            "roe": null,
            "roe_4q": 0,
            "gross_profit": null,
            "gross_margin": null,
            "gross_margin_4q_avg": 0,
            "net_income": null,
            "revenue": null,
            "common_shares": null,
            "book_valuer_per_share": null,
            "book_valuer_per_share_4q_avg": 2.19,
            "equity": null,
            "current_ratio": null,
            "debt_ratio": null,
            "inventory_turnover_ratio": null,
            "account_receivable_turnover_ratio": null,
            "reinvestment_rate": null,
            "research_to_sale_ratio": null,
            "price_fair": 0,
            "eps_avg_yearly": 0,
            "eps_latest_yearly": 0,
            "eps_growth_yearly": 0
        },
        "20042": {
            "year_quarter": 20042,
            "year": 2004,
            "quarter": 2,
            "eps": null,
            "eps_growth_year": null,
            "eps_4q": null,
            "eps_4q_growth_year": null,
            "roe": null,
            "roe_4q": 0,
            "gross_profit": null,
            "gross_margin": null,
            "gross_margin_4q_avg": 0,
            "net_income": null,
            "revenue": null,
            "common_shares": null,
            "book_valuer_per_share": null,
            "book_valuer_per_share_4q_avg": 2.19,
            "equity": null,
            "current_ratio": null,
            "debt_ratio": null,
            "inventory_turnover_ratio": null,
            "account_receivable_turnover_ratio": null,
            "reinvestment_rate": null,
            "research_to_sale_ratio": null,
            "price_fair": 0,
            "eps_avg_yearly": 0,
            "eps_latest_yearly": 0,
            "eps_growth_yearly": 0
        },
        "20043": {
            "year_quarter": 20043,
            "year": 2004,
            "quarter": 3,
            "eps": null,
            "eps_growth_year": null,
            "eps_4q": null,
            "eps_4q_growth_year": null,
            "roe": null,
            "roe_4q": 0,
            "gross_profit": null,
            "gross_margin": null,
            "gross_margin_4q_avg": 0,
            "net_income": null,
            "revenue": null,
            "common_shares": null,
            "book_valuer_per_share": null,
            "book_valuer_per_share_4q_avg": 2.19,
            "equity": null,
            "current_ratio": null,
            "debt_ratio": null,
            "inventory_turnover_ratio": null,
            "account_receivable_turnover_ratio": null,
            "reinvestment_rate": null,
            "research_to_sale_ratio": null,
            "price_fair": 0,
            "eps_avg_yearly": 0,
            "eps_latest_yearly": 0,
            "eps_growth_yearly": 0
        },
        "20044": {
            "year_quarter": 20044,
            "year": 2004,
            "quarter": 4,
            "eps": null,
            "eps_growth_year": null,
            "eps_4q": null,
            "eps_4q_growth_year": null,
            "roe": null,
            "roe_4q": 0,
            "gross_profit": null,
            "gross_margin": null,
            "gross_margin_4q_avg": 0,
            "net_income": null,
            "revenue": null,
            "common_shares": 460000,
            "book_valuer_per_share": 8.69,
            "book_valuer_per_share_4q_avg": 2.17,
            "equity": 399643,
            "current_ratio": 3484.33,
            "debt_ratio": 1.51,
            "inventory_turnover_ratio": null,
            "account_receivable_turnover_ratio": null,
            "reinvestment_rate": null,
            "research_to_sale_ratio": null,
            "price_fair": 0,
            "eps_avg_yearly": 0,
            "eps_latest_yearly": 0,
            "eps_growth_yearly": 0
        },
        "20051": {
            "year_quarter": 20051,
            "year": 2005,
            "quarter": 1,
            "eps": null,
            "eps_growth_year": null,
            "eps_4q": null,
            "eps_4q_growth_year": null,
            "roe": null,
            "roe_4q": 0,
            "gross_profit": null,
            "gross_margin": null,
            "gross_margin_4q_avg": 0,
            "net_income": null,
            "revenue": null,
            "common_shares": null,
            "book_valuer_per_share": null,
            "book_valuer_per_share_4q_avg": 2.17,
            "equity": null,
            "current_ratio": null,
            "debt_ratio": null,
            "inventory_turnover_ratio": null,
            "account_receivable_turnover_ratio": null,
            "reinvestment_rate": null,
            "research_to_sale_ratio": null,
            "price_fair": 0,
            "eps_avg_yearly": 0,
            "eps_latest_yearly": 0,
            "eps_growth_yearly": 0
        },
        "20052": {
            "year_quarter": 20052,
            "year": 2005,
            "quarter": 2,
            "eps": null,
            "eps_growth_year": null,
            "eps_4q": null,
            "eps_4q_growth_year": null,
            "roe": null,
            "roe_4q": 0,
            "gross_profit": null,
            "gross_margin": null,
            "gross_margin_4q_avg": 0,
            "net_income": null,
            "revenue": null,
            "common_shares": null,
            "book_valuer_per_share": null,
            "book_valuer_per_share_4q_avg": 2.17,
            "equity": null,
            "current_ratio": null,
            "debt_ratio": null,
            "inventory_turnover_ratio": null,
            "account_receivable_turnover_ratio": null,
            "reinvestment_rate": null,
            "research_to_sale_ratio": null,
            "price_fair": 0,
            "eps_avg_yearly": 0,
            "eps_latest_yearly": 0,
            "eps_growth_yearly": 0
        },
        "20053": {
            "year_quarter": 20053,
            "year": 2005,
            "quarter": 3,
            "eps": null,
            "eps_growth_year": null,
            "eps_4q": null,
            "eps_4q_growth_year": null,
            "roe": null,
            "roe_4q": 0,
            "gross_profit": null,
            "gross_margin": null,
            "gross_margin_4q_avg": 0,
            "net_income": null,
            "revenue": null,
            "common_shares": null,
            "book_valuer_per_share": null,
            "book_valuer_per_share_4q_avg": 2.17,
            "equity": null,
            "current_ratio": null,
            "debt_ratio": null,
            "inventory_turnover_ratio": null,
            "account_receivable_turnover_ratio": null,
            "reinvestment_rate": null,
            "research_to_sale_ratio": null,
            "price_fair": 0,
            "eps_avg_yearly": 0,
            "eps_latest_yearly": 0,
            "eps_growth_yearly": 0
        },
        "20054": {
            "year_quarter": 20054,
            "year": 2005,
            "quarter": 4,
            "eps": null,
            "eps_growth_year": null,
            "eps_4q": null,
            "eps_4q_growth_year": null,
            "roe": null,
            "roe_4q": 0,
            "gross_profit": null,
            "gross_margin": null,
            "gross_margin_4q_avg": 0,
            "net_income": null,
            "revenue": null,
            "common_shares": 460000,
            "book_valuer_per_share": 8.83,
            "book_valuer_per_share_4q_avg": 2.21,
            "equity": 406183,
            "current_ratio": 6756.3,
            "debt_ratio": 0.81,
            "inventory_turnover_ratio": null,
            "account_receivable_turnover_ratio": null,
            "reinvestment_rate": null,
            "research_to_sale_ratio": null,
            "price_fair": 0,
            "eps_avg_yearly": 0,
            "eps_latest_yearly": 0,
            "eps_growth_yearly": 0
        },
        "20061": {
            "year_quarter": 20061,
            "year": 2006,
            "quarter": 1,
            "eps": null,
            "eps_growth_year": null,
            "eps_4q": null,
            "eps_4q_growth_year": null,
            "roe": null,
            "roe_4q": 0,
            "gross_profit": null,
            "gross_margin": null,
            "gross_margin_4q_avg": 0,
            "net_income": null,
            "revenue": null,
            "common_shares": null,
            "book_valuer_per_share": null,
            "book_valuer_per_share_4q_avg": 2.21,
            "equity": null,
            "current_ratio": null,
            "debt_ratio": null,
            "inventory_turnover_ratio": null,
            "account_receivable_turnover_ratio": null,
            "reinvestment_rate": null,
            "research_to_sale_ratio": null,
            "price_fair": 0,
            "eps_avg_yearly": 0,
            "eps_latest_yearly": 0,
            "eps_growth_yearly": 0
        },
        "20062": {
            "year_quarter": 20062,
            "year": 2006,
            "quarter": 2,
            "eps": null,
            "eps_growth_year": null,
            "eps_4q": null,
            "eps_4q_growth_year": null,
            "roe": null,
            "roe_4q": 0,
            "gross_profit": null,
            "gross_margin": null,
            "gross_margin_4q_avg": 0,
            "net_income": null,
            "revenue": null,
            "common_shares": null,
            "book_valuer_per_share": null,
            "book_valuer_per_share_4q_avg": 2.21,
            "equity": null,
            "current_ratio": null,
            "debt_ratio": null,
            "inventory_turnover_ratio": null,
            "account_receivable_turnover_ratio": null,
            "reinvestment_rate": null,
            "research_to_sale_ratio": null,
            "price_fair": 0,
            "eps_avg_yearly": 0,
            "eps_latest_yearly": 0,
            "eps_growth_yearly": 0
        },
        "20063": {
            "year_quarter": 20063,
            "year": 2006,
            "quarter": 3,
            "eps": null,
            "eps_growth_year": null,
            "eps_4q": null,
            "eps_4q_growth_year": null,
            "roe": null,
            "roe_4q": 0,
            "gross_profit": null,
            "gross_margin": null,
            "gross_margin_4q_avg": 0,
            "net_income": null,
            "revenue": null,
            "common_shares": null,
            "book_valuer_per_share": null,
            "book_valuer_per_share_4q_avg": 2.21,
            "equity": null,
            "current_ratio": null,
            "debt_ratio": null,
            "inventory_turnover_ratio": null,
            "account_receivable_turnover_ratio": null,
            "reinvestment_rate": null,
            "research_to_sale_ratio": null,
            "price_fair": 0,
            "eps_avg_yearly": 0,
            "eps_latest_yearly": 0,
            "eps_growth_yearly": 0
        },
        "20064": {
            "year_quarter": 20064,
            "year": 2006,
            "quarter": 4,
            "eps": null,
            "eps_growth_year": null,
            "eps_4q": null,
            "eps_4q_growth_year": null,
            "roe": null,
            "roe_4q": 0,
            "gross_profit": null,
            "gross_margin": null,
            "gross_margin_4q_avg": 0,
            "net_income": null,
            "revenue": null,
            "common_shares": 460000,
            "book_valuer_per_share": 8.57,
            "book_valuer_per_share_4q_avg": 2.14,
            "equity": 394273,
            "current_ratio": 5266.03,
            "debt_ratio": 1.29,
            "inventory_turnover_ratio": null,
            "account_receivable_turnover_ratio": null,
            "reinvestment_rate": null,
            "research_to_sale_ratio": null,
            "price_fair": 0,
            "eps_avg_yearly": 0,
            "eps_latest_yearly": 0,
            "eps_growth_yearly": 0
        },
        "20071": {
            "year_quarter": 20071,
            "year": 2007,
            "quarter": 1,
            "eps": null,
            "eps_growth_year": null,
            "eps_4q": null,
            "eps_4q_growth_year": null,
            "roe": null,
            "roe_4q": 0,
            "gross_profit": null,
            "gross_margin": null,
            "gross_margin_4q_avg": 0,
            "net_income": null,
            "revenue": null,
            "common_shares": null,
            "book_valuer_per_share": null,
            "book_valuer_per_share_4q_avg": 2.14,
            "equity": null,
            "current_ratio": null,
            "debt_ratio": null,
            "inventory_turnover_ratio": null,
            "account_receivable_turnover_ratio": null,
            "reinvestment_rate": null,
            "research_to_sale_ratio": null,
            "price_fair": 0,
            "eps_avg_yearly": 0,
            "eps_latest_yearly": 0,
            "eps_growth_yearly": 0
        },
        "20072": {
            "year_quarter": 20072,
            "year": 2007,
            "quarter": 2,
            "eps": null,
            "eps_growth_year": null,
            "eps_4q": null,
            "eps_4q_growth_year": null,
            "roe": null,
            "roe_4q": 0,
            "gross_profit": null,
            "gross_margin": null,
            "gross_margin_4q_avg": 0,
            "net_income": null,
            "revenue": null,
            "common_shares": null,
            "book_valuer_per_share": null,
            "book_valuer_per_share_4q_avg": 2.14,
            "equity": null,
            "current_ratio": null,
            "debt_ratio": null,
            "inventory_turnover_ratio": null,
            "account_receivable_turnover_ratio": null,
            "reinvestment_rate": null,
            "research_to_sale_ratio": null,
            "price_fair": 0,
            "eps_avg_yearly": 0,
            "eps_latest_yearly": 0,
            "eps_growth_yearly": 0
        },
        "20073": {
            "year_quarter": 20073,
            "year": 2007,
            "quarter": 3,
            "eps": null,
            "eps_growth_year": null,
            "eps_4q": null,
            "eps_4q_growth_year": null,
            "roe": null,
            "roe_4q": 0,
            "gross_profit": null,
            "gross_margin": null,
            "gross_margin_4q_avg": 0,
            "net_income": null,
            "revenue": null,
            "common_shares": null,
            "book_valuer_per_share": null,
            "book_valuer_per_share_4q_avg": 2.14,
            "equity": null,
            "current_ratio": null,
            "debt_ratio": null,
            "inventory_turnover_ratio": null,
            "account_receivable_turnover_ratio": null,
            "reinvestment_rate": null,
            "research_to_sale_ratio": null,
            "price_fair": 0,
            "eps_avg_yearly": 0,
            "eps_latest_yearly": 0,
            "eps_growth_yearly": 0
        },
        "20074": {
            "year_quarter": 20074,
            "year": 2007,
            "quarter": 4,
            "eps": null,
            "eps_growth_year": null,
            "eps_4q": null,
            "eps_4q_growth_year": null,
            "roe": null,
            "roe_4q": 0,
            "gross_profit": null,
            "gross_margin": null,
            "gross_margin_4q_avg": 0,
            "net_income": null,
            "revenue": null,
            "common_shares": 485000,
            "book_valuer_per_share": 8.4,
            "book_valuer_per_share_4q_avg": 2.1,
            "equity": 407508,
            "current_ratio": 4280.48,
            "debt_ratio": 1.65,
            "inventory_turnover_ratio": null,
            "account_receivable_turnover_ratio": null,
            "reinvestment_rate": null,
            "research_to_sale_ratio": null,
            "price_fair": 0,
            "eps_avg_yearly": 0,
            "eps_latest_yearly": 0,
            "eps_growth_yearly": 0
        },
        "20081": {
            "year_quarter": 20081,
            "year": 2008,
            "quarter": 1,
            "eps": null,
            "eps_growth_year": null,
            "eps_4q": null,
            "eps_4q_growth_year": null,
            "roe": null,
            "roe_4q": 0,
            "gross_profit": null,
            "gross_margin": null,
            "gross_margin_4q_avg": 0,
            "net_income": null,
            "revenue": null,
            "common_shares": null,
            "book_valuer_per_share": null,
            "book_valuer_per_share_4q_avg": 2.1,
            "equity": null,
            "current_ratio": null,
            "debt_ratio": null,
            "inventory_turnover_ratio": null,
            "account_receivable_turnover_ratio": null,
            "reinvestment_rate": null,
            "research_to_sale_ratio": null,
            "price_fair": 0,
            "eps_avg_yearly": 0,
            "eps_latest_yearly": 0,
            "eps_growth_yearly": 0
        },
        "20082": {
            "year_quarter": 20082,
            "year": 2008,
            "quarter": 2,
            "eps": null,
            "eps_growth_year": null,
            "eps_4q": null,
            "eps_4q_growth_year": null,
            "roe": null,
            "roe_4q": 0,
            "gross_profit": null,
            "gross_margin": null,
            "gross_margin_4q_avg": 0,
            "net_income": null,
            "revenue": null,
            "common_shares": null,
            "book_valuer_per_share": null,
            "book_valuer_per_share_4q_avg": 2.1,
            "equity": null,
            "current_ratio": null,
            "debt_ratio": null,
            "inventory_turnover_ratio": null,
            "account_receivable_turnover_ratio": null,
            "reinvestment_rate": null,
            "research_to_sale_ratio": null,
            "price_fair": 0,
            "eps_avg_yearly": 0,
            "eps_latest_yearly": 0,
            "eps_growth_yearly": 0
        },
        "20083": {
            "year_quarter": 20083,
            "year": 2008,
            "quarter": 3,
            "eps": null,
            "eps_growth_year": null,
            "eps_4q": null,
            "eps_4q_growth_year": null,
            "roe": null,
            "roe_4q": 0,
            "gross_profit": null,
            "gross_margin": null,
            "gross_margin_4q_avg": 0,
            "net_income": null,
            "revenue": null,
            "common_shares": null,
            "book_valuer_per_share": null,
            "book_valuer_per_share_4q_avg": 2.1,
            "equity": null,
            "current_ratio": null,
            "debt_ratio": null,
            "inventory_turnover_ratio": null,
            "account_receivable_turnover_ratio": null,
            "reinvestment_rate": null,
            "research_to_sale_ratio": null,
            "price_fair": 0,
            "eps_avg_yearly": 0,
            "eps_latest_yearly": 0,
            "eps_growth_yearly": 0
        },
        "20084": {
            "year_quarter": 20084,
            "year": 2008,
            "quarter": 4,
            "eps": null,
            "eps_growth_year": null,
            "eps_4q": null,
            "eps_4q_growth_year": null,
            "roe": null,
            "roe_4q": 0,
            "gross_profit": null,
            "gross_margin": null,
            "gross_margin_4q_avg": 0,
            "net_income": null,
            "revenue": null,
            "common_shares": 485000,
            "book_valuer_per_share": 8.37,
            "book_valuer_per_share_4q_avg": 2.09,
            "equity": 406121,
            "current_ratio": 4239.46,
            "debt_ratio": 1.69,
            "inventory_turnover_ratio": null,
            "account_receivable_turnover_ratio": null,
            "reinvestment_rate": null,
            "research_to_sale_ratio": null,
            "price_fair": 0,
            "eps_avg_yearly": 0,
            "eps_latest_yearly": 0,
            "eps_growth_yearly": 0
        },
        "20091": {
            "year_quarter": 20091,
            "year": 2009,
            "quarter": 1,
            "eps": null,
            "eps_growth_year": null,
            "eps_4q": null,
            "eps_4q_growth_year": null,
            "roe": null,
            "roe_4q": 0,
            "gross_profit": null,
            "gross_margin": null,
            "gross_margin_4q_avg": 0,
            "net_income": null,
            "revenue": null,
            "common_shares": null,
            "book_valuer_per_share": null,
            "book_valuer_per_share_4q_avg": 2.09,
            "equity": null,
            "current_ratio": null,
            "debt_ratio": null,
            "inventory_turnover_ratio": null,
            "account_receivable_turnover_ratio": null,
            "reinvestment_rate": null,
            "research_to_sale_ratio": null,
            "price_fair": 0,
            "eps_avg_yearly": 0,
            "eps_latest_yearly": 0,
            "eps_growth_yearly": 0
        },
        "20092": {
            "year_quarter": 20092,
            "year": 2009,
            "quarter": 2,
            "eps": null,
            "eps_growth_year": null,
            "eps_4q": null,
            "eps_4q_growth_year": null,
            "roe": null,
            "roe_4q": 0,
            "gross_profit": null,
            "gross_margin": null,
            "gross_margin_4q_avg": 0,
            "net_income": null,
            "revenue": null,
            "common_shares": 485000,
            "book_valuer_per_share": null,
            "book_valuer_per_share_4q_avg": 2.09,
            "equity": 405075,
            "current_ratio": null,
            "debt_ratio": null,
            "inventory_turnover_ratio": null,
            "account_receivable_turnover_ratio": null,
            "reinvestment_rate": null,
            "research_to_sale_ratio": null,
            "price_fair": 0,
            "eps_avg_yearly": 0,
            "eps_latest_yearly": 0,
            "eps_growth_yearly": 0
        },
        "20093": {
            "year_quarter": 20093,
            "year": 2009,
            "quarter": 3,
            "eps": -0.01,
            "eps_growth_year": null,
            "eps_4q": null,
            "eps_4q_growth_year": null,
            "roe": -0.06,
            "roe_4q": -0.06,
            "gross_profit": 3347,
            "gross_margin": 70.3,
            "gross_margin_4q_avg": 17.58,
            "net_income": -253,
            "revenue": 4761,
            "common_shares": 485000,
            "book_valuer_per_share": 8.35,
            "book_valuer_per_share_4q_avg": 4.18,
            "equity": 404822,
            "current_ratio": 5025.16,
            "debt_ratio": 1.56,
            "inventory_turnover_ratio": 0.11,
            "account_receivable_turnover_ratio": 1.01,
            "reinvestment_rate": null,
            "research_to_sale_ratio": null,
            "price_fair": 0,
            "eps_avg_yearly": 0,
            "eps_latest_yearly": 0,
            "eps_growth_yearly": 0
        },
        "20094": {
            "year_quarter": 20094,
            "year": 2009,
            "quarter": 4,
            "eps": 0,
            "eps_growth_year": null,
            "eps_4q": null,
            "eps_4q_growth_year": null,
            "roe": -0.05,
            "roe_4q": -0.11,
            "gross_profit": 6169,
            "gross_margin": 58.16,
            "gross_margin_4q_avg": 32.12,
            "net_income": -214,
            "revenue": 10607,
            "common_shares": 485000,
            "book_valuer_per_share": 8.34,
            "book_valuer_per_share_4q_avg": 4.17,
            "equity": 404608,
            "current_ratio": 4256.85,
            "debt_ratio": 1.85,
            "inventory_turnover_ratio": 0.34,
            "account_receivable_turnover_ratio": 2.94,
            "reinvestment_rate": null,
            "research_to_sale_ratio": null,
            "price_fair": 0,
            "eps_avg_yearly": 0,
            "eps_latest_yearly": 0,
            "eps_growth_yearly": 0
        },
        "20101": {
            "year_quarter": 20101,
            "year": 2010,
            "quarter": 1,
            "eps": null,
            "eps_growth_year": null,
            "eps_4q": null,
            "eps_4q_growth_year": null,
            "roe": null,
            "roe_4q": -0.11,
            "gross_profit": 4085,
            "gross_margin": null,
            "gross_margin_4q_avg": 32.12,
            "net_income": -396,
            "revenue": 5996,
            "common_shares": 485000,
            "book_valuer_per_share": 8.33,
            "book_valuer_per_share_4q_avg": 6.26,
            "equity": 404212,
            "current_ratio": 3520.16,
            "debt_ratio": 2.18,
            "inventory_turnover_ratio": null,
            "account_receivable_turnover_ratio": null,
            "reinvestment_rate": null,
            "research_to_sale_ratio": null,
            "price_fair": 0,
            "eps_avg_yearly": 0,
            "eps_latest_yearly": 0,
            "eps_growth_yearly": 0
        },
        "20102": {
            "year_quarter": 20102,
            "year": 2010,
            "quarter": 2,
            "eps": -0.02,
            "eps_growth_year": null,
            "eps_4q": -0.03,
            "eps_4q_growth_year": null,
            "roe": -0.29,
            "roe_4q": -0.39999999999999997,
            "gross_profit": 4054,
            "gross_margin": 62.93,
            "gross_margin_4q_avg": 47.85,
            "net_income": -1158,
            "revenue": 6442,
            "common_shares": 485000,
            "book_valuer_per_share": 8.31,
            "book_valuer_per_share_4q_avg": 8.33,
            "equity": 403054,
            "current_ratio": 3090.94,
            "debt_ratio": 2.44,
            "inventory_turnover_ratio": 0.2,
            "account_receivable_turnover_ratio": 2.35,
            "reinvestment_rate": null,
            "research_to_sale_ratio": null,
            "price_fair": 0,
            "eps_avg_yearly": 0,
            "eps_latest_yearly": 0,
            "eps_growth_yearly": 0
        },
        "20103": {
            "year_quarter": 20103,
            "year": 2010,
            "quarter": 3,
            "eps": -0.05,
            "eps_growth_year": null,
            "eps_4q": -0.08,
            "eps_4q_growth_year": null,
            "roe": -0.6,
            "roe_4q": -0.94,
            "gross_profit": 3721,
            "gross_margin": 63.87,
            "gross_margin_4q_avg": 46.24,
            "net_income": -2395,
            "revenue": 5826,
            "common_shares": 485000,
            "book_valuer_per_share": 8.26,
            "book_valuer_per_share_4q_avg": 8.31,
            "equity": 400659,
            "current_ratio": 3888.59,
            "debt_ratio": 2.04,
            "inventory_turnover_ratio": 0.17,
            "account_receivable_turnover_ratio": 1.04,
            "reinvestment_rate": null,
            "research_to_sale_ratio": 68.66,
            "price_fair": 0,
            "eps_avg_yearly": 0,
            "eps_latest_yearly": 0,
            "eps_growth_yearly": 0
        },
        "20104": {
            "year_quarter": 20104,
            "year": 2010,
            "quarter": 4,
            "eps": -0.13,
            "eps_growth_year": null,
            "eps_4q": -0.21,
            "eps_4q_growth_year": null,
            "roe": -1.64,
            "roe_4q": -2.53,
            "gross_profit": 3679,
            "gross_margin": 36.04,
            "gross_margin_4q_avg": 40.71,
            "net_income": -6503,
            "revenue": 10207,
            "common_shares": 485000,
            "book_valuer_per_share": 8.13,
            "book_valuer_per_share_4q_avg": 8.26,
            "equity": 394156,
            "current_ratio": 3705.11,
            "debt_ratio": 2.15,
            "inventory_turnover_ratio": 0.59,
            "account_receivable_turnover_ratio": 1.27,
            "reinvestment_rate": null,
            "research_to_sale_ratio": 41.07,
            "price_fair": 0,
            "eps_avg_yearly": 0,
            "eps_latest_yearly": 0,
            "eps_growth_yearly": 0
        },
        "20111": {
            "year_quarter": 20111,
            "year": 2011,
            "quarter": 1,
            "eps": -0.04,
            "eps_growth_year": null,
            "eps_4q": -0.22,
            "eps_4q_growth_year": null,
            "roe": -0.36,
            "roe_4q": -2.89,
            "gross_profit": 3191,
            "gross_margin": 42.68,
            "gross_margin_4q_avg": 51.38,
            "net_income": -2186,
            "revenue": 7476,
            "common_shares": 550000,
            "book_valuer_per_share": 15.09,
            "book_valuer_per_share_4q_avg": 9.95,
            "equity": 830026,
            "current_ratio": 7858.58,
            "debt_ratio": 1.28,
            "inventory_turnover_ratio": 0.48,
            "account_receivable_turnover_ratio": 0.84,
            "reinvestment_rate": null,
            "research_to_sale_ratio": 48.41,
            "price_fair": 0,
            "eps_avg_yearly": 0,
            "eps_latest_yearly": 0,
            "eps_growth_yearly": 0
        },
        "20112": {
            "year_quarter": 20112,
            "year": 2011,
            "quarter": 2,
            "eps": -0.01,
            "eps_growth_year": null,
            "eps_4q": -0.21,
            "eps_4q_growth_year": null,
            "roe": -0.07,
            "roe_4q": -2.67,
            "gross_profit": 2736,
            "gross_margin": 56.12,
            "gross_margin_4q_avg": 49.68,
            "net_income": -607,
            "revenue": 4875,
            "common_shares": 550000,
            "book_valuer_per_share": 15.06,
            "book_valuer_per_share_4q_avg": 11.64,
            "equity": 828319,
            "current_ratio": 7169.82,
            "debt_ratio": 1.38,
            "inventory_turnover_ratio": 0.24,
            "account_receivable_turnover_ratio": 0.68,
            "reinvestment_rate": null,
            "research_to_sale_ratio": 79.73,
            "price_fair": 0,
            "eps_avg_yearly": 0,
            "eps_latest_yearly": 0,
            "eps_growth_yearly": 0
        },
        "20113": {
            "year_quarter": 20113,
            "year": 2011,
            "quarter": 3,
            "eps": -0.05,
            "eps_growth_year": null,
            "eps_4q": -0.22,
            "eps_4q_growth_year": null,
            "roe": -0.34,
            "roe_4q": -2.41,
            "gross_profit": 3396,
            "gross_margin": 60.02,
            "gross_margin_4q_avg": 48.72,
            "net_income": -2806,
            "revenue": 5658,
            "common_shares": 550000,
            "book_valuer_per_share": 15.01,
            "book_valuer_per_share_4q_avg": 13.32,
            "equity": 825513,
            "current_ratio": 7268.66,
            "debt_ratio": 1.38,
            "inventory_turnover_ratio": 0.23,
            "account_receivable_turnover_ratio": 0.82,
            "reinvestment_rate": null,
            "research_to_sale_ratio": 91.46,
            "price_fair": 0,
            "eps_avg_yearly": 0,
            "eps_latest_yearly": 0,
            "eps_growth_yearly": 0
        },
        "20114": {
            "year_quarter": 20114,
            "year": 2011,
            "quarter": 4,
            "eps": 0.21,
            "eps_growth_year": null,
            "eps_4q": 0.1,
            "eps_4q_growth_year": null,
            "roe": 1.36,
            "roe_4q": 0.59,
            "gross_profit": 4581,
            "gross_margin": 59.46,
            "gross_margin_4q_avg": 54.57,
            "net_income": 11316,
            "revenue": 7704,
            "common_shares": 550000,
            "book_valuer_per_share": 15.22,
            "book_valuer_per_share_4q_avg": 15.1,
            "equity": 836829,
            "current_ratio": 4861.31,
            "debt_ratio": 1.86,
            "inventory_turnover_ratio": 0.33,
            "account_receivable_turnover_ratio": 0.88,
            "reinvestment_rate": null,
            "research_to_sale_ratio": 93.55,
            "price_fair": 0,
            "eps_avg_yearly": 0,
            "eps_latest_yearly": 0,
            "eps_growth_yearly": 0
        },
        "20121": {
            "year_quarter": 20121,
            "year": 2012,
            "quarter": 1,
            "eps": -0.03,
            "eps_growth_year": null,
            "eps_4q": 0.11,
            "eps_4q_growth_year": null,
            "roe": -0.2,
            "roe_4q": 0.75,
            "gross_profit": 3126,
            "gross_margin": 50.1,
            "gross_margin_4q_avg": 56.43,
            "net_income": -1641,
            "revenue": 6239,
            "common_shares": 550000,
            "book_valuer_per_share": 15.19,
            "book_valuer_per_share_4q_avg": 15.12,
            "equity": 835188,
            "current_ratio": 9678.18,
            "debt_ratio": 1.02,
            "inventory_turnover_ratio": 0.37,
            "account_receivable_turnover_ratio": 0.55,
            "reinvestment_rate": null,
            "research_to_sale_ratio": 80.59,
            "price_fair": 0,
            "eps_avg_yearly": 0,
            "eps_latest_yearly": 0,
            "eps_growth_yearly": 0
        },
        "20122": {
            "year_quarter": 20122,
            "year": 2012,
            "quarter": 2,
            "eps": -0.05,
            "eps_growth_year": null,
            "eps_4q": 0.07,
            "eps_4q_growth_year": null,
            "roe": -0.35,
            "roe_4q": 0.47000000000000003,
            "gross_profit": 4875,
            "gross_margin": 66.55,
            "gross_margin_4q_avg": 59.03,
            "net_income": -2909,
            "revenue": 7325,
            "common_shares": 550000,
            "book_valuer_per_share": 15.13,
            "book_valuer_per_share_4q_avg": 15.14,
            "equity": 832279,
            "current_ratio": 4913.43,
            "debt_ratio": 1.83,
            "inventory_turnover_ratio": 0.3,
            "account_receivable_turnover_ratio": 0.76,
            "reinvestment_rate": null,
            "research_to_sale_ratio": 99.77,
            "price_fair": 0,
            "eps_avg_yearly": 0,
            "eps_latest_yearly": 0,
            "eps_growth_yearly": 0
        },
        "20123": {
            "year_quarter": 20123,
            "year": 2012,
            "quarter": 3,
            "eps": -0.01,
            "eps_growth_year": null,
            "eps_4q": 0.11,
            "eps_4q_growth_year": null,
            "roe": -0.06,
            "roe_4q": 0.7500000000000001,
            "gross_profit": 5941,
            "gross_margin": 69.81,
            "gross_margin_4q_avg": 61.48,
            "net_income": -532,
            "revenue": 8510,
            "common_shares": 550000,
            "book_valuer_per_share": 15.12,
            "book_valuer_per_share_4q_avg": 15.17,
            "equity": 831747,
            "current_ratio": 5177.93,
            "debt_ratio": 1.72,
            "inventory_turnover_ratio": 0.31,
            "account_receivable_turnover_ratio": 1.07,
            "reinvestment_rate": null,
            "research_to_sale_ratio": 71.77,
            "price_fair": 0,
            "eps_avg_yearly": 0,
            "eps_latest_yearly": 0,
            "eps_growth_yearly": 0
        },
        "20124": {
            "year_quarter": 20124,
            "year": 2012,
            "quarter": 4,
            "eps": -0.12,
            "eps_growth_year": -156.58,
            "eps_4q": -0.21,
            "eps_4q_growth_year": -300.89,
            "roe": -0.77,
            "roe_4q": -1.3800000000000001,
            "gross_profit": 5258,
            "gross_margin": 58.22,
            "gross_margin_4q_avg": 61.17,
            "net_income": -6403,
            "revenue": 9031,
            "common_shares": 550000,
            "book_valuer_per_share": 15.01,
            "book_valuer_per_share_4q_avg": 15.11,
            "equity": 825344,
            "current_ratio": 4549.39,
            "debt_ratio": 1.93,
            "inventory_turnover_ratio": 0.49,
            "account_receivable_turnover_ratio": 1.04,
            "reinvestment_rate": null,
            "research_to_sale_ratio": 166.29,
            "price_fair": 0,
            "eps_avg_yearly": 0,
            "eps_latest_yearly": 0,
            "eps_growth_yearly": 0
        },
        "20131": {
            "year_quarter": 20131,
            "year": 2013,
            "quarter": 1,
            "eps": -0.11,
            "eps_growth_year": null,
            "eps_4q": -0.29,
            "eps_4q_growth_year": -357.03,
            "roe": -0.76,
            "roe_4q": -1.94,
            "gross_profit": 10407,
            "gross_margin": 75.58,
            "gross_margin_4q_avg": 67.54,
            "net_income": -6251,
            "revenue": 13769,
            "common_shares": 550000,
            "book_valuer_per_share": 14.92,
            "book_valuer_per_share_4q_avg": 15.05,
            "equity": 820854,
            "current_ratio": 3111.66,
            "debt_ratio": 2.54,
            "inventory_turnover_ratio": 0.49,
            "account_receivable_turnover_ratio": 1.16,
            "reinvestment_rate": null,
            "research_to_sale_ratio": 129.59,
            "price_fair": 0,
            "eps_avg_yearly": 0,
            "eps_latest_yearly": 0,
            "eps_growth_yearly": 0
        },
        "20132": {
            "year_quarter": 20132,
            "year": 2013,
            "quarter": 2,
            "eps": 0.06,
            "eps_growth_year": null,
            "eps_4q": -0.18,
            "eps_4q_growth_year": -353.13,
            "roe": 0.38,
            "roe_4q": -1.21,
            "gross_profit": 8241,
            "gross_margin": 74.36,
            "gross_margin_4q_avg": 69.49,
            "net_income": 3162,
            "revenue": 11082,
            "common_shares": 550000,
            "book_valuer_per_share": 14.98,
            "book_valuer_per_share_4q_avg": 15.01,
            "equity": 824016,
            "current_ratio": 4953.95,
            "debt_ratio": 1.56,
            "inventory_turnover_ratio": 0.4,
            "account_receivable_turnover_ratio": 0.72,
            "reinvestment_rate": null,
            "research_to_sale_ratio": 159.19,
            "price_fair": 0,
            "eps_avg_yearly": 0,
            "eps_latest_yearly": 0,
            "eps_growth_yearly": 0
        },
        "20133": {
            "year_quarter": 20133,
            "year": 2013,
            "quarter": 3,
            "eps": 0.04,
            "eps_growth_year": null,
            "eps_4q": -0.14,
            "eps_4q_growth_year": -221.56,
            "roe": 0.23,
            "roe_4q": -0.92,
            "gross_profit": 9871,
            "gross_margin": 83.23,
            "gross_margin_4q_avg": 72.85,
            "net_income": 1914,
            "revenue": 11860,
            "common_shares": 550000,
            "book_valuer_per_share": 15.02,
            "book_valuer_per_share_4q_avg": 14.98,
            "equity": 825930,
            "current_ratio": 3468.36,
            "debt_ratio": 2.29,
            "inventory_turnover_ratio": 0.23,
            "account_receivable_turnover_ratio": 0.83,
            "reinvestment_rate": null,
            "research_to_sale_ratio": 61.3,
            "price_fair": 0.48,
            "eps_avg_yearly": 0.16,
            "eps_latest_yearly": 0.16,
            "eps_growth_yearly": -133.33
        },
        "20134": {
            "year_quarter": 20134,
            "year": 2013,
            "quarter": 4,
            "eps": -0.05,
            "eps_growth_year": null,
            "eps_4q": -0.07,
            "eps_4q_growth_year": null,
            "roe": -0.32,
            "roe_4q": -0.47,
            "gross_profit": 5040,
            "gross_margin": 79.28,
            "gross_margin_4q_avg": 78.11,
            "net_income": -2654,
            "revenue": 6357,
            "common_shares": 550000,
            "book_valuer_per_share": 14.97,
            "book_valuer_per_share_4q_avg": 14.97,
            "equity": 823326,
            "current_ratio": 6355.92,
            "debt_ratio": 1.1,
            "inventory_turnover_ratio": 0.13,
            "account_receivable_turnover_ratio": 0.68,
            "reinvestment_rate": null,
            "research_to_sale_ratio": 153.34,
            "price_fair": 0.48,
            "eps_avg_yearly": 0.16,
            "eps_latest_yearly": 0.16,
            "eps_growth_yearly": -133.33
        },
        "20141": {
            "year_quarter": 20141,
            "year": 2014,
            "quarter": 1,
            "eps": 0.07,
            "eps_growth_year": null,
            "eps_4q": 0.11,
            "eps_4q_growth_year": null,
            "roe": 0.45,
            "roe_4q": 0.74,
            "gross_profit": 18496,
            "gross_margin": 73.58,
            "gross_margin_4q_avg": 77.61,
            "net_income": 3714,
            "revenue": 25138,
            "common_shares": 550000,
            "book_valuer_per_share": 15.04,
            "book_valuer_per_share_4q_avg": 15,
            "equity": 827040,
            "current_ratio": 2704.43,
            "debt_ratio": 2.28,
            "inventory_turnover_ratio": 0.58,
            "account_receivable_turnover_ratio": 6.28,
            "reinvestment_rate": null,
            "research_to_sale_ratio": 60.08,
            "price_fair": 0.48,
            "eps_avg_yearly": 0.16,
            "eps_latest_yearly": 0.16,
            "eps_growth_yearly": -133.33
        },
        "20142": {
            "year_quarter": 20142,
            "year": 2014,
            "quarter": 2,
            "eps": 0.05,
            "eps_growth_year": -16.67,
            "eps_4q": 0.1,
            "eps_4q_growth_year": null,
            "roe": 0.32,
            "roe_4q": 0.68,
            "gross_profit": 6356,
            "gross_margin": 63.55,
            "gross_margin_4q_avg": 74.91,
            "net_income": 2684,
            "revenue": 10002,
            "common_shares": 550000,
            "book_valuer_per_share": 15.09,
            "book_valuer_per_share_4q_avg": 15.03,
            "equity": 829724,
            "current_ratio": 3583.05,
            "debt_ratio": 1.72,
            "inventory_turnover_ratio": 0.29,
            "account_receivable_turnover_ratio": 3.41,
            "reinvestment_rate": null,
            "research_to_sale_ratio": 58.75,
            "price_fair": 0.54,
            "eps_avg_yearly": 0.18,
            "eps_latest_yearly": 0.2,
            "eps_growth_yearly": -123.81
        },
        "20143": {
            "year_quarter": 20143,
            "year": 2014,
            "quarter": 3,
            "eps": 0.06,
            "eps_growth_year": 50,
            "eps_4q": 0.13,
            "eps_4q_growth_year": null,
            "roe": 0.41,
            "roe_4q": 0.8599999999999999,
            "gross_profit": 15032,
            "gross_margin": 78.72,
            "gross_margin_4q_avg": 73.78,
            "net_income": 3419,
            "revenue": 19096,
            "common_shares": 550000,
            "book_valuer_per_share": 15.15,
            "book_valuer_per_share_4q_avg": 15.06,
            "equity": 833143,
            "current_ratio": 2464.47,
            "debt_ratio": 2.52,
            "inventory_turnover_ratio": 0.26,
            "account_receivable_turnover_ratio": 3.06,
            "reinvestment_rate": null,
            "research_to_sale_ratio": 53.76,
            "price_fair": 0.6,
            "eps_avg_yearly": 0.2,
            "eps_latest_yearly": 0.24,
            "eps_growth_yearly": -55.87
        },
        "20144": {
            "year_quarter": 20144,
            "year": 2014,
            "quarter": 4,
            "eps": 0.07,
            "eps_growth_year": null,
            "eps_4q": 0.25,
            "eps_4q_growth_year": null,
            "roe": 0.47,
            "roe_4q": 1.65,
            "gross_profit": 16893,
            "gross_margin": 75.43,
            "gross_margin_4q_avg": 72.82,
            "net_income": 3884,
            "revenue": 22395,
            "common_shares": 550000,
            "book_valuer_per_share": 15.22,
            "book_valuer_per_share_4q_avg": 15.13,
            "equity": 837011,
            "current_ratio": 2141.3,
            "debt_ratio": 2.86,
            "inventory_turnover_ratio": 0.31,
            "account_receivable_turnover_ratio": 1.4,
            "reinvestment_rate": 3971.73,
            "research_to_sale_ratio": 82.3,
            "price_fair": 0.66,
            "eps_avg_yearly": 0.22,
            "eps_latest_yearly": 0.28,
            "eps_growth_yearly": -25.24
        },
        "20151": {
            "year_quarter": 20151,
            "year": 2015,
            "quarter": 1,
            "eps": -0.07,
            "eps_growth_year": -200,
            "eps_4q": 0.11,
            "eps_4q_growth_year": -3.15,
            "roe": -0.48,
            "roe_4q": 0.72,
            "gross_profit": 3150,
            "gross_margin": 57.54,
            "gross_margin_4q_avg": 68.81,
            "net_income": -4044,
            "revenue": 5474,
            "common_shares": 550000,
            "book_valuer_per_share": 15.14,
            "book_valuer_per_share_4q_avg": 15.15,
            "equity": 832967,
            "current_ratio": 2400.64,
            "debt_ratio": 2.45,
            "inventory_turnover_ratio": 0.13,
            "account_receivable_turnover_ratio": 0.21,
            "reinvestment_rate": 7985.22,
            "research_to_sale_ratio": 176.09,
            "price_fair": 0.66,
            "eps_avg_yearly": 0.22,
            "eps_latest_yearly": 0.28,
            "eps_growth_yearly": -25.24
        },
        "20152": {
            "year_quarter": 20152,
            "year": 2015,
            "quarter": 2,
            "eps": -0.13,
            "eps_growth_year": -360,
            "eps_4q": -0.07,
            "eps_4q_growth_year": -164.5,
            "roe": -0.84,
            "roe_4q": -0.4399999999999999,
            "gross_profit": 4216,
            "gross_margin": 56.39,
            "gross_margin_4q_avg": 67.02,
            "net_income": -6952,
            "revenue": 7476,
            "common_shares": 550000,
            "book_valuer_per_share": 14.91,
            "book_valuer_per_share_4q_avg": 15.11,
            "equity": 820300,
            "current_ratio": 609.73,
            "debt_ratio": 8.69,
            "inventory_turnover_ratio": 0.18,
            "account_receivable_turnover_ratio": 0.35,
            "reinvestment_rate": null,
            "research_to_sale_ratio": 191.52,
            "price_fair": 0.66,
            "eps_avg_yearly": 0.22,
            "eps_latest_yearly": 0.28,
            "eps_growth_yearly": -25.24
        },
        "20153": {
            "year_quarter": 20153,
            "year": 2015,
            "quarter": 3,
            "eps": -0.04,
            "eps_growth_year": -166.67,
            "eps_4q": -0.17,
            "eps_4q_growth_year": -229.73,
            "roe": -0.28,
            "roe_4q": -1.1300000000000001,
            "gross_profit": 9992,
            "gross_margin": 71.01,
            "gross_margin_4q_avg": 65.09,
            "net_income": -2292,
            "revenue": 14072,
            "common_shares": 556600,
            "book_valuer_per_share": 14.7,
            "book_valuer_per_share_4q_avg": 14.99,
            "equity": 818008,
            "current_ratio": 952.09,
            "debt_ratio": 5.03,
            "inventory_turnover_ratio": 0.23,
            "account_receivable_turnover_ratio": 0.72,
            "reinvestment_rate": null,
            "research_to_sale_ratio": 116.62,
            "price_fair": 0.66,
            "eps_avg_yearly": 0.22,
            "eps_latest_yearly": 0.28,
            "eps_growth_yearly": -25.24
        },
        "20154": {
            "year_quarter": 20154,
            "year": 2015,
            "quarter": 4,
            "eps": 0.03,
            "eps_growth_year": -63.98,
            "eps_4q": -0.21,
            "eps_4q_growth_year": -185.62,
            "roe": 0.17,
            "roe_4q": -1.43,
            "gross_profit": 20962,
            "gross_margin": 77.49,
            "gross_margin_4q_avg": 65.61,
            "net_income": 1416,
            "revenue": 27052,
            "common_shares": 556600,
            "book_valuer_per_share": 14.72,
            "book_valuer_per_share_4q_avg": 14.87,
            "equity": 819519,
            "current_ratio": 522.63,
            "debt_ratio": 8.32,
            "inventory_turnover_ratio": 0.39,
            "account_receivable_turnover_ratio": 0.79,
            "reinvestment_rate": null,
            "research_to_sale_ratio": 67.88,
            "price_fair": 0.66,
            "eps_avg_yearly": 0.22,
            "eps_latest_yearly": 0.28,
            "eps_growth_yearly": -25.24
        },
        "20161": {
            "year_quarter": 20161,
            "year": 2016,
            "quarter": 1,
            "eps": -0.05,
            "eps_growth_year": null,
            "eps_4q": -0.19,
            "eps_4q_growth_year": -275.11,
            "roe": -0.33,
            "roe_4q": -1.28,
            "gross_profit": 5794,
            "gross_margin": 62.09,
            "gross_margin_4q_avg": 66.75,
            "net_income": -2704,
            "revenue": 9331,
            "common_shares": 556600,
            "book_valuer_per_share": 14.68,
            "book_valuer_per_share_4q_avg": 14.75,
            "equity": 816815,
            "current_ratio": 2636.11,
            "debt_ratio": 1.47,
            "inventory_turnover_ratio": 0.26,
            "account_receivable_turnover_ratio": 0.23,
            "reinvestment_rate": null,
            "research_to_sale_ratio": 129.2,
            "price_fair": 0.66,
            "eps_avg_yearly": 0.22,
            "eps_latest_yearly": 0.28,
            "eps_growth_yearly": -25.24
        },
        "20162": {
            "year_quarter": 20162,
            "year": 2016,
            "quarter": 2,
            "eps": -0.07,
            "eps_growth_year": null,
            "eps_4q": -0.14,
            "eps_4q_growth_year": null,
            "roe": -0.48,
            "roe_4q": -0.92,
            "gross_profit": 6707,
            "gross_margin": 61.44,
            "gross_margin_4q_avg": 68.01,
            "net_income": -3946,
            "revenue": 10917,
            "common_shares": 556600,
            "book_valuer_per_share": 14.6,
            "book_valuer_per_share_4q_avg": 14.68,
            "equity": 812869,
            "current_ratio": 892.3,
            "debt_ratio": 4.2,
            "inventory_turnover_ratio": 0.33,
            "account_receivable_turnover_ratio": 0.32,
            "reinvestment_rate": null,
            "research_to_sale_ratio": 106.23,
            "price_fair": 0.66,
            "eps_avg_yearly": 0.22,
            "eps_latest_yearly": 0.28,
            "eps_growth_yearly": -25.24
        },
        "20163": {
            "year_quarter": 20163,
            "year": 2016,
            "quarter": 3,
            "eps": -0.11,
            "eps_growth_year": null,
            "eps_4q": -0.21,
            "eps_4q_growth_year": null,
            "roe": -0.77,
            "roe_4q": -1.4100000000000001,
            "gross_profit": 3550,
            "gross_margin": 59.86,
            "gross_margin_4q_avg": 65.22,
            "net_income": -6216,
            "revenue": 5931,
            "common_shares": 556600,
            "book_valuer_per_share": 14.49,
            "book_valuer_per_share_4q_avg": 14.62,
            "equity": 806653,
            "current_ratio": 1455.42,
            "debt_ratio": 2.31,
            "inventory_turnover_ratio": 0.19,
            "account_receivable_turnover_ratio": 0.23,
            "reinvestment_rate": null,
            "research_to_sale_ratio": 135.04,
            "price_fair": 0.66,
            "eps_avg_yearly": 0.22,
            "eps_latest_yearly": 0.28,
            "eps_growth_yearly": -25.24
        },
        "20164": {
            "year_quarter": 20164,
            "year": 2016,
            "quarter": 4,
            "eps": -0.03,
            "eps_growth_year": -222.18,
            "eps_4q": -0.26,
            "eps_4q_growth_year": null,
            "roe": -0.21,
            "roe_4q": -1.79,
            "gross_profit": 3569,
            "gross_margin": 42.83,
            "gross_margin_4q_avg": 56.56,
            "net_income": -1730,
            "revenue": 8332,
            "common_shares": 556600,
            "book_valuer_per_share": 14.46,
            "book_valuer_per_share_4q_avg": 14.56,
            "equity": 804868,
            "current_ratio": 602.6,
            "debt_ratio": 5.09,
            "inventory_turnover_ratio": 0.4,
            "account_receivable_turnover_ratio": 0.43,
            "reinvestment_rate": null,
            "research_to_sale_ratio": 74.72,
            "price_fair": 0.66,
            "eps_avg_yearly": 0.22,
            "eps_latest_yearly": 0.28,
            "eps_growth_yearly": -25.24
        },
        "20171": {
            "year_quarter": 20171,
            "year": 2017,
            "quarter": 1,
            "eps": -0.23,
            "eps_growth_year": null,
            "eps_4q": -0.45,
            "eps_4q_growth_year": null,
            "roe": -1.64,
            "roe_4q": -3.1,
            "gross_profit": -281,
            "gross_margin": -8.75,
            "gross_margin_4q_avg": 38.85,
            "net_income": -13080,
            "revenue": 3210,
            "common_shares": 556600,
            "book_valuer_per_share": 14.23,
            "book_valuer_per_share_4q_avg": 14.45,
            "equity": 792232,
            "current_ratio": 578.85,
            "debt_ratio": 5.17,
            "inventory_turnover_ratio": 0.31,
            "account_receivable_turnover_ratio": 0.21,
            "reinvestment_rate": null,
            "research_to_sale_ratio": 336.17,
            "price_fair": 0.66,
            "eps_avg_yearly": 0.22,
            "eps_latest_yearly": 0.28,
            "eps_growth_yearly": -25.24
        },
        "20172": {
            "year_quarter": 20172,
            "year": 2017,
            "quarter": 2,
            "eps": 0.04,
            "eps_growth_year": null,
            "eps_4q": -0.33,
            "eps_4q_growth_year": null,
            "roe": 0.31,
            "roe_4q": -2.3099999999999996,
            "gross_profit": 9874,
            "gross_margin": 67.09,
            "gross_margin_4q_avg": 40.26,
            "net_income": 2499,
            "revenue": 14717,
            "common_shares": 556600,
            "book_valuer_per_share": 14.28,
            "book_valuer_per_share_4q_avg": 14.37,
            "equity": 794731,
            "current_ratio": 664.43,
            "debt_ratio": 4.45,
            "inventory_turnover_ratio": 0.44,
            "account_receivable_turnover_ratio": 0.83,
            "reinvestment_rate": null,
            "research_to_sale_ratio": 48.34,
            "price_fair": 0.66,
            "eps_avg_yearly": 0.22,
            "eps_latest_yearly": 0.28,
            "eps_growth_yearly": -25.24
        },
        "20173": {
            "year_quarter": 20173,
            "year": 2017,
            "quarter": 3,
            "eps": -0.25,
            "eps_growth_year": null,
            "eps_4q": -0.47,
            "eps_4q_growth_year": null,
            "roe": -1.79,
            "roe_4q": -3.33,
            "gross_profit": -863,
            "gross_margin": -44.28,
            "gross_margin_4q_avg": 14.22,
            "net_income": -14082,
            "revenue": 1949,
            "common_shares": 556600,
            "book_valuer_per_share": 14.03,
            "book_valuer_per_share_4q_avg": 14.25,
            "equity": 780649,
            "current_ratio": 752.78,
            "debt_ratio": 3.79,
            "inventory_turnover_ratio": 0.25,
            "account_receivable_turnover_ratio": 0.1,
            "reinvestment_rate": null,
            "research_to_sale_ratio": 253.62,
            "price_fair": 4.99,
            "eps_avg_yearly": 0.24,
            "eps_latest_yearly": 0.28,
            "eps_growth_yearly": 10.79
        },
        "20174": {
            "year_quarter": 20174,
            "year": 2017,
            "quarter": 4,
            "eps": -0.31,
            "eps_growth_year": null,
            "eps_4q": -0.75,
            "eps_4q_growth_year": null,
            "roe": -2.2,
            "roe_4q": -5.32,
            "gross_profit": -1325,
            "gross_margin": -67.22,
            "gross_margin_4q_avg": -13.29,
            "net_income": -17021,
            "revenue": 1971,
            "common_shares": 556600,
            "book_valuer_per_share": 13.72,
            "book_valuer_per_share_4q_avg": 14.07,
            "equity": 763628,
            "current_ratio": 869.43,
            "debt_ratio": 3.19,
            "inventory_turnover_ratio": 0.28,
            "account_receivable_turnover_ratio": 0.15,
            "reinvestment_rate": null,
            "research_to_sale_ratio": 376.61,
            "price_fair": 4.99,
            "eps_avg_yearly": 0.24,
            "eps_latest_yearly": 0.28,
            "eps_growth_yearly": 10.79
        },
        "20181": {
            "year_quarter": 20181,
            "year": 2018,
            "quarter": 1,
            "eps": -0.09,
            "eps_growth_year": null,
            "eps_4q": -0.6,
            "eps_4q_growth_year": null,
            "roe": -0.66,
            "roe_4q": -4.340000000000001,
            "gross_profit": -6802,
            "gross_margin": -10306.06,
            "gross_margin_4q_avg": -2587.62,
            "net_income": -5050,
            "revenue": 66,
            "common_shares": 556600,
            "book_valuer_per_share": 13.63,
            "book_valuer_per_share_4q_avg": 13.92,
            "equity": 758578,
            "current_ratio": 887.18,
            "debt_ratio": 2.98,
            "inventory_turnover_ratio": 0.64,
            "account_receivable_turnover_ratio": 0.01,
            "reinvestment_rate": null,
            "research_to_sale_ratio": 6554.55,
            "price_fair": 4.99,
            "eps_avg_yearly": 0.24,
            "eps_latest_yearly": 0.28,
            "eps_growth_yearly": 10.79
        },
        "20182": {
            "year_quarter": 20182,
            "year": 2018,
            "quarter": 2,
            "eps": -0.11,
            "eps_growth_year": -375,
            "eps_4q": -0.76,
            "eps_4q_growth_year": null,
            "roe": -0.83,
            "roe_4q": -5.48,
            "gross_profit": -2170,
            "gross_margin": -4340,
            "gross_margin_4q_avg": -3689.39,
            "net_income": -6291,
            "revenue": 50,
            "common_shares": 556600,
            "book_valuer_per_share": 13.52,
            "book_valuer_per_share_4q_avg": 13.73,
            "equity": 752287,
            "current_ratio": 960.61,
            "debt_ratio": 2.68,
            "inventory_turnover_ratio": 0.22,
            "account_receivable_turnover_ratio": 0.02,
            "reinvestment_rate": null,
            "research_to_sale_ratio": 10814,
            "price_fair": 9.1,
            "eps_avg_yearly": 0.26,
            "eps_latest_yearly": 0.28,
            "eps_growth_yearly": 73.33
        },
        "20183": {
            "year_quarter": 20183,
            "year": 2018,
            "quarter": 3,
            "eps": 0.09,
            "eps_growth_year": null,
            "eps_4q": -0.59,
            "eps_4q_growth_year": null,
            "roe": -0.63,
            "roe_4q": -4.32,
            "gross_profit": -1717,
            "gross_margin": -404,
            "gross_margin_4q_avg": -3779.32,
            "net_income": -4696,
            "revenue": 425,
            "common_shares": 556600,
            "book_valuer_per_share": 13.43,
            "book_valuer_per_share_4q_avg": 13.58,
            "equity": 747591,
            "current_ratio": 917.32,
            "debt_ratio": 2.78,
            "inventory_turnover_ratio": 0.17,
            "account_receivable_turnover_ratio": 29.31,
            "reinvestment_rate": null,
            "research_to_sale_ratio": 625.41,
            "price_fair": 9.8,
            "eps_avg_yearly": 0.28,
            "eps_latest_yearly": 0.28,
            "eps_growth_yearly": 66.67
        },
        "20184": {
            "year_quarter": 20184,
            "year": 2018,
            "quarter": 4,
            "eps": -0.12,
            "eps_growth_year": null,
            "eps_4q": -0.41,
            "eps_4q_growth_year": null,
            "roe": -0.88,
            "roe_4q": -3,
            "gross_profit": -501,
            "gross_margin": -30.2,
            "gross_margin_4q_avg": -3770.07,
            "net_income": -6586,
            "revenue": 1659,
            "common_shares": 556600,
            "book_valuer_per_share": 13.31,
            "book_valuer_per_share_4q_avg": 13.47,
            "equity": 741005,
            "current_ratio": 994.92,
            "debt_ratio": 2.51,
            "inventory_turnover_ratio": 0.14,
            "account_receivable_turnover_ratio": 46.08,
            "reinvestment_rate": null,
            "research_to_sale_ratio": 187.22,
            "price_fair": 0,
            "eps_avg_yearly": 0,
            "eps_latest_yearly": 0,
            "eps_growth_yearly": 0
        },
        "20191": {
            "year_quarter": 20191,
            "year": 2019,
            "quarter": 1,
            "eps": -0.15,
            "eps_growth_year": null,
            "eps_4q": -0.46,
            "eps_4q_growth_year": null,
            "roe": -1.1,
            "roe_4q": -3.44,
            "gross_profit": -2506,
            "gross_margin": -119.05,
            "gross_margin_4q_avg": -1223.31,
            "net_income": -8091,
            "revenue": 2105,
            "common_shares": 556600,
            "book_valuer_per_share": 13.17,
            "book_valuer_per_share_4q_avg": 13.36,
            "equity": 732914,
            "current_ratio": 1240.38,
            "debt_ratio": 1.84,
            "inventory_turnover_ratio": 0.28,
            "account_receivable_turnover_ratio": 29.65,
            "reinvestment_rate": null,
            "research_to_sale_ratio": 117.48,
            "price_fair": 0,
            "eps_avg_yearly": 0,
            "eps_latest_yearly": 0,
            "eps_growth_yearly": 0
        },
        "20192": {
            "year_quarter": 20192,
            "year": 2019,
            "quarter": 2,
            "eps": -0.11,
            "eps_growth_year": null,
            "eps_4q": -0.46,
            "eps_4q_growth_year": null,
            "roe": -0.84,
            "roe_4q": -3.4499999999999997,
            "gross_profit": 336,
            "gross_margin": 6.18,
            "gross_margin_4q_avg": -136.77,
            "net_income": -6132,
            "revenue": 5433,
            "common_shares": 556600,
            "book_valuer_per_share": 13.06,
            "book_valuer_per_share_4q_avg": 13.24,
            "equity": 726782,
            "current_ratio": 1304.9,
            "debt_ratio": 1.72,
            "inventory_turnover_ratio": 0.32,
            "account_receivable_turnover_ratio": 4.15,
            "reinvestment_rate": null,
            "research_to_sale_ratio": 62.14,
            "price_fair": 0,
            "eps_avg_yearly": 0,
            "eps_latest_yearly": 0,
            "eps_growth_yearly": 0
        },
        "20193": {
            "year_quarter": 20193,
            "year": 2019,
            "quarter": 3,
            "eps": -0.11,
            "eps_growth_year": -222.22,
            "eps_4q": -0.48,
            "eps_4q_growth_year": null,
            "roe": -0.82,
            "roe_4q": -3.6399999999999997,
            "gross_profit": 11,
            "gross_margin": 0.22,
            "gross_margin_4q_avg": -35.71,
            "net_income": -5957,
            "revenue": 5114,
            "common_shares": 556600,
            "book_valuer_per_share": 12.95,
            "book_valuer_per_share_4q_avg": 13.12,
            "equity": 720825,
            "current_ratio": 1371.7,
            "debt_ratio": 1.6,
            "inventory_turnover_ratio": 0.34,
            "account_receivable_turnover_ratio": 1.84,
            "reinvestment_rate": null,
            "research_to_sale_ratio": 49.45,
            "price_fair": 0,
            "eps_avg_yearly": 0,
            "eps_latest_yearly": 0,
            "eps_growth_yearly": 0
        },
        "20194": {
            "year_quarter": 20194,
            "year": 2019,
            "quarter": 4,
            "eps": -0.06,
            "eps_growth_year": null,
            "eps_4q": -0.42,
            "eps_4q_growth_year": null,
            "roe": -0.44,
            "roe_4q": -3.2,
            "gross_profit": -923,
            "gross_margin": -18.83,
            "gross_margin_4q_avg": -32.87,
            "net_income": -3185,
            "revenue": 4902,
            "common_shares": 556600,
            "book_valuer_per_share": 12.89,
            "book_valuer_per_share_4q_avg": 13.02,
            "equity": 717640,
            "current_ratio": 1276.99,
            "debt_ratio": 1.67,
            "inventory_turnover_ratio": 0.42,
            "account_receivable_turnover_ratio": 1.44,
            "reinvestment_rate": null,
            "research_to_sale_ratio": 61.51,
            "price_fair": 0,
            "eps_avg_yearly": 0,
            "eps_latest_yearly": 0,
            "eps_growth_yearly": 0
        },
        "20201": {
            "year_quarter": 20201,
            "year": 2020,
            "quarter": 1,
            "eps": -0.07,
            "eps_growth_year": null,
            "eps_4q": -0.35,
            "eps_4q_growth_year": null,
            "roe": -0.55,
            "roe_4q": -2.65,
            "gross_profit": 1605,
            "gross_margin": 39.87,
            "gross_margin_4q_avg": 6.86,
            "net_income": -3934,
            "revenue": 4026,
            "common_shares": 556600,
            "book_valuer_per_share": 12.82,
            "book_valuer_per_share_4q_avg": 12.93,
            "equity": 713706,
            "current_ratio": 1234.7,
            "debt_ratio": 1.73,
            "inventory_turnover_ratio": 0.16,
            "account_receivable_turnover_ratio": 1.05,
            "reinvestment_rate": null,
            "research_to_sale_ratio": 57.95,
            "price_fair": 0,
            "eps_avg_yearly": 0,
            "eps_latest_yearly": 0,
            "eps_growth_yearly": 0
        },
        "20202": {
            "year_quarter": 20202,
            "year": 2020,
            "quarter": 2,
            "eps": -0.09,
            "eps_growth_year": null,
            "eps_4q": -0.33,
            "eps_4q_growth_year": null,
            "roe": -0.72,
            "roe_4q": -2.53,
            "gross_profit": 1384,
            "gross_margin": 27.03,
            "gross_margin_4q_avg": 12.07,
            "net_income": -5109,
            "revenue": 5121,
            "common_shares": 556600,
            "book_valuer_per_share": 12.73,
            "book_valuer_per_share_4q_avg": 12.85,
            "equity": 708597,
            "current_ratio": 1303.62,
            "debt_ratio": 1.6,
            "inventory_turnover_ratio": 0.22,
            "account_receivable_turnover_ratio": 1.31,
            "reinvestment_rate": null,
            "research_to_sale_ratio": 58.02,
            "price_fair": 0,
            "eps_avg_yearly": 0,
            "eps_latest_yearly": 0,
            "eps_growth_yearly": 0
        },
        "20203": {
            "year_quarter": 20203,
            "year": 2020,
            "quarter": 3,
            "eps": -0.06,
            "eps_growth_year": null,
            "eps_4q": -0.28,
            "eps_4q_growth_year": null,
            "roe": -0.48,
            "roe_4q": -2.19,
            "gross_profit": 3998,
            "gross_margin": 40.93,
            "gross_margin_4q_avg": 22.25,
            "net_income": -3363,
            "revenue": 9769,
            "common_shares": 556600,
            "book_valuer_per_share": 12.67,
            "book_valuer_per_share_4q_avg": 12.78,
            "equity": 705234,
            "current_ratio": 1829.97,
            "debt_ratio": 1.11,
            "inventory_turnover_ratio": 0.35,
            "account_receivable_turnover_ratio": 2.17,
            "reinvestment_rate": null,
            "research_to_sale_ratio": 43.13,
            "price_fair": 0,
            "eps_avg_yearly": 0,
            "eps_latest_yearly": 0,
            "eps_growth_yearly": 0
        },
        "20204": {
            "year_quarter": 20204,
            "year": 2020,
            "quarter": 4,
            "eps": -0.03,
            "eps_growth_year": null,
            "eps_4q": -0.26,
            "eps_4q_growth_year": null,
            "roe": -0.27,
            "roe_4q": -2.02,
            "gross_profit": 5027,
            "gross_margin": 53.97,
            "gross_margin_4q_avg": 40.45,
            "net_income": -1896,
            "revenue": 9314,
            "common_shares": 556600,
            "book_valuer_per_share": 12.64,
            "book_valuer_per_share_4q_avg": 12.72,
            "equity": 703338,
            "current_ratio": 1742.23,
            "debt_ratio": 1.18,
            "inventory_turnover_ratio": 0.26,
            "account_receivable_turnover_ratio": 1.67,
            "reinvestment_rate": null,
            "research_to_sale_ratio": 34.41,
            "price_fair": 0,
            "eps_avg_yearly": 0,
            "eps_latest_yearly": 0,
            "eps_growth_yearly": 0
        },
        "20211": {
            "year_quarter": 20211,
            "year": 2021,
            "quarter": 1,
            "eps": -0.06,
            "eps_growth_year": null,
            "eps_4q": -0.25,
            "eps_4q_growth_year": null,
            "roe": -0.47,
            "roe_4q": -1.94,
            "gross_profit": 3284,
            "gross_margin": 39.92,
            "gross_margin_4q_avg": 40.46,
            "net_income": -3332,
            "revenue": 8226,
            "common_shares": 556600,
            "book_valuer_per_share": 12.58,
            "book_valuer_per_share_4q_avg": 12.66,
            "equity": 700006,
            "current_ratio": 1866.13,
            "debt_ratio": 1.09,
            "inventory_turnover_ratio": 0.3,
            "account_receivable_turnover_ratio": 2.09,
            "reinvestment_rate": null,
            "research_to_sale_ratio": 33.59,
            "price_fair": 0,
            "eps_avg_yearly": 0,
            "eps_latest_yearly": 0,
            "eps_growth_yearly": 0
        },
        "20212": {
            "year_quarter": 20212,
            "year": 2021,
            "quarter": 2,
            "eps": -0.08,
            "eps_growth_year": null,
            "eps_4q": -0.24,
            "eps_4q_growth_year": null,
            "roe": -0.66,
            "roe_4q": -1.88,
            "gross_profit": 1529,
            "gross_margin": 42.17,
            "gross_margin_4q_avg": 44.25,
            "net_income": -4637,
            "revenue": 3626,
            "common_shares": 556600,
            "book_valuer_per_share": 12.49,
            "book_valuer_per_share_4q_avg": 12.6,
            "equity": 695369,
            "current_ratio": 1644.61,
            "debt_ratio": 1.22,
            "inventory_turnover_ratio": 0.12,
            "account_receivable_turnover_ratio": 3.38,
            "reinvestment_rate": null,
            "research_to_sale_ratio": 68.45,
            "price_fair": 0,
            "eps_avg_yearly": 0,
            "eps_latest_yearly": 0,
            "eps_growth_yearly": 0
        },
        "20213": {
            "year_quarter": 20213,
            "year": 2021,
            "quarter": 3,
            "eps": -0.06,
            "eps_growth_year": null,
            "eps_4q": -0.23,
            "eps_4q_growth_year": null,
            "roe": -0.44,
            "roe_4q": -1.84,
            "gross_profit": 3842,
            "gross_margin": 50.76,
            "gross_margin_4q_avg": 46.71,
            "net_income": -3082,
            "revenue": 7569,
            "common_shares": 556600,
            "book_valuer_per_share": 12.44,
            "book_valuer_per_share_4q_avg": 12.54,
            "equity": 692287,
            "current_ratio": 1625.93,
            "debt_ratio": 1.23,
            "inventory_turnover_ratio": 0.19,
            "account_receivable_turnover_ratio": 2.75,
            "reinvestment_rate": null,
            "research_to_sale_ratio": 42.45,
            "price_fair": 0,
            "eps_avg_yearly": 0,
            "eps_latest_yearly": 0,
            "eps_growth_yearly": 0
        },
        "20214": {
            "year_quarter": 20214,
            "year": 2021,
            "quarter": 4,
            "eps": -0.16,
            "eps_growth_year": null,
            "eps_4q": -0.36,
            "eps_4q_growth_year": null,
            "roe": -1.28,
            "roe_4q": -2.8499999999999996,
            "gross_profit": 970,
            "gross_margin": 18.84,
            "gross_margin_4q_avg": 37.92,
            "net_income": -8833,
            "revenue": 5150,
            "common_shares": 556600,
            "book_valuer_per_share": 12.28,
            "book_valuer_per_share_4q_avg": 12.45,
            "equity": 683454,
            "current_ratio": 1565.79,
            "debt_ratio": 1.25,
            "inventory_turnover_ratio": 0.21,
            "account_receivable_turnover_ratio": 1.01,
            "reinvestment_rate": null,
            "research_to_sale_ratio": 79.22,
            "price_fair": 0,
            "eps_avg_yearly": 0,
            "eps_latest_yearly": 0,
            "eps_growth_yearly": 0
        },
        "20221": {
            "year_quarter": 20221,
            "year": 2022,
            "quarter": 1,
            "eps": -0.09,
            "eps_growth_year": null,
            "eps_4q": -0.39,
            "eps_4q_growth_year": null,
            "roe": -0.74,
            "roe_4q": -3.12,
            "gross_profit": 1511,
            "gross_margin": 20.84,
            "gross_margin_4q_avg": 33.15,
            "net_income": -5010,
            "revenue": 7249,
            "common_shares": 556600,
            "book_valuer_per_share": 12.19,
            "book_valuer_per_share_4q_avg": 12.35,
            "equity": 678444,
            "current_ratio": 1786.13,
            "debt_ratio": 1.07,
            "inventory_turnover_ratio": 0.3,
            "account_receivable_turnover_ratio": 1.63,
            "reinvestment_rate": null,
            "research_to_sale_ratio": 37.48,
            "price_fair": 0,
            "eps_avg_yearly": 0,
            "eps_latest_yearly": 0,
            "eps_growth_yearly": 0
        },
        "20222": {
            "year_quarter": 20222,
            "year": 2022,
            "quarter": 2,
            "eps": -0.05,
            "eps_growth_year": null,
            "eps_4q": -0.36,
            "eps_4q_growth_year": null,
            "roe": -0.43,
            "roe_4q": -2.89,
            "gross_profit": 1619,
            "gross_margin": 21.16,
            "gross_margin_4q_avg": 27.9,
            "net_income": -2905,
            "revenue": 7650,
            "common_shares": 556600,
            "book_valuer_per_share": 12.14,
            "book_valuer_per_share_4q_avg": 12.26,
            "equity": 675539,
            "current_ratio": 1200.84,
            "debt_ratio": 1.59,
            "inventory_turnover_ratio": 0.33,
            "account_receivable_turnover_ratio": 3.21,
            "reinvestment_rate": null,
            "research_to_sale_ratio": 37.33,
            "price_fair": 0,
            "eps_avg_yearly": 0,
            "eps_latest_yearly": 0,
            "eps_growth_yearly": 0
        },
        "20223": {
            "year_quarter": 20223,
            "year": 2022,
            "quarter": 3,
            "eps": 0.1,
            "eps_growth_year": null,
            "eps_4q": -0.2,
            "eps_4q_growth_year": null,
            "roe": 0.85,
            "roe_4q": -1.6,
            "gross_profit": 12794,
            "gross_margin": 65.18,
            "gross_margin_4q_avg": 31.51,
            "net_income": 5745,
            "revenue": 19628,
            "common_shares": 556600,
            "book_valuer_per_share": 12.24,
            "book_valuer_per_share_4q_avg": 12.21,
            "equity": 681284,
            "current_ratio": 670.3,
            "debt_ratio": 3.18,
            "inventory_turnover_ratio": 0.37,
            "account_receivable_turnover_ratio": 6.27,
            "reinvestment_rate": null,
            "research_to_sale_ratio": 17.81,
            "price_fair": 0,
            "eps_avg_yearly": 0,
            "eps_latest_yearly": 0,
            "eps_growth_yearly": 0
        },
        "20224": {
            "year_quarter": 20224,
            "year": 2022,
            "quarter": 4,
            "eps": 0.17,
            "eps_growth_year": null,
            "eps_4q": 0.13,
            "eps_4q_growth_year": null,
            "roe": 1.39,
            "roe_4q": 1.0699999999999998,
            "gross_profit": 23430,
            "gross_margin": 77.89,
            "gross_margin_4q_avg": 46.27,
            "net_income": 9551,
            "revenue": 30080,
            "common_shares": 556600,
            "book_valuer_per_share": 12.41,
            "book_valuer_per_share_4q_avg": 12.25,
            "equity": 690835,
            "current_ratio": 253.65,
            "debt_ratio": 11.75,
            "inventory_turnover_ratio": 0.3,
            "account_receivable_turnover_ratio": 9.96,
            "reinvestment_rate": null,
            "research_to_sale_ratio": 17.68,
            "price_fair": 23.8,
            "eps_avg_yearly": 0.68,
            "eps_latest_yearly": 0.68,
            "eps_growth_yearly": 280
        },
        "20231": {
            "year_quarter": 20231,
            "year": 2023,
            "quarter": 1,
            "eps": 0.27,
            "eps_growth_year": null,
            "eps_4q": 0.49,
            "eps_4q_growth_year": null,
            "roe": 2.16,
            "roe_4q": 3.9699999999999993,
            "gross_profit": 31763,
            "gross_margin": 77.92,
            "gross_margin_4q_avg": 60.54,
            "net_income": 15064,
            "revenue": 40766,
            "common_shares": 556600,
            "book_valuer_per_share": 12.68,
            "book_valuer_per_share_4q_avg": 12.37,
            "equity": 705899,
            "current_ratio": 335.08,
            "debt_ratio": 8.73,
            "inventory_turnover_ratio": 0.37,
            "account_receivable_turnover_ratio": 10.43,
            "reinvestment_rate": null,
            "research_to_sale_ratio": 13.56,
            "price_fair": 30.8,
            "eps_avg_yearly": 0.88,
            "eps_latest_yearly": 1.08,
            "eps_growth_yearly": 257.65
        }
    },
    "months": {
        "2008-04": {
            "month": "2008-04",
            "price": "45.42",
            "revenue": 2660
        },
        "2008-05": {
            "month": "2008-05",
            "price": "40.22",
            "revenue": 3436
        },
        "2008-06": {
            "month": "2008-06",
            "price": "38.70",
            "revenue": 1965
        },
        "2008-07": {
            "month": "2008-07",
            "price": "39.03",
            "revenue": 3890
        },
        "2008-08": {
            "month": "2008-08",
            "price": "37.98",
            "revenue": 3369
        },
        "2008-09": {
            "month": "2008-09",
            "price": "36.35",
            "revenue": 2882
        },
        "2008-10": {
            "month": "2008-10",
            "price": "27.43",
            "revenue": 1581
        },
        "2008-11": {
            "month": "2008-11",
            "price": "26.87",
            "revenue": 3810
        },
        "2008-12": {
            "month": "2008-12",
            "price": "35.48",
            "revenue": 948
        },
        "2009-01": {
            "month": "2009-01",
            "price": "39.02",
            "revenue": 2774
        },
        "2009-02": {
            "month": "2009-02",
            "price": "37.94",
            "revenue": 1666
        },
        "2009-03": {
            "month": "2009-03",
            "price": "38.53",
            "revenue": 726
        },
        "2009-04": {
            "month": "2009-04",
            "price": "57.89",
            "revenue": 4073
        },
        "2009-05": {
            "month": "2009-05",
            "price": "69.91",
            "revenue": 728
        },
        "2009-06": {
            "month": "2009-06",
            "price": "59.85",
            "revenue": 3930
        },
        "2009-07": {
            "month": "2009-07",
            "price": "62.58",
            "revenue": 1915
        },
        "2009-08": {
            "month": "2009-08",
            "price": "76.10",
            "revenue": 936
        },
        "2009-09": {
            "month": "2009-09",
            "price": "111.95",
            "revenue": 1909
        },
        "2009-10": {
            "month": "2009-10",
            "price": "161.94",
            "revenue": 4710
        },
        "2009-11": {
            "month": "2009-11",
            "price": "150.04",
            "revenue": 1399
        },
        "2009-12": {
            "month": "2009-12",
            "price": "141.18",
            "revenue": 4500
        },
        "2010-01": {
            "month": "2010-01",
            "price": "118.17",
            "revenue": 1936
        },
        "2010-02": {
            "month": "2010-02",
            "price": "86.81",
            "revenue": 1381
        },
        "2010-03": {
            "month": "2010-03",
            "price": "105.07",
            "revenue": 2678
        },
        "2010-04": {
            "month": "2010-04",
            "price": "130.21",
            "revenue": 1183
        },
        "2010-05": {
            "month": "2010-05",
            "price": "107.98",
            "revenue": 1039
        },
        "2010-06": {
            "month": "2010-06",
            "price": "100.51",
            "revenue": 4220
        },
        "2010-07": {
            "month": "2010-07",
            "price": "99.24",
            "revenue": 724
        },
        "2010-08": {
            "month": "2010-08",
            "price": "95.77",
            "revenue": 1523
        },
        "2010-09": {
            "month": "2010-09",
            "price": "109.99",
            "revenue": 3578
        },
        "2010-10": {
            "month": "2010-10",
            "price": "98.75",
            "revenue": 1558
        },
        "2010-11": {
            "month": "2010-11",
            "price": "94.84",
            "revenue": 3360
        },
        "2010-12": {
            "month": "2010-12",
            "price": "91.16",
            "revenue": 5288
        },
        "2011-01": {
            "month": "2011-01",
            "price": "89.08",
            "revenue": 2119
        },
        "2011-02": {
            "month": "2011-02",
            "price": "90.23",
            "revenue": 1552
        },
        "2011-03": {
            "month": "2011-03",
            "price": "70.87",
            "revenue": 3806
        },
        "2011-04": {
            "month": "2011-04",
            "price": "68.87",
            "revenue": 1190
        },
        "2011-05": {
            "month": "2011-05",
            "price": "58.52",
            "revenue": 1801
        },
        "2011-06": {
            "month": "2011-06",
            "price": "53.96",
            "revenue": 1883
        },
        "2011-07": {
            "month": "2011-07",
            "price": "65.89",
            "revenue": 1950
        },
        "2011-08": {
            "month": "2011-08",
            "price": "67.84",
            "revenue": 1907
        },
        "2011-09": {
            "month": "2011-09",
            "price": "65.60",
            "revenue": 1801
        },
        "2011-10": {
            "month": "2011-10",
            "price": "58.32",
            "revenue": 1640
        },
        "2011-11": {
            "month": "2011-11",
            "price": "53.55",
            "revenue": 3449
        },
        "2011-12": {
            "month": "2011-12",
            "price": "47.08",
            "revenue": 2616
        },
        "2012-01": {
            "month": "2012-01",
            "price": "50.54",
            "revenue": 2113
        },
        "2012-02": {
            "month": "2012-02",
            "price": "59.14",
            "revenue": 1473
        },
        "2012-03": {
            "month": "2012-03",
            "price": "60.85",
            "revenue": 2652
        },
        "2012-04": {
            "month": "2012-04",
            "price": "59.38",
            "revenue": 2252
        },
        "2012-05": {
            "month": "2012-05",
            "price": "59.04",
            "revenue": 1934
        },
        "2012-06": {
            "month": "2012-06",
            "price": "57.22",
            "revenue": 3140
        },
        "2012-07": {
            "month": "2012-07",
            "price": "53.38",
            "revenue": 1441
        },
        "2012-08": {
            "month": "2012-08",
            "price": "53.70",
            "revenue": 4433
        },
        "2012-09": {
            "month": "2012-09",
            "price": "52.99",
            "revenue": 2635
        },
        "2012-10": {
            "month": "2012-10",
            "price": "64.55",
            "revenue": 3326
        },
        "2012-11": {
            "month": "2012-11",
            "price": "60.93",
            "revenue": 2366
        },
        "2012-12": {
            "month": "2012-12",
            "price": "60.53",
            "revenue": 3340
        },
        "2013-01": {
            "month": "2013-01",
            "price": "67.32",
            "revenue": 6794
        },
        "2013-02": {
            "month": "2013-02",
            "price": "67.55",
            "revenue": 2067
        },
        "2013-03": {
            "month": "2013-03",
            "price": "62.94",
            "revenue": 4908
        },
        "2013-04": {
            "month": "2013-04",
            "price": "60.22",
            "revenue": 2440
        },
        "2013-05": {
            "month": "2013-05",
            "price": "59.97",
            "revenue": 4931
        },
        "2013-06": {
            "month": "2013-06",
            "price": "55.75",
            "revenue": 3710
        },
        "2013-07": {
            "month": "2013-07",
            "price": "58.40",
            "revenue": 3080
        },
        "2013-08": {
            "month": "2013-08",
            "price": "56.20",
            "revenue": 5417
        },
        "2013-09": {
            "month": "2013-09",
            "price": "56.97",
            "revenue": 3364
        },
        "2013-10": {
            "month": "2013-10",
            "price": "57.36",
            "revenue": 3169
        },
        "2013-11": {
            "month": "2013-11",
            "price": "58.05",
            "revenue": 706
        },
        "2013-12": {
            "month": "2013-12",
            "price": "65.56",
            "revenue": 2483
        },
        "2014-01": {
            "month": "2014-01",
            "price": "72.62",
            "revenue": 10375
        },
        "2014-02": {
            "month": "2014-02",
            "price": "113.97",
            "revenue": 4586
        },
        "2014-03": {
            "month": "2014-03",
            "price": "157.14",
            "revenue": 10177
        },
        "2014-04": {
            "month": "2014-04",
            "price": "144.05",
            "revenue": 2692
        },
        "2014-05": {
            "month": "2014-05",
            "price": "151.48",
            "revenue": 3486
        },
        "2014-06": {
            "month": "2014-06",
            "price": "143.52",
            "revenue": 3824
        },
        "2014-07": {
            "month": "2014-07",
            "price": "147.86",
            "revenue": 6856
        },
        "2014-08": {
            "month": "2014-08",
            "price": "123.31",
            "revenue": 4240
        },
        "2014-09": {
            "month": "2014-09",
            "price": "121.36",
            "revenue": 8000
        },
        "2014-10": {
            "month": "2014-10",
            "price": "103.83",
            "revenue": 9730
        },
        "2014-11": {
            "month": "2014-11",
            "price": "90.20",
            "revenue": 10263
        },
        "2014-12": {
            "month": "2014-12",
            "price": "94.10",
            "revenue": 2402
        },
        "2015-01": {
            "month": "2015-01",
            "price": "113.91",
            "revenue": 1534
        },
        "2015-02": {
            "month": "2015-02",
            "price": "115.08",
            "revenue": 1188
        },
        "2015-03": {
            "month": "2015-03",
            "price": "102.93",
            "revenue": 2752
        },
        "2015-04": {
            "month": "2015-04",
            "price": "82.52",
            "revenue": 2544
        },
        "2015-05": {
            "month": "2015-05",
            "price": "81.42",
            "revenue": 1606
        },
        "2015-06": {
            "month": "2015-06",
            "price": "64.54",
            "revenue": 3326
        },
        "2015-07": {
            "month": "2015-07",
            "price": "62.19",
            "revenue": 4539
        },
        "2015-08": {
            "month": "2015-08",
            "price": "64.98",
            "revenue": 4737
        },
        "2015-09": {
            "month": "2015-09",
            "price": "72.82",
            "revenue": 4796
        },
        "2015-10": {
            "month": "2015-10",
            "price": "84.80",
            "revenue": 8101
        },
        "2015-11": {
            "month": "2015-11",
            "price": "84.83",
            "revenue": 10367
        },
        "2015-12": {
            "month": "2015-12",
            "price": "84.68",
            "revenue": 8584
        },
        "2016-01": {
            "month": "2016-01",
            "price": "74.74",
            "revenue": 2472
        },
        "2016-02": {
            "month": "2016-02",
            "price": "77.90",
            "revenue": 2975
        },
        "2016-03": {
            "month": "2016-03",
            "price": "94.44",
            "revenue": 3885
        },
        "2016-04": {
            "month": "2016-04",
            "price": "131.79",
            "revenue": 4001
        },
        "2016-05": {
            "month": "2016-05",
            "price": "110.19",
            "revenue": 4917
        },
        "2016-06": {
            "month": "2016-06",
            "price": "119.19",
            "revenue": 1999
        },
        "2016-07": {
            "month": "2016-07",
            "price": "113.08",
            "revenue": 1994
        },
        "2016-08": {
            "month": "2016-08",
            "price": "102.83",
            "revenue": 2017
        },
        "2016-09": {
            "month": "2016-09",
            "price": "95.89",
            "revenue": 1921
        },
        "2016-10": {
            "month": "2016-10",
            "price": "84.42",
            "revenue": 3003
        },
        "2016-11": {
            "month": "2016-11",
            "price": "79.21",
            "revenue": 3003
        },
        "2016-12": {
            "month": "2016-12",
            "price": "80.70",
            "revenue": 2326
        },
        "2017-01": {
            "month": "2017-01",
            "price": "79.02",
            "revenue": 1375
        },
        "2017-02": {
            "month": "2017-02",
            "price": "77.98",
            "revenue": 906
        },
        "2017-03": {
            "month": "2017-03",
            "price": "70.77",
            "revenue": 929
        },
        "2017-04": {
            "month": "2017-04",
            "price": "64.87",
            "revenue": 3397
        },
        "2017-05": {
            "month": "2017-05",
            "price": "60.84",
            "revenue": 2707
        },
        "2017-06": {
            "month": "2017-06",
            "price": "65.58",
            "revenue": 8613
        },
        "2017-07": {
            "month": "2017-07",
            "price": "63.05",
            "revenue": 13
        },
        "2017-08": {
            "month": "2017-08",
            "price": "59.16",
            "revenue": 24
        },
        "2017-09": {
            "month": "2017-09",
            "price": "51.64",
            "revenue": 1912
        },
        "2017-10": {
            "month": "2017-10",
            "price": "49.44",
            "revenue": 794
        },
        "2017-11": {
            "month": "2017-11",
            "price": "52.94",
            "revenue": 1157
        },
        "2017-12": {
            "month": "2017-12",
            "price": "52.07",
            "revenue": 20
        },
        "2018-01": {
            "month": "2018-01",
            "price": "51.80",
            "revenue": 31
        },
        "2018-02": {
            "month": "2018-02",
            "price": "49.82",
            "revenue": 1
        },
        "2018-03": {
            "month": "2018-03",
            "price": "50.53",
            "revenue": 34
        },
        "2018-04": {
            "month": "2018-04",
            "price": "54.98",
            "revenue": 14
        },
        "2018-05": {
            "month": "2018-05",
            "price": "51.82",
            "revenue": 5
        },
        "2018-06": {
            "month": "2018-06",
            "price": "50.36",
            "revenue": 31
        },
        "2018-07": {
            "month": "2018-07",
            "price": "48.74",
            "revenue": 183
        },
        "2018-08": {
            "month": "2018-08",
            "price": "45.39",
            "revenue": 136
        },
        "2018-09": {
            "month": "2018-09",
            "price": "39.97",
            "revenue": 106
        },
        "2018-10": {
            "month": "2018-10",
            "price": "34.78",
            "revenue": 286
        },
        "2018-11": {
            "month": "2018-11",
            "price": "30.92",
            "revenue": 215
        },
        "2018-12": {
            "month": "2018-12",
            "price": "34.28",
            "revenue": 1158
        },
        "2019-01": {
            "month": "2019-01",
            "price": "39.78",
            "revenue": 873
        },
        "2019-02": {
            "month": "2019-02",
            "price": "44.33",
            "revenue": 489
        },
        "2019-03": {
            "month": "2019-03",
            "price": "46.05",
            "revenue": 744
        },
        "2019-04": {
            "month": "2019-04",
            "price": "45.35",
            "revenue": 615
        },
        "2019-05": {
            "month": "2019-05",
            "price": "41.80",
            "revenue": 2461
        },
        "2019-06": {
            "month": "2019-06",
            "price": "48.34",
            "revenue": 2357
        },
        "2019-07": {
            "month": "2019-07",
            "price": "48.35",
            "revenue": 735
        },
        "2019-08": {
            "month": "2019-08",
            "price": "44.79",
            "revenue": 2565
        },
        "2019-09": {
            "month": "2019-09",
            "price": "44.49",
            "revenue": 1813
        },
        "2019-10": {
            "month": "2019-10",
            "price": "43.26",
            "revenue": 1880
        },
        "2019-11": {
            "month": "2019-11",
            "price": "41.14",
            "revenue": 591
        },
        "2019-12": {
            "month": "2019-12",
            "price": "37.06",
            "revenue": 2431
        },
        "2020-01": {
            "month": "2020-01",
            "price": "36.46",
            "revenue": 1677
        },
        "2020-02": {
            "month": "2020-02",
            "price": "34.79",
            "revenue": 1455
        },
        "2020-03": {
            "month": "2020-03",
            "price": "27.07",
            "revenue": 895
        },
        "2020-04": {
            "month": "2020-04",
            "price": "27.76",
            "revenue": 533
        },
        "2020-05": {
            "month": "2020-05",
            "price": "33.38",
            "revenue": 2524
        },
        "2020-06": {
            "month": "2020-06",
            "price": "40.18",
            "revenue": 2062
        },
        "2020-07": {
            "month": "2020-07",
            "price": "40.82",
            "revenue": 2823
        },
        "2020-08": {
            "month": "2020-08",
            "price": "37.24",
            "revenue": 6017
        },
        "2020-09": {
            "month": "2020-09",
            "price": "38.72",
            "revenue": 930
        },
        "2020-10": {
            "month": "2020-10",
            "price": "37.82",
            "revenue": 1319
        },
        "2020-11": {
            "month": "2020-11",
            "price": "36.68",
            "revenue": 5309
        },
        "2020-12": {
            "month": "2020-12",
            "price": "35.33",
            "revenue": 2686
        },
        "2021-01": {
            "month": "2021-01",
            "price": "31.30",
            "revenue": 1895
        },
        "2021-02": {
            "month": "2021-02",
            "price": "30.96",
            "revenue": 3284
        },
        "2021-03": {
            "month": "2021-03",
            "price": "30.74",
            "revenue": 3046
        },
        "2021-04": {
            "month": "2021-04",
            "price": "30.16",
            "revenue": 1733
        },
        "2021-05": {
            "month": "2021-05",
            "price": "27.14",
            "revenue": 991
        },
        "2021-06": {
            "month": "2021-06",
            "price": "28.05",
            "revenue": 902
        },
        "2021-07": {
            "month": "2021-07",
            "price": "26.04",
            "revenue": 1600
        },
        "2021-08": {
            "month": "2021-08",
            "price": "24.24",
            "revenue": 983
        },
        "2021-09": {
            "month": "2021-09",
            "price": "24.24",
            "revenue": 4985
        },
        "2021-10": {
            "month": "2021-10",
            "price": "27.30",
            "revenue": 1444
        },
        "2021-11": {
            "month": "2021-11",
            "price": "27.74",
            "revenue": 1400
        },
        "2021-12": {
            "month": "2021-12",
            "price": "27.46",
            "revenue": 2307
        },
        "2022-01": {
            "month": "2022-01",
            "price": "27.87",
            "revenue": 1856
        },
        "2022-02": {
            "month": "2022-02",
            "price": "28.01",
            "revenue": 1999
        },
        "2022-03": {
            "month": "2022-03",
            "price": "27.15",
            "revenue": 3395
        },
        "2022-04": {
            "month": "2022-04",
            "price": "27.27",
            "revenue": 1686
        },
        "2022-05": {
            "month": "2022-05",
            "price": "24.80",
            "revenue": 2577
        },
        "2022-06": {
            "month": "2022-06",
            "price": "43.49",
            "revenue": 3387
        },
        "2022-07": {
            "month": "2022-07",
            "price": "50.36",
            "revenue": 4224
        },
        "2022-08": {
            "month": "2022-08",
            "price": "55.07",
            "revenue": 7477
        },
        "2022-09": {
            "month": "2022-09",
            "price": "64.36",
            "revenue": 7927
        },
        "2022-10": {
            "month": "2022-10",
            "price": "52.10",
            "revenue": 8151
        },
        "2022-11": {
            "month": "2022-11",
            "price": "48.67",
            "revenue": 11081
        },
        "2022-12": {
            "month": "2022-12",
            "price": "50.77",
            "revenue": 10847
        },
        "2023-01": {
            "month": "2023-01",
            "price": "50.05",
            "revenue": 13266
        },
        "2023-02": {
            "month": "2023-02",
            "price": "59.18",
            "revenue": 13444
        },
        "2023-03": {
            "month": "2023-03",
            "price": "62.10",
            "revenue": 14057
        },
        "2023-04": {
            "month": "2023-04",
            "price": "68.63",
            "revenue": 14213
        }
    }
}
