{
    "summary": {
        "stock_name": "聯德控股-KY",
        "stock_id": "4912",
        "category": "電子零組件",
        "main_business": "精密金屬模具設計及生產<br>五金沖壓件生產",
        "website_url": "http://www.lemtech.com",
        "ceo": "余 火甘 木發",
        "pe_ratio": 30,
        "report_year_from": 2008,
        "report_year_to": 2023,
        "age": 16,
        "eps_negative_percentage": 0,
        "eps_growth_avg": {
            "last_all": 13.07,
            "last_2y": -23.25,
            "last_4y": -9.55,
            "last_8y": -1.01,
            "last_12y": 13.07,
            "last_16y": null,
            "last_20y": null,
            "at_2006_last_3y": null,
            "at_2007_last_3y": null,
            "at_2008_last_3y": null,
            "at_2009_last_3y": null,
            "at_2010_last_3y": null,
            "at_2011_last_3y": null,
            "at_2012_last_3y": null,
            "at_2013_last_3y": null,
            "at_2014_last_3y": 44.76,
            "at_2015_last_3y": 21.39,
            "at_2016_last_3y": -16.65,
            "at_2017_last_3y": 19.61,
            "at_2018_last_3y": 9.67,
            "at_2019_last_3y": 5.33,
            "at_2020_last_3y": 37.55,
            "at_2021_last_3y": 9.31,
            "at_2022_last_3y": -3.61,
            "at_2023_last_3y": -1.94,
            "at_2024_last_3y": -1.94,
            "at_2006_last_all": null,
            "at_2007_last_all": null,
            "at_2008_last_all": null,
            "at_2009_last_all": null,
            "at_2010_last_all": null,
            "at_2011_last_all": null,
            "at_2012_last_all": 78.06,
            "at_2013_last_all": 37.02,
            "at_2014_last_all": 44.76,
            "at_2015_last_all": 31.29,
            "at_2016_last_all": 14.92,
            "at_2017_last_all": 27.07,
            "at_2018_last_all": 27.22,
            "at_2019_last_all": 19.75,
            "at_2020_last_all": 23.97,
            "at_2021_last_all": 20.61,
            "at_2022_last_all": 16.94,
            "at_2023_last_all": 13.07,
            "at_2024_last_all": 13.07
        },
        "latest_eps": 4.18,
        "latest_price": 125,
        "latest_roe": 7.96,
        "latest_gross_margin": 31.62,
        "latest_equity": 3516794,
        "latest_revenue": 1203634,
        "latest_gross_profit": 380622,
        "latest_net_income": 118092,
        "latest_debt_ratio": 51.62,
        "latest_current_ratio": 172.02,
        "latest_account_receivable_turnover_ratio": 0.75,
        "latest_inventory_turnover_ratio": 1.05,
        "latest_reinvestment_rate": -16.14,
        "latest_research_to_sale_ratio": 4.59
    },
    "eps_dividends": {
        "2001": {
            "cash": 0,
            "stock": 0,
            "eps": 0
        },
        "2002": {
            "cash": 0,
            "stock": 0,
            "eps": 0
        },
        "2003": {
            "cash": 0,
            "stock": 0,
            "eps": 0
        },
        "2004": {
            "cash": 0,
            "stock": 0,
            "eps": 0
        },
        "2005": {
            "cash": 0,
            "stock": 0,
            "eps": 0
        },
        "2006": {
            "cash": 0,
            "stock": 0,
            "eps": 0
        },
        "2007": {
            "cash": 0,
            "stock": 0,
            "eps": 0
        },
        "2008": {
            "cash": 0,
            "stock": 0,
            "eps": 0
        },
        "2009": {
            "cash": 0,
            "stock": 0,
            "eps": 0
        },
        "2010": {
            "cash": 0,
            "stock": 0,
            "eps": 2.3
        },
        "2011": {
            "cash": 3.1100000000000003,
            "stock": 0,
            "eps": 3.93
        },
        "2012": {
            "cash": 0,
            "stock": 0,
            "eps": 7.28
        },
        "2013": {
            "cash": 5,
            "stock": 0,
            "eps": 4
        },
        "2014": {
            "cash": 3,
            "stock": 0,
            "eps": 6.72
        },
        "2015": {
            "cash": 4.7,
            "stock": 0,
            "eps": 5.2
        },
        "2016": {
            "cash": 6,
            "stock": 0,
            "eps": 1.72
        },
        "2017": {
            "cash": 4,
            "stock": 0,
            "eps": 7.55
        },
        "2018": {
            "cash": 2.5,
            "stock": 0,
            "eps": 9.68
        },
        "2019": {
            "cash": 2.5,
            "stock": 2,
            "eps": 5.81
        },
        "2020": {
            "cash": 2.5,
            "stock": 0,
            "eps": 9.41
        },
        "2021": {
            "cash": 5,
            "stock": 1.5,
            "eps": 8.19
        },
        "2022": {
            "cash": 3.5,
            "stock": 0,
            "eps": 6.27
        },
        "2023": {
            "cash": 1.06,
            "stock": 0,
            "eps": 4.18
        },
        "2024": {
            "cash": 1.6,
            "stock": 0,
            "eps": 0
        }
    },
    "dividends": {
        "2011-01-01": {
            "cash": 2,
            "stock": 0
        },
        "2011-03-04": {
            "cash": 1.11,
            "stock": 0
        },
        "2013-03-08": {
            "cash": 5,
            "stock": 0
        },
        "2014-08-15": {
            "cash": 3,
            "stock": 0
        },
        "2015-08-20": {
            "cash": 4.7,
            "stock": 0
        },
        "2016-08-12": {
            "cash": 6,
            "stock": 0
        },
        "2017-08-11": {
            "cash": 4,
            "stock": 0
        },
        "2018-08-30": {
            "cash": 2.5,
            "stock": 0
        },
        "2019-09-20": {
            "cash": 2.5,
            "stock": 2
        },
        "2020-08-07": {
            "cash": 2.5,
            "stock": 0
        },
        "2021-01-20": {
            "cash": 1,
            "stock": 0
        },
        "2021-03-31": {
            "cash": 3,
            "stock": 1.5
        },
        "2021-10-29": {
            "cash": 1,
            "stock": 0
        },
        "2022-01-07": {
            "cash": 1,
            "stock": 0
        },
        "2022-06-01": {
            "cash": 1,
            "stock": 0
        },
        "2022-08-24": {
            "cash": 1,
            "stock": 0
        },
        "2022-11-16": {
            "cash": 0.5,
            "stock": 0
        },
        "2023-02-02": {
            "cash": 0.5,
            "stock": 0
        },
        "2023-05-26": {
            "cash": 0.5,
            "stock": 0
        },
        "2023-11-03": {
            "cash": 0.06,
            "stock": 0
        },
        "2024-01-25": {
            "cash": 0.83,
            "stock": 0
        },
        "2024-04-30": {
            "cash": 0.77,
            "stock": 0
        }
    },
    "prices": {
        "200101": "無",
        "200102": "無",
        "200103": "無",
        "200104": "無",
        "200105": "無",
        "200106": "無",
        "200107": "無",
        "200108": "無",
        "200109": "無",
        "200110": "無",
        "200111": "無",
        "200112": "無",
        "200201": "無",
        "200202": "無",
        "200203": "無",
        "200204": "無",
        "200205": "無",
        "200206": "無",
        "200207": "無",
        "200208": "無",
        "200209": "無",
        "200210": "無",
        "200211": "無",
        "200212": "無",
        "200301": "無",
        "200302": "無",
        "200303": "無",
        "200304": "無",
        "200305": "無",
        "200306": "無",
        "200307": "無",
        "200308": "無",
        "200309": "無",
        "200310": "無",
        "200311": "無",
        "200312": "無",
        "200401": "無",
        "200402": "無",
        "200403": "無",
        "200404": "無",
        "200405": "無",
        "200406": "無",
        "200407": "無",
        "200408": "無",
        "200409": "無",
        "200410": "無",
        "200411": "無",
        "200412": "無",
        "200501": "無",
        "200502": "無",
        "200503": "無",
        "200504": "無",
        "200505": "無",
        "200506": "無",
        "200507": "無",
        "200508": "無",
        "200509": "無",
        "200510": "無",
        "200511": "無",
        "200512": "無",
        "200601": "無",
        "200602": "無",
        "200603": "無",
        "200604": "無",
        "200605": "無",
        "200606": "無",
        "200607": "無",
        "200608": "無",
        "200609": "無",
        "200610": "無",
        "200611": "無",
        "200612": "無",
        "200701": "無",
        "200702": "無",
        "200703": "無",
        "200704": "無",
        "200705": "無",
        "200706": "無",
        "200707": "無",
        "200708": "無",
        "200709": "無",
        "200710": "無",
        "200711": "無",
        "200712": "無",
        "200801": "無",
        "200802": "無",
        "200803": "無",
        "200804": "無",
        "200805": "無",
        "200806": "無",
        "200807": "無",
        "200808": "無",
        "200809": "無",
        "200810": "無",
        "200811": "無",
        "200812": "無",
        "200901": "無",
        "200902": "無",
        "200903": "無",
        "200904": "無",
        "200905": "無",
        "200906": "無",
        "200907": "無",
        "200908": "無",
        "200909": "無",
        "200910": "無",
        "200911": "無",
        "200912": "46.77",
        "201001": "無",
        "201002": "無",
        "201003": "47.50",
        "201004": "無",
        "201005": "44.65",
        "201006": "無",
        "201007": "無",
        "201008": "35.98",
        "201009": "36.20",
        "201010": "36.20",
        "201011": "無",
        "201012": "44.95",
        "201101": "49.34",
        "201102": "50.52",
        "201103": "50.26",
        "201104": "37.00",
        "201105": "34.26",
        "201106": "32.85",
        "201107": "30.10",
        "201108": "27.73",
        "201109": "26.28",
        "201110": "27.24",
        "201111": "25.82",
        "201112": "24.51",
        "201201": "26.31",
        "201202": "54.26",
        "201203": "70.80",
        "201204": "65.28",
        "201205": "73.34",
        "201206": "67.97",
        "201207": "53.40",
        "201208": "56.92",
        "201209": "63.24",
        "201210": "62.12",
        "201211": "57.37",
        "201212": "58.30",
        "201301": "65.24",
        "201302": "68.60",
        "201303": "68.01",
        "201304": "60.93",
        "201305": "55.50",
        "201306": "53.69",
        "201307": "47.93",
        "201308": "49.51",
        "201309": "50.75",
        "201310": "55.47",
        "201311": "51.99",
        "201312": "49.34",
        "201401": "52.02",
        "201402": "55.05",
        "201403": "56.18",
        "201404": "57.46",
        "201405": "52.23",
        "201406": "53.14",
        "201407": "55.55",
        "201408": "59.40",
        "201409": "68.49",
        "201410": "64.19",
        "201411": "64.79",
        "201412": "64.23",
        "201501": "67.42",
        "201502": "69.62",
        "201503": "77.75",
        "201504": "95.10",
        "201505": "85.19",
        "201506": "83.64",
        "201507": "79.54",
        "201508": "62.07",
        "201509": "80.62",
        "201510": "82.50",
        "201511": "81.86",
        "201512": "83.96",
        "201601": "83.34",
        "201602": "86.58",
        "201603": "89.53",
        "201604": "87.47",
        "201605": "81.46",
        "201606": "84.37",
        "201607": "83.00",
        "201608": "76.19",
        "201609": "77.70",
        "201610": "76.48",
        "201611": "76.28",
        "201612": "77.87",
        "201701": "80.60",
        "201702": "125.31",
        "201703": "112.15",
        "201704": "121.08",
        "201705": "142.68",
        "201706": "171.30",
        "201707": "195.14",
        "201708": "209.76",
        "201709": "243.25",
        "201710": "228.08",
        "201711": "199.84",
        "201712": "136.98",
        "201801": "139.18",
        "201802": "126.35",
        "201803": "168.63",
        "201804": "164.94",
        "201805": "173.25",
        "201806": "190.45",
        "201807": "207.25",
        "201808": "220.17",
        "201809": "186.03",
        "201810": "171.98",
        "201811": "154.25",
        "201812": "157.98",
        "201901": "147.69",
        "201902": "152.50",
        "201903": "144.25",
        "201904": "155.70",
        "201905": "128.82",
        "201906": "131.03",
        "201907": "138.96",
        "201908": "128.76",
        "201909": "118.95",
        "201910": "117.67",
        "201911": "116.40",
        "201912": "109.80",
        "202001": "106.30",
        "202002": "98.84",
        "202003": "74.66",
        "202004": "75.73",
        "202005": "81.17",
        "202006": "87.49",
        "202007": "92.39",
        "202008": "135.88",
        "202009": "127.48",
        "202010": "122.37",
        "202011": "119.21",
        "202012": "112.07",
        "202101": "129.58",
        "202102": "146.04",
        "202103": "171.09",
        "202104": "196.16",
        "202105": "177.95",
        "202106": "175.60",
        "202107": "183.73",
        "202108": "173.61",
        "202109": "163.62",
        "202110": "153.18",
        "202111": "162.14",
        "202112": "160.73",
        "202201": "155.53",
        "202202": "163.90",
        "202203": "164.13",
        "202204": "146.84",
        "202205": "102.25",
        "202206": "111.88",
        "202207": "103.93",
        "202208": "105.39",
        "202209": "89.16",
        "202210": "72.48",
        "202211": "78.26",
        "202212": "81.36",
        "202301": "77.32",
        "202302": "79.03",
        "202303": "76.52",
        "202304": "74.42",
        "202305": "70.03",
        "202306": "71.70",
        "202307": "84.14",
        "202308": "84.97",
        "202309": "88.66",
        "202310": "81.04",
        "202311": "80.60",
        "202312": "83.71"
    },
    "quarters": {
        "20011": {
            "year_quarter": 20011,
            "year": 2001,
            "quarter": 1,
            "eps": null,
            "eps_growth_year": null,
            "eps_4q": null,
            "eps_4q_growth_year": null,
            "roe": null,
            "roe_4q": 0,
            "gross_profit": null,
            "gross_margin": null,
            "gross_margin_4q_avg": 0,
            "net_income": null,
            "net_income_4q": null,
            "revenue": null,
            "revenue_4q": null,
            "common_shares": null,
            "book_valuer_per_share": null,
            "book_valuer_per_share_4q_avg": 0,
            "equity": null,
            "current_ratio": null,
            "debt_ratio": null,
            "inventory_turnover_ratio": null,
            "account_receivable_turnover_ratio": null,
            "reinvestment_rate": null,
            "research_to_sale_ratio": null,
            "price_fair": 0,
            "eps_avg_yearly": 0,
            "eps_latest_yearly": 0,
            "eps_growth_yearly": 0
        },
        "20012": {
            "year_quarter": 20012,
            "year": 2001,
            "quarter": 2,
            "eps": null,
            "eps_growth_year": null,
            "eps_4q": null,
            "eps_4q_growth_year": null,
            "roe": null,
            "roe_4q": 0,
            "gross_profit": null,
            "gross_margin": null,
            "gross_margin_4q_avg": 0,
            "net_income": null,
            "net_income_4q": null,
            "revenue": null,
            "revenue_4q": null,
            "common_shares": null,
            "book_valuer_per_share": null,
            "book_valuer_per_share_4q_avg": 0,
            "equity": null,
            "current_ratio": null,
            "debt_ratio": null,
            "inventory_turnover_ratio": null,
            "account_receivable_turnover_ratio": null,
            "reinvestment_rate": null,
            "research_to_sale_ratio": null,
            "price_fair": 0,
            "eps_avg_yearly": 0,
            "eps_latest_yearly": 0,
            "eps_growth_yearly": 0
        },
        "20013": {
            "year_quarter": 20013,
            "year": 2001,
            "quarter": 3,
            "eps": null,
            "eps_growth_year": null,
            "eps_4q": null,
            "eps_4q_growth_year": null,
            "roe": null,
            "roe_4q": 0,
            "gross_profit": null,
            "gross_margin": null,
            "gross_margin_4q_avg": 0,
            "net_income": null,
            "net_income_4q": null,
            "revenue": null,
            "revenue_4q": null,
            "common_shares": null,
            "book_valuer_per_share": null,
            "book_valuer_per_share_4q_avg": 0,
            "equity": null,
            "current_ratio": null,
            "debt_ratio": null,
            "inventory_turnover_ratio": null,
            "account_receivable_turnover_ratio": null,
            "reinvestment_rate": null,
            "research_to_sale_ratio": null,
            "price_fair": 0,
            "eps_avg_yearly": 0,
            "eps_latest_yearly": 0,
            "eps_growth_yearly": 0
        },
        "20014": {
            "year_quarter": 20014,
            "year": 2001,
            "quarter": 4,
            "eps": null,
            "eps_growth_year": null,
            "eps_4q": null,
            "eps_4q_growth_year": null,
            "roe": null,
            "roe_4q": 0,
            "gross_profit": null,
            "gross_margin": null,
            "gross_margin_4q_avg": 0,
            "net_income": null,
            "net_income_4q": null,
            "revenue": null,
            "revenue_4q": null,
            "common_shares": null,
            "book_valuer_per_share": null,
            "book_valuer_per_share_4q_avg": 0,
            "equity": null,
            "current_ratio": null,
            "debt_ratio": null,
            "inventory_turnover_ratio": null,
            "account_receivable_turnover_ratio": null,
            "reinvestment_rate": null,
            "research_to_sale_ratio": null,
            "price_fair": 0,
            "eps_avg_yearly": 0,
            "eps_latest_yearly": 0,
            "eps_growth_yearly": 0
        },
        "20021": {
            "year_quarter": 20021,
            "year": 2002,
            "quarter": 1,
            "eps": null,
            "eps_growth_year": null,
            "eps_4q": null,
            "eps_4q_growth_year": null,
            "roe": null,
            "roe_4q": 0,
            "gross_profit": null,
            "gross_margin": null,
            "gross_margin_4q_avg": 0,
            "net_income": null,
            "net_income_4q": null,
            "revenue": null,
            "revenue_4q": null,
            "common_shares": null,
            "book_valuer_per_share": null,
            "book_valuer_per_share_4q_avg": 0,
            "equity": null,
            "current_ratio": null,
            "debt_ratio": null,
            "inventory_turnover_ratio": null,
            "account_receivable_turnover_ratio": null,
            "reinvestment_rate": null,
            "research_to_sale_ratio": null,
            "price_fair": 0,
            "eps_avg_yearly": 0,
            "eps_latest_yearly": 0,
            "eps_growth_yearly": 0
        },
        "20022": {
            "year_quarter": 20022,
            "year": 2002,
            "quarter": 2,
            "eps": null,
            "eps_growth_year": null,
            "eps_4q": null,
            "eps_4q_growth_year": null,
            "roe": null,
            "roe_4q": 0,
            "gross_profit": null,
            "gross_margin": null,
            "gross_margin_4q_avg": 0,
            "net_income": null,
            "net_income_4q": null,
            "revenue": null,
            "revenue_4q": null,
            "common_shares": null,
            "book_valuer_per_share": null,
            "book_valuer_per_share_4q_avg": 0,
            "equity": null,
            "current_ratio": null,
            "debt_ratio": null,
            "inventory_turnover_ratio": null,
            "account_receivable_turnover_ratio": null,
            "reinvestment_rate": null,
            "research_to_sale_ratio": null,
            "price_fair": 0,
            "eps_avg_yearly": 0,
            "eps_latest_yearly": 0,
            "eps_growth_yearly": 0
        },
        "20023": {
            "year_quarter": 20023,
            "year": 2002,
            "quarter": 3,
            "eps": null,
            "eps_growth_year": null,
            "eps_4q": null,
            "eps_4q_growth_year": null,
            "roe": null,
            "roe_4q": 0,
            "gross_profit": null,
            "gross_margin": null,
            "gross_margin_4q_avg": 0,
            "net_income": null,
            "net_income_4q": null,
            "revenue": null,
            "revenue_4q": null,
            "common_shares": null,
            "book_valuer_per_share": null,
            "book_valuer_per_share_4q_avg": 0,
            "equity": null,
            "current_ratio": null,
            "debt_ratio": null,
            "inventory_turnover_ratio": null,
            "account_receivable_turnover_ratio": null,
            "reinvestment_rate": null,
            "research_to_sale_ratio": null,
            "price_fair": 0,
            "eps_avg_yearly": 0,
            "eps_latest_yearly": 0,
            "eps_growth_yearly": 0
        },
        "20024": {
            "year_quarter": 20024,
            "year": 2002,
            "quarter": 4,
            "eps": null,
            "eps_growth_year": null,
            "eps_4q": null,
            "eps_4q_growth_year": null,
            "roe": null,
            "roe_4q": 0,
            "gross_profit": null,
            "gross_margin": null,
            "gross_margin_4q_avg": 0,
            "net_income": null,
            "net_income_4q": null,
            "revenue": null,
            "revenue_4q": null,
            "common_shares": null,
            "book_valuer_per_share": null,
            "book_valuer_per_share_4q_avg": 0,
            "equity": null,
            "current_ratio": null,
            "debt_ratio": null,
            "inventory_turnover_ratio": null,
            "account_receivable_turnover_ratio": null,
            "reinvestment_rate": null,
            "research_to_sale_ratio": null,
            "price_fair": 0,
            "eps_avg_yearly": 0,
            "eps_latest_yearly": 0,
            "eps_growth_yearly": 0
        },
        "20031": {
            "year_quarter": 20031,
            "year": 2003,
            "quarter": 1,
            "eps": null,
            "eps_growth_year": null,
            "eps_4q": null,
            "eps_4q_growth_year": null,
            "roe": null,
            "roe_4q": 0,
            "gross_profit": null,
            "gross_margin": null,
            "gross_margin_4q_avg": 0,
            "net_income": null,
            "net_income_4q": null,
            "revenue": null,
            "revenue_4q": null,
            "common_shares": null,
            "book_valuer_per_share": null,
            "book_valuer_per_share_4q_avg": 0,
            "equity": null,
            "current_ratio": null,
            "debt_ratio": null,
            "inventory_turnover_ratio": null,
            "account_receivable_turnover_ratio": null,
            "reinvestment_rate": null,
            "research_to_sale_ratio": null,
            "price_fair": 0,
            "eps_avg_yearly": 0,
            "eps_latest_yearly": 0,
            "eps_growth_yearly": 0
        },
        "20032": {
            "year_quarter": 20032,
            "year": 2003,
            "quarter": 2,
            "eps": null,
            "eps_growth_year": null,
            "eps_4q": null,
            "eps_4q_growth_year": null,
            "roe": null,
            "roe_4q": 0,
            "gross_profit": null,
            "gross_margin": null,
            "gross_margin_4q_avg": 0,
            "net_income": null,
            "net_income_4q": null,
            "revenue": null,
            "revenue_4q": null,
            "common_shares": null,
            "book_valuer_per_share": null,
            "book_valuer_per_share_4q_avg": 0,
            "equity": null,
            "current_ratio": null,
            "debt_ratio": null,
            "inventory_turnover_ratio": null,
            "account_receivable_turnover_ratio": null,
            "reinvestment_rate": null,
            "research_to_sale_ratio": null,
            "price_fair": 0,
            "eps_avg_yearly": 0,
            "eps_latest_yearly": 0,
            "eps_growth_yearly": 0
        },
        "20033": {
            "year_quarter": 20033,
            "year": 2003,
            "quarter": 3,
            "eps": null,
            "eps_growth_year": null,
            "eps_4q": null,
            "eps_4q_growth_year": null,
            "roe": null,
            "roe_4q": 0,
            "gross_profit": null,
            "gross_margin": null,
            "gross_margin_4q_avg": 0,
            "net_income": null,
            "net_income_4q": null,
            "revenue": null,
            "revenue_4q": null,
            "common_shares": null,
            "book_valuer_per_share": null,
            "book_valuer_per_share_4q_avg": 0,
            "equity": null,
            "current_ratio": null,
            "debt_ratio": null,
            "inventory_turnover_ratio": null,
            "account_receivable_turnover_ratio": null,
            "reinvestment_rate": null,
            "research_to_sale_ratio": null,
            "price_fair": 0,
            "eps_avg_yearly": 0,
            "eps_latest_yearly": 0,
            "eps_growth_yearly": 0
        },
        "20034": {
            "year_quarter": 20034,
            "year": 2003,
            "quarter": 4,
            "eps": null,
            "eps_growth_year": null,
            "eps_4q": null,
            "eps_4q_growth_year": null,
            "roe": null,
            "roe_4q": 0,
            "gross_profit": null,
            "gross_margin": null,
            "gross_margin_4q_avg": 0,
            "net_income": null,
            "net_income_4q": null,
            "revenue": null,
            "revenue_4q": null,
            "common_shares": null,
            "book_valuer_per_share": null,
            "book_valuer_per_share_4q_avg": 0,
            "equity": null,
            "current_ratio": null,
            "debt_ratio": null,
            "inventory_turnover_ratio": null,
            "account_receivable_turnover_ratio": null,
            "reinvestment_rate": null,
            "research_to_sale_ratio": null,
            "price_fair": 0,
            "eps_avg_yearly": 0,
            "eps_latest_yearly": 0,
            "eps_growth_yearly": 0
        },
        "20041": {
            "year_quarter": 20041,
            "year": 2004,
            "quarter": 1,
            "eps": null,
            "eps_growth_year": null,
            "eps_4q": null,
            "eps_4q_growth_year": null,
            "roe": null,
            "roe_4q": 0,
            "gross_profit": null,
            "gross_margin": null,
            "gross_margin_4q_avg": 0,
            "net_income": null,
            "net_income_4q": null,
            "revenue": null,
            "revenue_4q": null,
            "common_shares": null,
            "book_valuer_per_share": null,
            "book_valuer_per_share_4q_avg": 0,
            "equity": null,
            "current_ratio": null,
            "debt_ratio": null,
            "inventory_turnover_ratio": null,
            "account_receivable_turnover_ratio": null,
            "reinvestment_rate": null,
            "research_to_sale_ratio": null,
            "price_fair": 0,
            "eps_avg_yearly": 0,
            "eps_latest_yearly": 0,
            "eps_growth_yearly": 0
        },
        "20042": {
            "year_quarter": 20042,
            "year": 2004,
            "quarter": 2,
            "eps": null,
            "eps_growth_year": null,
            "eps_4q": null,
            "eps_4q_growth_year": null,
            "roe": null,
            "roe_4q": 0,
            "gross_profit": null,
            "gross_margin": null,
            "gross_margin_4q_avg": 0,
            "net_income": null,
            "net_income_4q": null,
            "revenue": null,
            "revenue_4q": null,
            "common_shares": null,
            "book_valuer_per_share": null,
            "book_valuer_per_share_4q_avg": 0,
            "equity": null,
            "current_ratio": null,
            "debt_ratio": null,
            "inventory_turnover_ratio": null,
            "account_receivable_turnover_ratio": null,
            "reinvestment_rate": null,
            "research_to_sale_ratio": null,
            "price_fair": 0,
            "eps_avg_yearly": 0,
            "eps_latest_yearly": 0,
            "eps_growth_yearly": 0
        },
        "20043": {
            "year_quarter": 20043,
            "year": 2004,
            "quarter": 3,
            "eps": null,
            "eps_growth_year": null,
            "eps_4q": null,
            "eps_4q_growth_year": null,
            "roe": null,
            "roe_4q": 0,
            "gross_profit": null,
            "gross_margin": null,
            "gross_margin_4q_avg": 0,
            "net_income": null,
            "net_income_4q": null,
            "revenue": null,
            "revenue_4q": null,
            "common_shares": null,
            "book_valuer_per_share": null,
            "book_valuer_per_share_4q_avg": 0,
            "equity": null,
            "current_ratio": null,
            "debt_ratio": null,
            "inventory_turnover_ratio": null,
            "account_receivable_turnover_ratio": null,
            "reinvestment_rate": null,
            "research_to_sale_ratio": null,
            "price_fair": 0,
            "eps_avg_yearly": 0,
            "eps_latest_yearly": 0,
            "eps_growth_yearly": 0
        },
        "20044": {
            "year_quarter": 20044,
            "year": 2004,
            "quarter": 4,
            "eps": null,
            "eps_growth_year": null,
            "eps_4q": null,
            "eps_4q_growth_year": null,
            "roe": null,
            "roe_4q": 0,
            "gross_profit": null,
            "gross_margin": null,
            "gross_margin_4q_avg": 0,
            "net_income": null,
            "net_income_4q": null,
            "revenue": null,
            "revenue_4q": null,
            "common_shares": null,
            "book_valuer_per_share": null,
            "book_valuer_per_share_4q_avg": 0,
            "equity": null,
            "current_ratio": null,
            "debt_ratio": null,
            "inventory_turnover_ratio": null,
            "account_receivable_turnover_ratio": null,
            "reinvestment_rate": null,
            "research_to_sale_ratio": null,
            "price_fair": 0,
            "eps_avg_yearly": 0,
            "eps_latest_yearly": 0,
            "eps_growth_yearly": 0
        },
        "20051": {
            "year_quarter": 20051,
            "year": 2005,
            "quarter": 1,
            "eps": null,
            "eps_growth_year": null,
            "eps_4q": null,
            "eps_4q_growth_year": null,
            "roe": null,
            "roe_4q": 0,
            "gross_profit": null,
            "gross_margin": null,
            "gross_margin_4q_avg": 0,
            "net_income": null,
            "net_income_4q": null,
            "revenue": null,
            "revenue_4q": null,
            "common_shares": null,
            "book_valuer_per_share": null,
            "book_valuer_per_share_4q_avg": 0,
            "equity": null,
            "current_ratio": null,
            "debt_ratio": null,
            "inventory_turnover_ratio": null,
            "account_receivable_turnover_ratio": null,
            "reinvestment_rate": null,
            "research_to_sale_ratio": null,
            "price_fair": 0,
            "eps_avg_yearly": 0,
            "eps_latest_yearly": 0,
            "eps_growth_yearly": 0
        },
        "20052": {
            "year_quarter": 20052,
            "year": 2005,
            "quarter": 2,
            "eps": null,
            "eps_growth_year": null,
            "eps_4q": null,
            "eps_4q_growth_year": null,
            "roe": null,
            "roe_4q": 0,
            "gross_profit": null,
            "gross_margin": null,
            "gross_margin_4q_avg": 0,
            "net_income": null,
            "net_income_4q": null,
            "revenue": null,
            "revenue_4q": null,
            "common_shares": null,
            "book_valuer_per_share": null,
            "book_valuer_per_share_4q_avg": 0,
            "equity": null,
            "current_ratio": null,
            "debt_ratio": null,
            "inventory_turnover_ratio": null,
            "account_receivable_turnover_ratio": null,
            "reinvestment_rate": null,
            "research_to_sale_ratio": null,
            "price_fair": 0,
            "eps_avg_yearly": 0,
            "eps_latest_yearly": 0,
            "eps_growth_yearly": 0
        },
        "20053": {
            "year_quarter": 20053,
            "year": 2005,
            "quarter": 3,
            "eps": null,
            "eps_growth_year": null,
            "eps_4q": null,
            "eps_4q_growth_year": null,
            "roe": null,
            "roe_4q": 0,
            "gross_profit": null,
            "gross_margin": null,
            "gross_margin_4q_avg": 0,
            "net_income": null,
            "net_income_4q": null,
            "revenue": null,
            "revenue_4q": null,
            "common_shares": null,
            "book_valuer_per_share": null,
            "book_valuer_per_share_4q_avg": 0,
            "equity": null,
            "current_ratio": null,
            "debt_ratio": null,
            "inventory_turnover_ratio": null,
            "account_receivable_turnover_ratio": null,
            "reinvestment_rate": null,
            "research_to_sale_ratio": null,
            "price_fair": 0,
            "eps_avg_yearly": 0,
            "eps_latest_yearly": 0,
            "eps_growth_yearly": 0
        },
        "20054": {
            "year_quarter": 20054,
            "year": 2005,
            "quarter": 4,
            "eps": null,
            "eps_growth_year": null,
            "eps_4q": null,
            "eps_4q_growth_year": null,
            "roe": null,
            "roe_4q": 0,
            "gross_profit": null,
            "gross_margin": null,
            "gross_margin_4q_avg": 0,
            "net_income": null,
            "net_income_4q": null,
            "revenue": null,
            "revenue_4q": null,
            "common_shares": null,
            "book_valuer_per_share": null,
            "book_valuer_per_share_4q_avg": 0,
            "equity": null,
            "current_ratio": null,
            "debt_ratio": null,
            "inventory_turnover_ratio": null,
            "account_receivable_turnover_ratio": null,
            "reinvestment_rate": null,
            "research_to_sale_ratio": null,
            "price_fair": 0,
            "eps_avg_yearly": 0,
            "eps_latest_yearly": 0,
            "eps_growth_yearly": 0
        },
        "20061": {
            "year_quarter": 20061,
            "year": 2006,
            "quarter": 1,
            "eps": null,
            "eps_growth_year": null,
            "eps_4q": null,
            "eps_4q_growth_year": null,
            "roe": null,
            "roe_4q": 0,
            "gross_profit": null,
            "gross_margin": null,
            "gross_margin_4q_avg": 0,
            "net_income": null,
            "net_income_4q": null,
            "revenue": null,
            "revenue_4q": null,
            "common_shares": null,
            "book_valuer_per_share": null,
            "book_valuer_per_share_4q_avg": 0,
            "equity": null,
            "current_ratio": null,
            "debt_ratio": null,
            "inventory_turnover_ratio": null,
            "account_receivable_turnover_ratio": null,
            "reinvestment_rate": null,
            "research_to_sale_ratio": null,
            "price_fair": 0,
            "eps_avg_yearly": 0,
            "eps_latest_yearly": 0,
            "eps_growth_yearly": 0
        },
        "20062": {
            "year_quarter": 20062,
            "year": 2006,
            "quarter": 2,
            "eps": null,
            "eps_growth_year": null,
            "eps_4q": null,
            "eps_4q_growth_year": null,
            "roe": null,
            "roe_4q": 0,
            "gross_profit": null,
            "gross_margin": null,
            "gross_margin_4q_avg": 0,
            "net_income": null,
            "net_income_4q": null,
            "revenue": null,
            "revenue_4q": null,
            "common_shares": null,
            "book_valuer_per_share": null,
            "book_valuer_per_share_4q_avg": 0,
            "equity": null,
            "current_ratio": null,
            "debt_ratio": null,
            "inventory_turnover_ratio": null,
            "account_receivable_turnover_ratio": null,
            "reinvestment_rate": null,
            "research_to_sale_ratio": null,
            "price_fair": 0,
            "eps_avg_yearly": 0,
            "eps_latest_yearly": 0,
            "eps_growth_yearly": 0
        },
        "20063": {
            "year_quarter": 20063,
            "year": 2006,
            "quarter": 3,
            "eps": null,
            "eps_growth_year": null,
            "eps_4q": null,
            "eps_4q_growth_year": null,
            "roe": null,
            "roe_4q": 0,
            "gross_profit": null,
            "gross_margin": null,
            "gross_margin_4q_avg": 0,
            "net_income": null,
            "net_income_4q": null,
            "revenue": null,
            "revenue_4q": null,
            "common_shares": null,
            "book_valuer_per_share": null,
            "book_valuer_per_share_4q_avg": 0,
            "equity": null,
            "current_ratio": null,
            "debt_ratio": null,
            "inventory_turnover_ratio": null,
            "account_receivable_turnover_ratio": null,
            "reinvestment_rate": null,
            "research_to_sale_ratio": null,
            "price_fair": 0,
            "eps_avg_yearly": 0,
            "eps_latest_yearly": 0,
            "eps_growth_yearly": 0
        },
        "20064": {
            "year_quarter": 20064,
            "year": 2006,
            "quarter": 4,
            "eps": null,
            "eps_growth_year": null,
            "eps_4q": null,
            "eps_4q_growth_year": null,
            "roe": null,
            "roe_4q": 0,
            "gross_profit": null,
            "gross_margin": null,
            "gross_margin_4q_avg": 0,
            "net_income": null,
            "net_income_4q": null,
            "revenue": null,
            "revenue_4q": null,
            "common_shares": null,
            "book_valuer_per_share": null,
            "book_valuer_per_share_4q_avg": 0,
            "equity": null,
            "current_ratio": null,
            "debt_ratio": null,
            "inventory_turnover_ratio": null,
            "account_receivable_turnover_ratio": null,
            "reinvestment_rate": null,
            "research_to_sale_ratio": null,
            "price_fair": 0,
            "eps_avg_yearly": 0,
            "eps_latest_yearly": 0,
            "eps_growth_yearly": 0
        },
        "20071": {
            "year_quarter": 20071,
            "year": 2007,
            "quarter": 1,
            "eps": null,
            "eps_growth_year": null,
            "eps_4q": null,
            "eps_4q_growth_year": null,
            "roe": null,
            "roe_4q": 0,
            "gross_profit": null,
            "gross_margin": null,
            "gross_margin_4q_avg": 0,
            "net_income": null,
            "net_income_4q": null,
            "revenue": null,
            "revenue_4q": null,
            "common_shares": null,
            "book_valuer_per_share": null,
            "book_valuer_per_share_4q_avg": 0,
            "equity": null,
            "current_ratio": null,
            "debt_ratio": null,
            "inventory_turnover_ratio": null,
            "account_receivable_turnover_ratio": null,
            "reinvestment_rate": null,
            "research_to_sale_ratio": null,
            "price_fair": 0,
            "eps_avg_yearly": 0,
            "eps_latest_yearly": 0,
            "eps_growth_yearly": 0
        },
        "20072": {
            "year_quarter": 20072,
            "year": 2007,
            "quarter": 2,
            "eps": null,
            "eps_growth_year": null,
            "eps_4q": null,
            "eps_4q_growth_year": null,
            "roe": null,
            "roe_4q": 0,
            "gross_profit": null,
            "gross_margin": null,
            "gross_margin_4q_avg": 0,
            "net_income": null,
            "net_income_4q": null,
            "revenue": null,
            "revenue_4q": null,
            "common_shares": null,
            "book_valuer_per_share": null,
            "book_valuer_per_share_4q_avg": 0,
            "equity": null,
            "current_ratio": null,
            "debt_ratio": null,
            "inventory_turnover_ratio": null,
            "account_receivable_turnover_ratio": null,
            "reinvestment_rate": null,
            "research_to_sale_ratio": null,
            "price_fair": 0,
            "eps_avg_yearly": 0,
            "eps_latest_yearly": 0,
            "eps_growth_yearly": 0
        },
        "20073": {
            "year_quarter": 20073,
            "year": 2007,
            "quarter": 3,
            "eps": null,
            "eps_growth_year": null,
            "eps_4q": null,
            "eps_4q_growth_year": null,
            "roe": null,
            "roe_4q": 0,
            "gross_profit": null,
            "gross_margin": null,
            "gross_margin_4q_avg": 0,
            "net_income": null,
            "net_income_4q": null,
            "revenue": null,
            "revenue_4q": null,
            "common_shares": null,
            "book_valuer_per_share": null,
            "book_valuer_per_share_4q_avg": 0,
            "equity": null,
            "current_ratio": null,
            "debt_ratio": null,
            "inventory_turnover_ratio": null,
            "account_receivable_turnover_ratio": null,
            "reinvestment_rate": null,
            "research_to_sale_ratio": null,
            "price_fair": 0,
            "eps_avg_yearly": 0,
            "eps_latest_yearly": 0,
            "eps_growth_yearly": 0
        },
        "20074": {
            "year_quarter": 20074,
            "year": 2007,
            "quarter": 4,
            "eps": null,
            "eps_growth_year": null,
            "eps_4q": null,
            "eps_4q_growth_year": null,
            "roe": null,
            "roe_4q": 0,
            "gross_profit": null,
            "gross_margin": null,
            "gross_margin_4q_avg": 0,
            "net_income": null,
            "net_income_4q": null,
            "revenue": null,
            "revenue_4q": null,
            "common_shares": 250000,
            "book_valuer_per_share": 10.19,
            "book_valuer_per_share_4q_avg": 2.55,
            "equity": 254745,
            "current_ratio": 110.49,
            "debt_ratio": 58.08,
            "inventory_turnover_ratio": null,
            "account_receivable_turnover_ratio": null,
            "reinvestment_rate": null,
            "research_to_sale_ratio": null,
            "price_fair": 0,
            "eps_avg_yearly": 0,
            "eps_latest_yearly": 0,
            "eps_growth_yearly": 0
        },
        "20081": {
            "year_quarter": 20081,
            "year": 2008,
            "quarter": 1,
            "eps": null,
            "eps_growth_year": null,
            "eps_4q": null,
            "eps_4q_growth_year": null,
            "roe": null,
            "roe_4q": 0,
            "gross_profit": null,
            "gross_margin": null,
            "gross_margin_4q_avg": 0,
            "net_income": null,
            "net_income_4q": null,
            "revenue": null,
            "revenue_4q": null,
            "common_shares": null,
            "book_valuer_per_share": null,
            "book_valuer_per_share_4q_avg": 2.55,
            "equity": null,
            "current_ratio": null,
            "debt_ratio": null,
            "inventory_turnover_ratio": null,
            "account_receivable_turnover_ratio": null,
            "reinvestment_rate": null,
            "research_to_sale_ratio": null,
            "price_fair": 0,
            "eps_avg_yearly": 0,
            "eps_latest_yearly": 0,
            "eps_growth_yearly": 0
        },
        "20082": {
            "year_quarter": 20082,
            "year": 2008,
            "quarter": 2,
            "eps": null,
            "eps_growth_year": null,
            "eps_4q": null,
            "eps_4q_growth_year": null,
            "roe": null,
            "roe_4q": 0,
            "gross_profit": null,
            "gross_margin": null,
            "gross_margin_4q_avg": 0,
            "net_income": null,
            "net_income_4q": null,
            "revenue": null,
            "revenue_4q": null,
            "common_shares": null,
            "book_valuer_per_share": null,
            "book_valuer_per_share_4q_avg": 2.55,
            "equity": null,
            "current_ratio": null,
            "debt_ratio": null,
            "inventory_turnover_ratio": null,
            "account_receivable_turnover_ratio": null,
            "reinvestment_rate": null,
            "research_to_sale_ratio": null,
            "price_fair": 0,
            "eps_avg_yearly": 0,
            "eps_latest_yearly": 0,
            "eps_growth_yearly": 0
        },
        "20083": {
            "year_quarter": 20083,
            "year": 2008,
            "quarter": 3,
            "eps": null,
            "eps_growth_year": null,
            "eps_4q": null,
            "eps_4q_growth_year": null,
            "roe": null,
            "roe_4q": 0,
            "gross_profit": null,
            "gross_margin": null,
            "gross_margin_4q_avg": 0,
            "net_income": null,
            "net_income_4q": null,
            "revenue": null,
            "revenue_4q": null,
            "common_shares": null,
            "book_valuer_per_share": null,
            "book_valuer_per_share_4q_avg": 2.55,
            "equity": null,
            "current_ratio": null,
            "debt_ratio": null,
            "inventory_turnover_ratio": null,
            "account_receivable_turnover_ratio": null,
            "reinvestment_rate": null,
            "research_to_sale_ratio": null,
            "price_fair": 0,
            "eps_avg_yearly": 0,
            "eps_latest_yearly": 0,
            "eps_growth_yearly": 0
        },
        "20084": {
            "year_quarter": 20084,
            "year": 2008,
            "quarter": 4,
            "eps": null,
            "eps_growth_year": null,
            "eps_4q": null,
            "eps_4q_growth_year": null,
            "roe": null,
            "roe_4q": 0,
            "gross_profit": null,
            "gross_margin": null,
            "gross_margin_4q_avg": 0,
            "net_income": null,
            "net_income_4q": null,
            "revenue": null,
            "revenue_4q": null,
            "common_shares": 250000,
            "book_valuer_per_share": 14.03,
            "book_valuer_per_share_4q_avg": 3.51,
            "equity": 350758,
            "current_ratio": 144.95,
            "debt_ratio": 48.24,
            "inventory_turnover_ratio": null,
            "account_receivable_turnover_ratio": null,
            "reinvestment_rate": null,
            "research_to_sale_ratio": null,
            "price_fair": 0,
            "eps_avg_yearly": 0,
            "eps_latest_yearly": 0,
            "eps_growth_yearly": 0
        },
        "20091": {
            "year_quarter": 20091,
            "year": 2009,
            "quarter": 1,
            "eps": null,
            "eps_growth_year": null,
            "eps_4q": null,
            "eps_4q_growth_year": null,
            "roe": null,
            "roe_4q": 0,
            "gross_profit": null,
            "gross_margin": null,
            "gross_margin_4q_avg": 0,
            "net_income": null,
            "net_income_4q": null,
            "revenue": null,
            "revenue_4q": null,
            "common_shares": null,
            "book_valuer_per_share": null,
            "book_valuer_per_share_4q_avg": 3.51,
            "equity": null,
            "current_ratio": null,
            "debt_ratio": null,
            "inventory_turnover_ratio": null,
            "account_receivable_turnover_ratio": null,
            "reinvestment_rate": null,
            "research_to_sale_ratio": null,
            "price_fair": 0,
            "eps_avg_yearly": 0,
            "eps_latest_yearly": 0,
            "eps_growth_yearly": 0
        },
        "20092": {
            "year_quarter": 20092,
            "year": 2009,
            "quarter": 2,
            "eps": null,
            "eps_growth_year": null,
            "eps_4q": null,
            "eps_4q_growth_year": null,
            "roe": null,
            "roe_4q": 0,
            "gross_profit": null,
            "gross_margin": null,
            "gross_margin_4q_avg": 0,
            "net_income": null,
            "net_income_4q": null,
            "revenue": null,
            "revenue_4q": null,
            "common_shares": 0,
            "book_valuer_per_share": null,
            "book_valuer_per_share_4q_avg": 3.51,
            "equity": 0,
            "current_ratio": null,
            "debt_ratio": null,
            "inventory_turnover_ratio": null,
            "account_receivable_turnover_ratio": null,
            "reinvestment_rate": null,
            "research_to_sale_ratio": null,
            "price_fair": 0,
            "eps_avg_yearly": 0,
            "eps_latest_yearly": 0,
            "eps_growth_yearly": 0
        },
        "20093": {
            "year_quarter": 20093,
            "year": 2009,
            "quarter": 3,
            "eps": null,
            "eps_growth_year": null,
            "eps_4q": null,
            "eps_4q_growth_year": null,
            "roe": null,
            "roe_4q": 0,
            "gross_profit": 0,
            "gross_margin": null,
            "gross_margin_4q_avg": 0,
            "net_income": 0,
            "net_income_4q": null,
            "revenue": 0,
            "revenue_4q": null,
            "common_shares": 0,
            "book_valuer_per_share": null,
            "book_valuer_per_share_4q_avg": 3.51,
            "equity": 0,
            "current_ratio": null,
            "debt_ratio": null,
            "inventory_turnover_ratio": null,
            "account_receivable_turnover_ratio": null,
            "reinvestment_rate": null,
            "research_to_sale_ratio": null,
            "price_fair": 0,
            "eps_avg_yearly": 0,
            "eps_latest_yearly": 0,
            "eps_growth_yearly": 0
        },
        "20094": {
            "year_quarter": 20094,
            "year": 2009,
            "quarter": 4,
            "eps": null,
            "eps_growth_year": null,
            "eps_4q": null,
            "eps_4q_growth_year": null,
            "roe": null,
            "roe_4q": 0,
            "gross_profit": 15928,
            "gross_margin": null,
            "gross_margin_4q_avg": 0,
            "net_income": 5558,
            "net_income_4q": null,
            "revenue": 82858,
            "revenue_4q": null,
            "common_shares": 250000,
            "book_valuer_per_share": 15.88,
            "book_valuer_per_share_4q_avg": 3.97,
            "equity": 396978,
            "current_ratio": 174.19,
            "debt_ratio": 37.81,
            "inventory_turnover_ratio": null,
            "account_receivable_turnover_ratio": null,
            "reinvestment_rate": null,
            "research_to_sale_ratio": null,
            "price_fair": 0,
            "eps_avg_yearly": 0,
            "eps_latest_yearly": 0,
            "eps_growth_yearly": 0
        },
        "20101": {
            "year_quarter": 20101,
            "year": 2010,
            "quarter": 1,
            "eps": null,
            "eps_growth_year": null,
            "eps_4q": null,
            "eps_4q_growth_year": null,
            "roe": null,
            "roe_4q": 0,
            "gross_profit": 59530,
            "gross_margin": null,
            "gross_margin_4q_avg": 0,
            "net_income": 25577,
            "net_income_4q": null,
            "revenue": 230510,
            "revenue_4q": null,
            "common_shares": 250000,
            "book_valuer_per_share": 16.81,
            "book_valuer_per_share_4q_avg": 8.17,
            "equity": 420255,
            "current_ratio": 177.79,
            "debt_ratio": 39.07,
            "inventory_turnover_ratio": null,
            "account_receivable_turnover_ratio": null,
            "reinvestment_rate": null,
            "research_to_sale_ratio": null,
            "price_fair": 0,
            "eps_avg_yearly": 0,
            "eps_latest_yearly": 0,
            "eps_growth_yearly": 0
        },
        "20102": {
            "year_quarter": 20102,
            "year": 2010,
            "quarter": 2,
            "eps": 0.96,
            "eps_growth_year": null,
            "eps_4q": 0.96,
            "eps_4q_growth_year": null,
            "roe": 5.48,
            "roe_4q": 5.48,
            "gross_profit": 58951,
            "gross_margin": 25.47,
            "gross_margin_4q_avg": 6.37,
            "net_income": 24008,
            "net_income_4q": null,
            "revenue": 231467,
            "revenue_4q": null,
            "common_shares": 250000,
            "book_valuer_per_share": 18.21,
            "book_valuer_per_share_4q_avg": 12.73,
            "equity": 455200,
            "current_ratio": 178.28,
            "debt_ratio": 39.84,
            "inventory_turnover_ratio": 2.16,
            "account_receivable_turnover_ratio": 1.41,
            "reinvestment_rate": null,
            "research_to_sale_ratio": null,
            "price_fair": 0,
            "eps_avg_yearly": 0,
            "eps_latest_yearly": 0,
            "eps_growth_yearly": 0
        },
        "20103": {
            "year_quarter": 20103,
            "year": 2010,
            "quarter": 3,
            "eps": 1.28,
            "eps_growth_year": null,
            "eps_4q": 2.24,
            "eps_4q_growth_year": null,
            "roe": 6.82,
            "roe_4q": 12.3,
            "gross_profit": 79740,
            "gross_margin": 27.25,
            "gross_margin_4q_avg": 13.18,
            "net_income": 31916,
            "net_income_4q": null,
            "revenue": 292599,
            "revenue_4q": null,
            "common_shares": 250000,
            "book_valuer_per_share": 19.23,
            "book_valuer_per_share_4q_avg": 17.53,
            "equity": 480756,
            "current_ratio": 165.11,
            "debt_ratio": 41.42,
            "inventory_turnover_ratio": 2.47,
            "account_receivable_turnover_ratio": 0.88,
            "reinvestment_rate": null,
            "research_to_sale_ratio": 1.77,
            "price_fair": 179.2,
            "eps_avg_yearly": 5.12,
            "eps_latest_yearly": 5.12,
            "eps_growth_yearly": 133.33
        },
        "20104": {
            "year_quarter": 20104,
            "year": 2010,
            "quarter": 4,
            "eps": 0.06,
            "eps_growth_year": null,
            "eps_4q": 2.29,
            "eps_4q_growth_year": null,
            "roe": 0.3,
            "roe_4q": 12.600000000000001,
            "gross_profit": 64067,
            "gross_margin": 24.23,
            "gross_margin_4q_avg": 19.24,
            "net_income": 1384,
            "net_income_4q": null,
            "revenue": 264455,
            "revenue_4q": null,
            "common_shares": 250000,
            "book_valuer_per_share": 18.17,
            "book_valuer_per_share_4q_avg": 18.11,
            "equity": 454374,
            "current_ratio": 159.82,
            "debt_ratio": 44.04,
            "inventory_turnover_ratio": 2.41,
            "account_receivable_turnover_ratio": 0.75,
            "reinvestment_rate": null,
            "research_to_sale_ratio": 0.33,
            "price_fair": 8.04,
            "eps_avg_yearly": 2.68,
            "eps_latest_yearly": 0.24,
            "eps_growth_yearly": -123.96
        },
        "20111": {
            "year_quarter": 20111,
            "year": 2011,
            "quarter": 1,
            "eps": 0.64,
            "eps_growth_year": null,
            "eps_4q": 2.93,
            "eps_4q_growth_year": null,
            "roe": 3.43,
            "roe_4q": 16.03,
            "gross_profit": 56658,
            "gross_margin": 24.8,
            "gross_margin_4q_avg": 25.44,
            "net_income": 15966,
            "net_income_4q": null,
            "revenue": 228428,
            "revenue_4q": null,
            "common_shares": 250000,
            "book_valuer_per_share": 19.11,
            "book_valuer_per_share_4q_avg": 18.68,
            "equity": 477653,
            "current_ratio": 172.88,
            "debt_ratio": 40.04,
            "inventory_turnover_ratio": 2.03,
            "account_receivable_turnover_ratio": 0.67,
            "reinvestment_rate": null,
            "research_to_sale_ratio": 1.12,
            "price_fair": 92.4,
            "eps_avg_yearly": 2.64,
            "eps_latest_yearly": 2.56,
            "eps_growth_yearly": 1206.25
        },
        "20112": {
            "year_quarter": 20112,
            "year": 2011,
            "quarter": 2,
            "eps": 1.28,
            "eps_growth_year": 33.77,
            "eps_4q": 3.06,
            "eps_4q_growth_year": 218.31,
            "roe": 6.82,
            "roe_4q": 17.37,
            "gross_profit": 68597,
            "gross_margin": 24.98,
            "gross_margin_4q_avg": 25.32,
            "net_income": 35713,
            "net_income_4q": null,
            "revenue": 274658,
            "revenue_4q": null,
            "common_shares": 278000,
            "book_valuer_per_share": 20.51,
            "book_valuer_per_share_4q_avg": 19.26,
            "equity": 570313,
            "current_ratio": 196.39,
            "debt_ratio": 36.93,
            "inventory_turnover_ratio": 2.19,
            "account_receivable_turnover_ratio": 0.79,
            "reinvestment_rate": null,
            "research_to_sale_ratio": 1.53,
            "price_fair": 114.1,
            "eps_avg_yearly": 3.26,
            "eps_latest_yearly": 5.12,
            "eps_growth_yearly": 1004.69
        },
        "20113": {
            "year_quarter": 20113,
            "year": 2011,
            "quarter": 3,
            "eps": 0.92,
            "eps_growth_year": -27.83,
            "eps_4q": 2.83,
            "eps_4q_growth_year": 26.51,
            "roe": 4.25,
            "roe_4q": 14.8,
            "gross_profit": 72039,
            "gross_margin": 23.48,
            "gross_margin_4q_avg": 24.37,
            "net_income": 25613,
            "net_income_4q": null,
            "revenue": 306753,
            "revenue_4q": null,
            "common_shares": 278000,
            "book_valuer_per_share": 22.84,
            "book_valuer_per_share_4q_avg": 20.16,
            "equity": 635083,
            "current_ratio": 196.03,
            "debt_ratio": 38.04,
            "inventory_turnover_ratio": 2.27,
            "account_receivable_turnover_ratio": 0.76,
            "reinvestment_rate": null,
            "research_to_sale_ratio": 1.9,
            "price_fair": 117.04,
            "eps_avg_yearly": 3.34,
            "eps_latest_yearly": 3.68,
            "eps_growth_yearly": 781.25
        },
        "20114": {
            "year_quarter": 20114,
            "year": 2011,
            "quarter": 4,
            "eps": 1.09,
            "eps_growth_year": 1873.67,
            "eps_4q": 3.87,
            "eps_4q_growth_year": 68.95,
            "roe": 4.67,
            "roe_4q": 19.17,
            "gross_profit": 85483,
            "gross_margin": 24.45,
            "gross_margin_4q_avg": 24.43,
            "net_income": 30375,
            "net_income_4q": null,
            "revenue": 349674,
            "revenue_4q": null,
            "common_shares": 278000,
            "book_valuer_per_share": 23.98,
            "book_valuer_per_share_4q_avg": 21.61,
            "equity": 666768,
            "current_ratio": 181.09,
            "debt_ratio": 41.39,
            "inventory_turnover_ratio": 2.02,
            "account_receivable_turnover_ratio": 0.77,
            "reinvestment_rate": null,
            "research_to_sale_ratio": 3.96,
            "price_fair": 122.97,
            "eps_avg_yearly": 3.51,
            "eps_latest_yearly": 4.36,
            "eps_growth_yearly": 663.36
        },
        "20121": {
            "year_quarter": 20121,
            "year": 2012,
            "quarter": 1,
            "eps": 1.5,
            "eps_growth_year": 134.38,
            "eps_4q": 4.8,
            "eps_4q_growth_year": 63.72,
            "roe": 6.13,
            "roe_4q": 21.87,
            "gross_profit": 102120,
            "gross_margin": 25.79,
            "gross_margin_4q_avg": 24.68,
            "net_income": 41699,
            "net_income_4q": null,
            "revenue": 395986,
            "revenue_4q": null,
            "common_shares": 278000,
            "book_valuer_per_share": 24.92,
            "book_valuer_per_share_4q_avg": 23.06,
            "equity": 692699,
            "current_ratio": 181.88,
            "debt_ratio": 41.49,
            "inventory_turnover_ratio": 1.9,
            "account_receivable_turnover_ratio": 0.82,
            "reinvestment_rate": null,
            "research_to_sale_ratio": 2.37,
            "price_fair": 135.4,
            "eps_avg_yearly": 3.87,
            "eps_latest_yearly": 6,
            "eps_growth_yearly": 590.09
        },
        "20122": {
            "year_quarter": 20122,
            "year": 2012,
            "quarter": 2,
            "eps": 3.49,
            "eps_growth_year": 171.62,
            "eps_4q": 7,
            "eps_4q_growth_year": 129.1,
            "roe": 13.57,
            "roe_4q": 28.619999999999997,
            "gross_profit": 151051,
            "gross_margin": 27.11,
            "gross_margin_4q_avg": 25.21,
            "net_income": 97004,
            "net_income_4q": null,
            "revenue": 557201,
            "revenue_4q": null,
            "common_shares": 278000,
            "book_valuer_per_share": 26.51,
            "book_valuer_per_share_4q_avg": 24.56,
            "equity": 737042,
            "current_ratio": 152.67,
            "debt_ratio": 51.16,
            "inventory_turnover_ratio": 2.41,
            "account_receivable_turnover_ratio": 0.92,
            "reinvestment_rate": null,
            "research_to_sale_ratio": 1.7,
            "price_fair": 179.55,
            "eps_avg_yearly": 5.13,
            "eps_latest_yearly": 13.96,
            "eps_growth_yearly": 582.66
        },
        "20123": {
            "year_quarter": 20123,
            "year": 2012,
            "quarter": 3,
            "eps": 1.85,
            "eps_growth_year": 100.27,
            "eps_4q": 7.93,
            "eps_4q_growth_year": 180.1,
            "roe": 6.76,
            "roe_4q": 31.129999999999995,
            "gross_profit": 121736,
            "gross_margin": 23.36,
            "gross_margin_4q_avg": 25.18,
            "net_income": 51295,
            "net_income_4q": null,
            "revenue": 521064,
            "revenue_4q": null,
            "common_shares": 278000,
            "book_valuer_per_share": 28.12,
            "book_valuer_per_share_4q_avg": 25.88,
            "equity": 781671,
            "current_ratio": 154.45,
            "debt_ratio": 47.29,
            "inventory_turnover_ratio": 2.34,
            "account_receivable_turnover_ratio": 0.8,
            "reinvestment_rate": null,
            "research_to_sale_ratio": 2.09,
            "price_fair": 188.38,
            "eps_avg_yearly": 5.38,
            "eps_latest_yearly": 7.4,
            "eps_growth_yearly": 497.04
        },
        "20124": {
            "year_quarter": 20124,
            "year": 2012,
            "quarter": 4,
            "eps": 0.44,
            "eps_growth_year": -59.82,
            "eps_4q": 6.23,
            "eps_4q_growth_year": 60.9,
            "roe": 1.61,
            "roe_4q": 28.069999999999997,
            "gross_profit": 98419,
            "gross_margin": 21.47,
            "gross_margin_4q_avg": 24.43,
            "net_income": 14398,
            "net_income_4q": null,
            "revenue": 458463,
            "revenue_4q": null,
            "common_shares": 328000,
            "book_valuer_per_share": 30.81,
            "book_valuer_per_share_4q_avg": 27.59,
            "equity": 1010468,
            "current_ratio": 204.59,
            "debt_ratio": 36.44,
            "inventory_turnover_ratio": 2.28,
            "account_receivable_turnover_ratio": 0.81,
            "reinvestment_rate": null,
            "research_to_sale_ratio": 2.21,
            "price_fair": 175.7,
            "eps_avg_yearly": 5.02,
            "eps_latest_yearly": 1.76,
            "eps_growth_yearly": 416.85
        },
        "20131": {
            "year_quarter": 20131,
            "year": 2013,
            "quarter": 1,
            "eps": 0.8,
            "eps_growth_year": -46.67,
            "eps_4q": 5.76,
            "eps_4q_growth_year": 20.11,
            "roe": 2.54,
            "roe_4q": 24.48,
            "gross_profit": 90606,
            "gross_margin": 21.54,
            "gross_margin_4q_avg": 23.37,
            "net_income": 26340,
            "net_income_4q": null,
            "revenue": 420642,
            "revenue_4q": null,
            "common_shares": 328000,
            "book_valuer_per_share": 32.39,
            "book_valuer_per_share_4q_avg": 29.46,
            "equity": 1062448,
            "current_ratio": 212.03,
            "debt_ratio": 32.71,
            "inventory_turnover_ratio": 1.99,
            "account_receivable_turnover_ratio": 0.79,
            "reinvestment_rate": null,
            "research_to_sale_ratio": 2.54,
            "price_fair": 169.91,
            "eps_avg_yearly": 4.85,
            "eps_latest_yearly": 3.2,
            "eps_growth_yearly": 408.7
        },
        "20132": {
            "year_quarter": 20132,
            "year": 2013,
            "quarter": 2,
            "eps": 0.68,
            "eps_growth_year": -80.51,
            "eps_4q": 3.48,
            "eps_4q_growth_year": -50.24,
            "roe": 2.23,
            "roe_4q": 13.14,
            "gross_profit": 99207,
            "gross_margin": 21.6,
            "gross_margin_4q_avg": 21.99,
            "net_income": 22260,
            "net_income_4q": null,
            "revenue": 459201,
            "revenue_4q": null,
            "common_shares": 328000,
            "book_valuer_per_share": 28.44,
            "book_valuer_per_share_4q_avg": 29.94,
            "equity": 932778,
            "current_ratio": 147.88,
            "debt_ratio": 46.14,
            "inventory_turnover_ratio": 2.08,
            "account_receivable_turnover_ratio": 0.85,
            "reinvestment_rate": 105.77,
            "research_to_sale_ratio": 2.84,
            "price_fair": 163.68,
            "eps_avg_yearly": 4.68,
            "eps_latest_yearly": 2.72,
            "eps_growth_yearly": 369.64
        },
        "20133": {
            "year_quarter": 20133,
            "year": 2013,
            "quarter": 3,
            "eps": 1.81,
            "eps_growth_year": -1.9,
            "eps_4q": 3.73,
            "eps_4q_growth_year": -52.93,
            "roe": 6.2,
            "roe_4q": 12.579999999999998,
            "gross_profit": 145507,
            "gross_margin": 22.75,
            "gross_margin_4q_avg": 21.84,
            "net_income": 59376,
            "net_income_4q": null,
            "revenue": 639526,
            "revenue_4q": null,
            "common_shares": 328000,
            "book_valuer_per_share": 29.95,
            "book_valuer_per_share_4q_avg": 30.4,
            "equity": 982414,
            "current_ratio": 142.43,
            "debt_ratio": 47.16,
            "inventory_turnover_ratio": 2.86,
            "account_receivable_turnover_ratio": 1.07,
            "reinvestment_rate": 99.36,
            "research_to_sale_ratio": 2.54,
            "price_fair": 170.58,
            "eps_avg_yearly": 4.87,
            "eps_latest_yearly": 7.24,
            "eps_growth_yearly": 392.34
        },
        "20134": {
            "year_quarter": 20134,
            "year": 2013,
            "quarter": 4,
            "eps": 0.71,
            "eps_growth_year": 61.54,
            "eps_4q": 4,
            "eps_4q_growth_year": -35.79,
            "roe": 2.32,
            "roe_4q": 13.29,
            "gross_profit": 136131,
            "gross_margin": 22.86,
            "gross_margin_4q_avg": 22.19,
            "net_income": 23258,
            "net_income_4q": null,
            "revenue": 595522,
            "revenue_4q": null,
            "common_shares": 328000,
            "book_valuer_per_share": 31.13,
            "book_valuer_per_share_4q_avg": 30.48,
            "equity": 1020985,
            "current_ratio": 132.75,
            "debt_ratio": 52.68,
            "inventory_turnover_ratio": 2.36,
            "account_receivable_turnover_ratio": 0.9,
            "reinvestment_rate": 75.11,
            "research_to_sale_ratio": 2.85,
            "price_fair": 165.5,
            "eps_avg_yearly": 4.73,
            "eps_latest_yearly": 2.84,
            "eps_growth_yearly": 346.95
        },
        "20141": {
            "year_quarter": 20141,
            "year": 2014,
            "quarter": 1,
            "eps": 0.87,
            "eps_growth_year": 8.75,
            "eps_4q": 4.07,
            "eps_4q_growth_year": -29.42,
            "roe": 2.76,
            "roe_4q": 13.510000000000002,
            "gross_profit": 121620,
            "gross_margin": 19.72,
            "gross_margin_4q_avg": 21.73,
            "net_income": 28535,
            "net_income_4q": null,
            "revenue": 616858,
            "revenue_4q": null,
            "common_shares": 328000,
            "book_valuer_per_share": 31.9,
            "book_valuer_per_share_4q_avg": 30.36,
            "equity": 1046216,
            "current_ratio": 139.3,
            "debt_ratio": 48.66,
            "inventory_turnover_ratio": 2.15,
            "account_receivable_turnover_ratio": 0.96,
            "reinvestment_rate": 87.01,
            "research_to_sale_ratio": 2.69,
            "price_fair": 162.59,
            "eps_avg_yearly": 4.65,
            "eps_latest_yearly": 3.48,
            "eps_growth_yearly": 329.83
        },
        "20142": {
            "year_quarter": 20142,
            "year": 2014,
            "quarter": 2,
            "eps": 1.62,
            "eps_growth_year": 138.24,
            "eps_4q": 5.01,
            "eps_4q_growth_year": 43.79,
            "roe": 5.24,
            "roe_4q": 16.52,
            "gross_profit": 155980,
            "gross_margin": 22.62,
            "gross_margin_4q_avg": 21.99,
            "net_income": 53172,
            "net_income_4q": null,
            "revenue": 689635,
            "revenue_4q": null,
            "common_shares": 328000,
            "book_valuer_per_share": 29.97,
            "book_valuer_per_share_4q_avg": 30.74,
            "equity": 983004,
            "current_ratio": 164.75,
            "debt_ratio": 57.16,
            "inventory_turnover_ratio": 2.22,
            "account_receivable_turnover_ratio": 1.02,
            "reinvestment_rate": 76.08,
            "research_to_sale_ratio": 2.1,
            "price_fair": 166.6,
            "eps_avg_yearly": 4.76,
            "eps_latest_yearly": 6.48,
            "eps_growth_yearly": 330.77
        },
        "20143": {
            "year_quarter": 20143,
            "year": 2014,
            "quarter": 3,
            "eps": 1.39,
            "eps_growth_year": -23.2,
            "eps_4q": 4.53,
            "eps_4q_growth_year": 21.5,
            "roe": 4.41,
            "roe_4q": 14.73,
            "gross_profit": 205361,
            "gross_margin": 23.39,
            "gross_margin_4q_avg": 22.15,
            "net_income": 45544,
            "net_income_4q": null,
            "revenue": 877866,
            "revenue_4q": null,
            "common_shares": 332021,
            "book_valuer_per_share": 32.54,
            "book_valuer_per_share_4q_avg": 31.39,
            "equity": 1080265,
            "current_ratio": 156.56,
            "debt_ratio": 59.53,
            "inventory_turnover_ratio": 2.91,
            "account_receivable_turnover_ratio": 1.11,
            "reinvestment_rate": 66.78,
            "research_to_sale_ratio": 1.79,
            "price_fair": 167.56,
            "eps_avg_yearly": 4.79,
            "eps_latest_yearly": 5.56,
            "eps_growth_yearly": 318.89
        },
        "20144": {
            "year_quarter": 20144,
            "year": 2014,
            "quarter": 4,
            "eps": 2.84,
            "eps_growth_year": 299.93,
            "eps_4q": 6.67,
            "eps_4q_growth_year": 66.67,
            "roe": 8.22,
            "roe_4q": 20.630000000000003,
            "gross_profit": 235569,
            "gross_margin": 26.65,
            "gross_margin_4q_avg": 23.1,
            "net_income": 94155,
            "net_income_4q": null,
            "revenue": 883971,
            "revenue_4q": null,
            "common_shares": 332021,
            "book_valuer_per_share": 36.45,
            "book_valuer_per_share_4q_avg": 32.72,
            "equity": 1210364,
            "current_ratio": 162.09,
            "debt_ratio": 58.57,
            "inventory_turnover_ratio": 2.65,
            "account_receivable_turnover_ratio": 0.99,
            "reinvestment_rate": 60.76,
            "research_to_sale_ratio": 1.44,
            "price_fair": 191.89,
            "eps_avg_yearly": 5.48,
            "eps_latest_yearly": 11.36,
            "eps_growth_yearly": 368.79
        },
        "20151": {
            "year_quarter": 20151,
            "year": 2015,
            "quarter": 1,
            "eps": 1.54,
            "eps_growth_year": 77.01,
            "eps_4q": 6.58,
            "eps_4q_growth_year": 61.85,
            "roe": 3.82,
            "roe_4q": 21.690000000000005,
            "gross_profit": 205156,
            "gross_margin": 25.24,
            "gross_margin_4q_avg": 24.48,
            "net_income": 51711,
            "net_income_4q": null,
            "revenue": 812701,
            "revenue_4q": null,
            "common_shares": 371491,
            "book_valuer_per_share": 40.34,
            "book_valuer_per_share_4q_avg": 34.83,
            "equity": 1498556,
            "current_ratio": 171.9,
            "debt_ratio": 49.57,
            "inventory_turnover_ratio": 2.33,
            "account_receivable_turnover_ratio": 0.85,
            "reinvestment_rate": 60.59,
            "research_to_sale_ratio": 2.88,
            "price_fair": 199.76,
            "eps_avg_yearly": 5.71,
            "eps_latest_yearly": 6.16,
            "eps_growth_yearly": 115.68
        },
        "20152": {
            "year_quarter": 20152,
            "year": 2015,
            "quarter": 2,
            "eps": 0.23,
            "eps_growth_year": -85.8,
            "eps_4q": 5.05,
            "eps_4q_growth_year": 0.71,
            "roe": 0.6,
            "roe_4q": 17.05,
            "gross_profit": 141207,
            "gross_margin": 26.09,
            "gross_margin_4q_avg": 25.34,
            "net_income": 8891,
            "net_income_4q": null,
            "revenue": 541137,
            "revenue_4q": null,
            "common_shares": 396940,
            "book_valuer_per_share": 37.47,
            "book_valuer_per_share_4q_avg": 36.7,
            "equity": 1487152,
            "current_ratio": 163.75,
            "debt_ratio": 46.02,
            "inventory_turnover_ratio": 1.47,
            "account_receivable_turnover_ratio": 0.67,
            "reinvestment_rate": 65.09,
            "research_to_sale_ratio": 3.99,
            "price_fair": 190.58,
            "eps_avg_yearly": 5.45,
            "eps_latest_yearly": 0.92,
            "eps_growth_yearly": 69.42
        },
        "20153": {
            "year_quarter": 20153,
            "year": 2015,
            "quarter": 3,
            "eps": 2.06,
            "eps_growth_year": 48.2,
            "eps_4q": 5.94,
            "eps_4q_growth_year": 31.04,
            "roe": 5.27,
            "roe_4q": 17.91,
            "gross_profit": 188292,
            "gross_margin": 25.7,
            "gross_margin_4q_avg": 25.92,
            "net_income": 81734,
            "net_income_4q": null,
            "revenue": 732736,
            "revenue_4q": null,
            "common_shares": 398281,
            "book_valuer_per_share": 40.6,
            "book_valuer_per_share_4q_avg": 38.72,
            "equity": 1616337,
            "current_ratio": 169.3,
            "debt_ratio": 43.54,
            "inventory_turnover_ratio": 1.89,
            "account_receivable_turnover_ratio": 1.03,
            "reinvestment_rate": 63.36,
            "research_to_sale_ratio": 3.83,
            "price_fair": 200.55,
            "eps_avg_yearly": 5.73,
            "eps_latest_yearly": 8.24,
            "eps_growth_yearly": 275.36
        },
        "20154": {
            "year_quarter": 20154,
            "year": 2015,
            "quarter": 4,
            "eps": 1.37,
            "eps_growth_year": -51.86,
            "eps_4q": 4.96,
            "eps_4q_growth_year": -25.55,
            "roe": 3.52,
            "roe_4q": 13.209999999999999,
            "gross_profit": 189084,
            "gross_margin": 22.49,
            "gross_margin_4q_avg": 24.88,
            "net_income": 59980,
            "net_income_4q": null,
            "revenue": 840790,
            "revenue_4q": null,
            "common_shares": 395411,
            "book_valuer_per_share": 41.22,
            "book_valuer_per_share_4q_avg": 39.91,
            "equity": 1788721,
            "current_ratio": 201.24,
            "debt_ratio": 44.24,
            "inventory_turnover_ratio": 2.28,
            "account_receivable_turnover_ratio": 1.01,
            "reinvestment_rate": 60.6,
            "research_to_sale_ratio": 3.62,
            "price_fair": 203,
            "eps_avg_yearly": 5.8,
            "eps_latest_yearly": 5.48,
            "eps_growth_yearly": 262.37
        },
        "20161": {
            "year_quarter": 20161,
            "year": 2016,
            "quarter": 1,
            "eps": -1.29,
            "eps_growth_year": -183.77,
            "eps_4q": 2.36,
            "eps_4q_growth_year": -64.09,
            "roe": -2.7,
            "roe_4q": 6.6899999999999995,
            "gross_profit": 143658,
            "gross_margin": 22.72,
            "gross_margin_4q_avg": 24.25,
            "net_income": -46221,
            "net_income_4q": null,
            "revenue": 632428,
            "revenue_4q": null,
            "common_shares": 395411,
            "book_valuer_per_share": 39.58,
            "book_valuer_per_share_4q_avg": 39.72,
            "equity": 1637565,
            "current_ratio": 199.57,
            "debt_ratio": 44.92,
            "inventory_turnover_ratio": 1.67,
            "account_receivable_turnover_ratio": 0.8,
            "reinvestment_rate": 63.19,
            "research_to_sale_ratio": 3.78,
            "price_fair": 202.53,
            "eps_avg_yearly": 5.79,
            "eps_latest_yearly": 5.48,
            "eps_growth_yearly": 269.83
        },
        "20162": {
            "year_quarter": 20162,
            "year": 2016,
            "quarter": 2,
            "eps": 1.13,
            "eps_growth_year": 391.3,
            "eps_4q": 3.27,
            "eps_4q_growth_year": -35.19,
            "roe": 3.57,
            "roe_4q": 9.66,
            "gross_profit": 198580,
            "gross_margin": 24.2,
            "gross_margin_4q_avg": 23.78,
            "net_income": 54993,
            "net_income_4q": null,
            "revenue": 820586,
            "revenue_4q": null,
            "common_shares": 395411,
            "book_valuer_per_share": 34.36,
            "book_valuer_per_share_4q_avg": 38.94,
            "equity": 1439640,
            "current_ratio": 142.68,
            "debt_ratio": 53.44,
            "inventory_turnover_ratio": 2.04,
            "account_receivable_turnover_ratio": 1.05,
            "reinvestment_rate": 87.68,
            "research_to_sale_ratio": 2.52,
            "price_fair": 182.1,
            "eps_avg_yearly": 5.2,
            "eps_latest_yearly": 5.48,
            "eps_growth_yearly": 251.2
        },
        "20163": {
            "year_quarter": 20163,
            "year": 2016,
            "quarter": 3,
            "eps": 1.53,
            "eps_growth_year": -25.73,
            "eps_4q": 2.73,
            "eps_4q_growth_year": -54.04,
            "roe": 4.75,
            "roe_4q": 9.14,
            "gross_profit": 202942,
            "gross_margin": 24.09,
            "gross_margin_4q_avg": 23.38,
            "net_income": 68959,
            "net_income_4q": null,
            "revenue": 842458,
            "revenue_4q": null,
            "common_shares": 395411,
            "book_valuer_per_share": 34.84,
            "book_valuer_per_share_4q_avg": 37.5,
            "equity": 1464886,
            "current_ratio": 159.81,
            "debt_ratio": 51.44,
            "inventory_turnover_ratio": 1.68,
            "account_receivable_turnover_ratio": 0.87,
            "reinvestment_rate": 47,
            "research_to_sale_ratio": 3.24,
            "price_fair": 178.9,
            "eps_avg_yearly": 5.11,
            "eps_latest_yearly": 6.12,
            "eps_growth_yearly": 274.74
        },
        "20164": {
            "year_quarter": 20164,
            "year": 2016,
            "quarter": 4,
            "eps": 0.35,
            "eps_growth_year": -74.58,
            "eps_4q": 1.71,
            "eps_4q_growth_year": -65.52,
            "roe": 1.49,
            "roe_4q": 7.11,
            "gross_profit": 203643,
            "gross_margin": 22.58,
            "gross_margin_4q_avg": 23.4,
            "net_income": 22282,
            "net_income_4q": null,
            "revenue": 901903,
            "revenue_4q": null,
            "common_shares": 395411,
            "book_valuer_per_share": 35.31,
            "book_valuer_per_share_4q_avg": 36.02,
            "equity": 1525949,
            "current_ratio": 154.3,
            "debt_ratio": 52.92,
            "inventory_turnover_ratio": 1.49,
            "account_receivable_turnover_ratio": 0.83,
            "reinvestment_rate": 49.84,
            "research_to_sale_ratio": 2.69,
            "price_fair": 178,
            "eps_avg_yearly": 5.09,
            "eps_latest_yearly": 1.4,
            "eps_growth_yearly": 274.48
        },
        "20171": {
            "year_quarter": 20171,
            "year": 2017,
            "quarter": 1,
            "eps": 0.68,
            "eps_growth_year": null,
            "eps_4q": 3.68,
            "eps_4q_growth_year": 55.78,
            "roe": 1.72,
            "roe_4q": 11.53,
            "gross_profit": 133946,
            "gross_margin": 17.31,
            "gross_margin_4q_avg": 22.05,
            "net_income": 25815,
            "net_income_4q": null,
            "revenue": 773797,
            "revenue_4q": null,
            "common_shares": 395411,
            "book_valuer_per_share": 34.08,
            "book_valuer_per_share_4q_avg": 34.65,
            "equity": 1471632,
            "current_ratio": 148.77,
            "debt_ratio": 53.61,
            "inventory_turnover_ratio": 1.26,
            "account_receivable_turnover_ratio": 0.74,
            "reinvestment_rate": 38.41,
            "research_to_sale_ratio": 3.63,
            "price_fair": 176.8,
            "eps_avg_yearly": 5.05,
            "eps_latest_yearly": 2.72,
            "eps_growth_yearly": 278.04
        },
        "20172": {
            "year_quarter": 20172,
            "year": 2017,
            "quarter": 2,
            "eps": 1.91,
            "eps_growth_year": 69.03,
            "eps_4q": 4.46,
            "eps_4q_growth_year": 36.3,
            "roe": 5.63,
            "roe_4q": 13.59,
            "gross_profit": 214400,
            "gross_margin": 21.9,
            "gross_margin_4q_avg": 21.47,
            "net_income": 81132,
            "net_income_4q": null,
            "revenue": 978944,
            "revenue_4q": null,
            "common_shares": 395411,
            "book_valuer_per_share": 32.33,
            "book_valuer_per_share_4q_avg": 34.14,
            "equity": 1409959,
            "current_ratio": 122.67,
            "debt_ratio": 58.83,
            "inventory_turnover_ratio": 1.42,
            "account_receivable_turnover_ratio": 0.99,
            "reinvestment_rate": 41.05,
            "research_to_sale_ratio": 3.12,
            "price_fair": 189.1,
            "eps_avg_yearly": 5.4,
            "eps_latest_yearly": 7.64,
            "eps_growth_yearly": 334.01
        },
        "20173": {
            "year_quarter": 20173,
            "year": 2017,
            "quarter": 3,
            "eps": 2.74,
            "eps_growth_year": 79.08,
            "eps_4q": 5.67,
            "eps_4q_growth_year": 107.73,
            "roe": 7.84,
            "roe_4q": 16.68,
            "gross_profit": 271970,
            "gross_margin": 21.55,
            "gross_margin_4q_avg": 20.84,
            "net_income": 115336,
            "net_income_4q": null,
            "revenue": 1261752,
            "revenue_4q": null,
            "common_shares": 395411,
            "book_valuer_per_share": 35.25,
            "book_valuer_per_share_4q_avg": 34.24,
            "equity": 1533969,
            "current_ratio": 119.78,
            "debt_ratio": 61.42,
            "inventory_turnover_ratio": 1.79,
            "account_receivable_turnover_ratio": 1.02,
            "reinvestment_rate": 40.26,
            "research_to_sale_ratio": 2.56,
            "price_fair": 198.4,
            "eps_avg_yearly": 5.67,
            "eps_latest_yearly": 10.96,
            "eps_growth_yearly": 298.94
        },
        "20174": {
            "year_quarter": 20174,
            "year": 2017,
            "quarter": 4,
            "eps": 2.22,
            "eps_growth_year": 540.17,
            "eps_4q": 7.55,
            "eps_4q_growth_year": 340.8,
            "roe": 5.85,
            "roe_4q": 21.04,
            "gross_profit": 249581,
            "gross_margin": 20.11,
            "gross_margin_4q_avg": 20.22,
            "net_income": 92233,
            "net_income_4q": null,
            "revenue": 1241056,
            "revenue_4q": null,
            "common_shares": 395411,
            "book_valuer_per_share": 37.3,
            "book_valuer_per_share_4q_avg": 34.74,
            "equity": 1619612,
            "current_ratio": 112.32,
            "debt_ratio": 65.66,
            "inventory_turnover_ratio": 1.69,
            "account_receivable_turnover_ratio": 0.76,
            "reinvestment_rate": 49.74,
            "research_to_sale_ratio": 2.71,
            "price_fair": 213.5,
            "eps_avg_yearly": 6.1,
            "eps_latest_yearly": 8.88,
            "eps_growth_yearly": 310.89
        },
        "20181": {
            "year_quarter": 20181,
            "year": 2018,
            "quarter": 1,
            "eps": 1.67,
            "eps_growth_year": 145.59,
            "eps_4q": 8.54,
            "eps_4q_growth_year": 131.87,
            "roe": 4.01,
            "roe_4q": 23.33,
            "gross_profit": 193998,
            "gross_margin": 18.51,
            "gross_margin_4q_avg": 20.52,
            "net_income": 66307,
            "net_income_4q": null,
            "revenue": 1048163,
            "revenue_4q": null,
            "common_shares": 395411,
            "book_valuer_per_share": 39.02,
            "book_valuer_per_share_4q_avg": 35.98,
            "equity": 1689679,
            "current_ratio": 111.15,
            "debt_ratio": 63.99,
            "inventory_turnover_ratio": 1.29,
            "account_receivable_turnover_ratio": 0.64,
            "reinvestment_rate": 57.05,
            "research_to_sale_ratio": 3.26,
            "price_fair": 221.5,
            "eps_avg_yearly": 6.33,
            "eps_latest_yearly": 6.68,
            "eps_growth_yearly": 297.37
        },
        "20182": {
            "year_quarter": 20182,
            "year": 2018,
            "quarter": 2,
            "eps": 0.01,
            "eps_growth_year": -99.48,
            "eps_4q": 6.64,
            "eps_4q_growth_year": 49.02,
            "roe": 0.36,
            "roe_4q": 18.06,
            "gross_profit": 239723,
            "gross_margin": 20.01,
            "gross_margin_4q_avg": 20.05,
            "net_income": 6005,
            "net_income_4q": null,
            "revenue": 1198197,
            "revenue_4q": null,
            "common_shares": 395411,
            "book_valuer_per_share": 37,
            "book_valuer_per_share_4q_avg": 37.14,
            "equity": 1614859,
            "current_ratio": 107.32,
            "debt_ratio": 66.02,
            "inventory_turnover_ratio": 1.2,
            "account_receivable_turnover_ratio": 0.82,
            "reinvestment_rate": 66.05,
            "research_to_sale_ratio": 3,
            "price_fair": 205.4,
            "eps_avg_yearly": 5.87,
            "eps_latest_yearly": 0.04,
            "eps_growth_yearly": 244.34
        },
        "20183": {
            "year_quarter": 20183,
            "year": 2018,
            "quarter": 3,
            "eps": 3.36,
            "eps_growth_year": 22.63,
            "eps_4q": 7.26,
            "eps_4q_growth_year": 27.99,
            "roe": 8.93,
            "roe_4q": 19.15,
            "gross_profit": 389850,
            "gross_margin": 22.02,
            "gross_margin_4q_avg": 20.16,
            "net_income": 150473,
            "net_income_4q": null,
            "revenue": 1770289,
            "revenue_4q": null,
            "common_shares": 395411,
            "book_valuer_per_share": 40.2,
            "book_valuer_per_share_4q_avg": 38.38,
            "equity": 1754813,
            "current_ratio": 129.34,
            "debt_ratio": 68.85,
            "inventory_turnover_ratio": 1.39,
            "account_receivable_turnover_ratio": 1,
            "reinvestment_rate": 71.03,
            "research_to_sale_ratio": 2.04,
            "price_fair": 225.1,
            "eps_avg_yearly": 6.43,
            "eps_latest_yearly": 13.44,
            "eps_growth_yearly": 9819.82
        },
        "20184": {
            "year_quarter": 20184,
            "year": 2018,
            "quarter": 4,
            "eps": 4.64,
            "eps_growth_year": 108.68,
            "eps_4q": 9.67,
            "eps_4q_growth_year": 28.19,
            "roe": 10.06,
            "roe_4q": 23.36,
            "gross_profit": 462499,
            "gross_margin": 22.82,
            "gross_margin_4q_avg": 20.84,
            "net_income": 182618,
            "net_income_4q": null,
            "revenue": 2026441,
            "revenue_4q": null,
            "common_shares": 395411,
            "book_valuer_per_share": 46.98,
            "book_valuer_per_share_4q_avg": 40.8,
            "equity": 1874104,
            "current_ratio": 139.23,
            "debt_ratio": 65.28,
            "inventory_turnover_ratio": 1.56,
            "account_receivable_turnover_ratio": 0.94,
            "reinvestment_rate": 67.27,
            "research_to_sale_ratio": 2.25,
            "price_fair": 243.1,
            "eps_avg_yearly": 6.95,
            "eps_latest_yearly": 18.56,
            "eps_growth_yearly": 9800.9
        },
        "20191": {
            "year_quarter": 20191,
            "year": 2019,
            "quarter": 1,
            "eps": 1.08,
            "eps_growth_year": -35.33,
            "eps_4q": 9.07,
            "eps_4q_growth_year": 6.27,
            "roe": 2.21,
            "roe_4q": 21.56,
            "gross_profit": 209565,
            "gross_margin": 19.55,
            "gross_margin_4q_avg": 21.1,
            "net_income": 42143,
            "net_income_4q": null,
            "revenue": 1071934,
            "revenue_4q": null,
            "common_shares": 395638,
            "book_valuer_per_share": 48.83,
            "book_valuer_per_share_4q_avg": 43.25,
            "equity": 1945225,
            "current_ratio": 140.32,
            "debt_ratio": 62.66,
            "inventory_turnover_ratio": 0.97,
            "account_receivable_turnover_ratio": 0.58,
            "reinvestment_rate": 82.68,
            "research_to_sale_ratio": 2.8,
            "price_fair": 238.5,
            "eps_avg_yearly": 6.81,
            "eps_latest_yearly": 4.32,
            "eps_growth_yearly": 9792.06
        },
        "20192": {
            "year_quarter": 20192,
            "year": 2019,
            "quarter": 2,
            "eps": 0.94,
            "eps_growth_year": 9300,
            "eps_4q": 8.34,
            "eps_4q_growth_year": 25.59,
            "roe": 1.92,
            "roe_4q": 23.12,
            "gross_profit": 210088,
            "gross_margin": 20.72,
            "gross_margin_4q_avg": 21.28,
            "net_income": 36785,
            "net_income_4q": null,
            "revenue": 1014069,
            "revenue_4q": null,
            "common_shares": 395638,
            "book_valuer_per_share": 47.24,
            "book_valuer_per_share_4q_avg": 45.81,
            "equity": 1882294,
            "current_ratio": 135.42,
            "debt_ratio": 64.79,
            "inventory_turnover_ratio": 0.93,
            "account_receivable_turnover_ratio": 0.76,
            "reinvestment_rate": 125.82,
            "research_to_sale_ratio": 3.08,
            "price_fair": 245.6,
            "eps_avg_yearly": 7.02,
            "eps_latest_yearly": 3.76,
            "eps_growth_yearly": 9812.66
        },
        "20193": {
            "year_quarter": 20193,
            "year": 2019,
            "quarter": 3,
            "eps": 1.29,
            "eps_growth_year": -61.61,
            "eps_4q": 6.83,
            "eps_4q_growth_year": -5.89,
            "roe": 3.36,
            "roe_4q": 17.55,
            "gross_profit": 255944,
            "gross_margin": 19.72,
            "gross_margin_4q_avg": 20.7,
            "net_income": 63326,
            "net_income_4q": null,
            "revenue": 1298028,
            "revenue_4q": null,
            "common_shares": 474720,
            "book_valuer_per_share": 39.35,
            "book_valuer_per_share_4q_avg": 45.6,
            "equity": 1884182,
            "current_ratio": 134.58,
            "debt_ratio": 66.08,
            "inventory_turnover_ratio": 1.25,
            "account_receivable_turnover_ratio": 0.94,
            "reinvestment_rate": 120.95,
            "research_to_sale_ratio": 2.35,
            "price_fair": 237.9,
            "eps_avg_yearly": 6.8,
            "eps_latest_yearly": 5.16,
            "eps_growth_yearly": 9595.97
        },
        "20194": {
            "year_quarter": 20194,
            "year": 2019,
            "quarter": 4,
            "eps": 2.5,
            "eps_growth_year": -46.15,
            "eps_4q": 5.47,
            "eps_4q_growth_year": -43.5,
            "roe": 6.23,
            "roe_4q": 13.719999999999999,
            "gross_profit": 355412,
            "gross_margin": 21.43,
            "gross_margin_4q_avg": 20.36,
            "net_income": 120085,
            "net_income_4q": null,
            "revenue": 1658626,
            "revenue_4q": null,
            "common_shares": 474720,
            "book_valuer_per_share": 41.15,
            "book_valuer_per_share_4q_avg": 44.14,
            "equity": 1970493,
            "current_ratio": 132.8,
            "debt_ratio": 68.35,
            "inventory_turnover_ratio": 1.67,
            "account_receivable_turnover_ratio": 0.91,
            "reinvestment_rate": 110.63,
            "research_to_sale_ratio": 1.88,
            "price_fair": 249.2,
            "eps_avg_yearly": 7.12,
            "eps_latest_yearly": 10,
            "eps_growth_yearly": 9632.34
        },
        "20201": {
            "year_quarter": 20201,
            "year": 2020,
            "quarter": 1,
            "eps": 0.83,
            "eps_growth_year": -23.15,
            "eps_4q": 5.41,
            "eps_4q_growth_year": -40.43,
            "roe": 2.03,
            "roe_4q": 13.54,
            "gross_profit": 220969,
            "gross_margin": 25.2,
            "gross_margin_4q_avg": 21.77,
            "net_income": 40191,
            "net_income_4q": null,
            "revenue": 876727,
            "revenue_4q": null,
            "common_shares": 474720,
            "book_valuer_per_share": 41.42,
            "book_valuer_per_share_4q_avg": 42.29,
            "equity": 1982766,
            "current_ratio": 144.19,
            "debt_ratio": 64.25,
            "inventory_turnover_ratio": 0.91,
            "account_receivable_turnover_ratio": 0.51,
            "reinvestment_rate": 99.84,
            "research_to_sale_ratio": 3.15,
            "price_fair": 240.33,
            "eps_avg_yearly": 6.87,
            "eps_latest_yearly": 3.32,
            "eps_growth_yearly": 8972.37
        },
        "20202": {
            "year_quarter": 20202,
            "year": 2020,
            "quarter": 2,
            "eps": 2.06,
            "eps_growth_year": 119.15,
            "eps_4q": 6.73,
            "eps_4q_growth_year": -19.31,
            "roe": 5.12,
            "roe_4q": 16.740000000000002,
            "gross_profit": 257295,
            "gross_margin": 22.08,
            "gross_margin_4q_avg": 22.11,
            "net_income": 99192,
            "net_income_4q": null,
            "revenue": 1165191,
            "revenue_4q": null,
            "common_shares": 469670,
            "book_valuer_per_share": 39.86,
            "book_valuer_per_share_4q_avg": 40.45,
            "equity": 1891550,
            "current_ratio": 111.71,
            "debt_ratio": 65.76,
            "inventory_turnover_ratio": 1.49,
            "account_receivable_turnover_ratio": 0.87,
            "reinvestment_rate": 79.59,
            "research_to_sale_ratio": 2.79,
            "price_fair": 243.34,
            "eps_avg_yearly": 6.95,
            "eps_latest_yearly": 8.24,
            "eps_growth_yearly": 8448.64
        },
        "20203": {
            "year_quarter": 20203,
            "year": 2020,
            "quarter": 3,
            "eps": 2.88,
            "eps_growth_year": 123.26,
            "eps_4q": 8.31,
            "eps_4q_growth_year": 21.61,
            "roe": 6.79,
            "roe_4q": 20.17,
            "gross_profit": 388647,
            "gross_margin": 24.69,
            "gross_margin_4q_avg": 23.35,
            "net_income": 134880,
            "net_income_4q": null,
            "revenue": 1574053,
            "revenue_4q": null,
            "common_shares": 469670,
            "book_valuer_per_share": 43.89,
            "book_valuer_per_share_4q_avg": 41.58,
            "equity": 2081331,
            "current_ratio": 160.97,
            "debt_ratio": 66.53,
            "inventory_turnover_ratio": 2.14,
            "account_receivable_turnover_ratio": 0.99,
            "reinvestment_rate": 50.33,
            "research_to_sale_ratio": 2.26,
            "price_fair": 255.15,
            "eps_avg_yearly": 7.29,
            "eps_latest_yearly": 11.52,
            "eps_growth_yearly": 8449.75
        },
        "20204": {
            "year_quarter": 20204,
            "year": 2020,
            "quarter": 4,
            "eps": 3.64,
            "eps_growth_year": 45.98,
            "eps_4q": 9.02,
            "eps_4q_growth_year": 64.99,
            "roe": 7.73,
            "roe_4q": 21.67,
            "gross_profit": 413436,
            "gross_margin": 22.28,
            "gross_margin_4q_avg": 23.56,
            "net_income": 180660,
            "net_income_4q": null,
            "revenue": 1855279,
            "revenue_4q": null,
            "common_shares": 505535,
            "book_valuer_per_share": 50.96,
            "book_valuer_per_share_4q_avg": 44.03,
            "equity": 2592602,
            "current_ratio": 153.23,
            "debt_ratio": 59.44,
            "inventory_turnover_ratio": 2.39,
            "account_receivable_turnover_ratio": 0.92,
            "reinvestment_rate": 42.56,
            "research_to_sale_ratio": 1.87,
            "price_fair": 283.94,
            "eps_avg_yearly": 8.11,
            "eps_latest_yearly": 14.56,
            "eps_growth_yearly": 8475.62
        },
        "20211": {
            "year_quarter": 20211,
            "year": 2021,
            "quarter": 1,
            "eps": 3.01,
            "eps_growth_year": 262.65,
            "eps_4q": 10.58,
            "eps_4q_growth_year": 95.76,
            "roe": 5.68,
            "roe_4q": 25.32,
            "gross_profit": 383524,
            "gross_margin": 22.7,
            "gross_margin_4q_avg": 22.94,
            "net_income": 160759,
            "net_income_4q": null,
            "revenue": 1689781,
            "revenue_4q": null,
            "common_shares": 543090,
            "book_valuer_per_share": 56.17,
            "book_valuer_per_share_4q_avg": 47.72,
            "equity": 3069277,
            "current_ratio": 156.42,
            "debt_ratio": 54.35,
            "inventory_turnover_ratio": 1.93,
            "account_receivable_turnover_ratio": 0.77,
            "reinvestment_rate": 36.12,
            "research_to_sale_ratio": 2.14,
            "price_fair": 304.33,
            "eps_avg_yearly": 8.7,
            "eps_latest_yearly": 12.04,
            "eps_growth_yearly": 8447.73
        },
        "20212": {
            "year_quarter": 20212,
            "year": 2021,
            "quarter": 2,
            "eps": 2.04,
            "eps_growth_year": -0.97,
            "eps_4q": 10.82,
            "eps_4q_growth_year": 60.81,
            "roe": 3.67,
            "roe_4q": 23.869999999999997,
            "gross_profit": 345334,
            "gross_margin": 19.42,
            "gross_margin_4q_avg": 22.27,
            "net_income": 113421,
            "net_income_4q": null,
            "revenue": 1778493,
            "revenue_4q": null,
            "common_shares": 543770,
            "book_valuer_per_share": 56.78,
            "book_valuer_per_share_4q_avg": 51.95,
            "equity": 3108870,
            "current_ratio": 156.83,
            "debt_ratio": 54.89,
            "inventory_turnover_ratio": 1.97,
            "account_receivable_turnover_ratio": 0.8,
            "reinvestment_rate": 29.18,
            "research_to_sale_ratio": 2.19,
            "price_fair": 305.46,
            "eps_avg_yearly": 8.73,
            "eps_latest_yearly": 8.16,
            "eps_growth_yearly": 8394.45
        },
        "20213": {
            "year_quarter": 20213,
            "year": 2021,
            "quarter": 3,
            "eps": 2.18,
            "eps_growth_year": -24.31,
            "eps_4q": 9.43,
            "eps_4q_growth_year": 13.58,
            "roe": 4.43,
            "roe_4q": 21.509999999999998,
            "gross_profit": 347441,
            "gross_margin": 24.45,
            "gross_margin_4q_avg": 22.21,
            "net_income": 135532,
            "net_income_4q": null,
            "revenue": 1420956,
            "revenue_4q": null,
            "common_shares": 543770,
            "book_valuer_per_share": 54.99,
            "book_valuer_per_share_4q_avg": 54.73,
            "equity": 3010229,
            "current_ratio": 155.6,
            "debt_ratio": 54.28,
            "inventory_turnover_ratio": 1.26,
            "account_receivable_turnover_ratio": 0.66,
            "reinvestment_rate": 29.65,
            "research_to_sale_ratio": 2.9,
            "price_fair": 300.56,
            "eps_avg_yearly": 8.59,
            "eps_latest_yearly": 8.72,
            "eps_growth_yearly": 8385.3
        },
        "20214": {
            "year_quarter": 20214,
            "year": 2021,
            "quarter": 4,
            "eps": 0.96,
            "eps_growth_year": -73.6,
            "eps_4q": 7.45,
            "eps_4q_growth_year": -17.39,
            "roe": 1.88,
            "roe_4q": 15.66,
            "gross_profit": 255045,
            "gross_margin": 17.23,
            "gross_margin_4q_avg": 20.95,
            "net_income": 57460,
            "net_income_4q": null,
            "revenue": 1479888,
            "revenue_4q": null,
            "common_shares": 625208,
            "book_valuer_per_share": 49.23,
            "book_valuer_per_share_4q_avg": 54.29,
            "equity": 3096066,
            "current_ratio": 213.15,
            "debt_ratio": 61.76,
            "inventory_turnover_ratio": 1.32,
            "account_receivable_turnover_ratio": 0.75,
            "reinvestment_rate": 19.94,
            "research_to_sale_ratio": 3.16,
            "price_fair": 289.54,
            "eps_avg_yearly": 8.27,
            "eps_latest_yearly": 3.84,
            "eps_growth_yearly": 8376.05
        },
        "20221": {
            "year_quarter": 20221,
            "year": 2022,
            "quarter": 1,
            "eps": 1.9,
            "eps_growth_year": -36.88,
            "eps_4q": 6.81,
            "eps_4q_growth_year": -35.6,
            "roe": 3.68,
            "roe_4q": 13.66,
            "gross_profit": 312480,
            "gross_margin": 19.82,
            "gross_margin_4q_avg": 20.23,
            "net_income": 117043,
            "net_income_4q": null,
            "revenue": 1576826,
            "revenue_4q": null,
            "common_shares": 625208,
            "book_valuer_per_share": 51.48,
            "book_valuer_per_share_4q_avg": 53.12,
            "equity": 3266136,
            "current_ratio": 196.38,
            "debt_ratio": 58.46,
            "inventory_turnover_ratio": 1.46,
            "account_receivable_turnover_ratio": 0.77,
            "reinvestment_rate": 13.92,
            "research_to_sale_ratio": 3.01,
            "price_fair": 291.55,
            "eps_avg_yearly": 8.33,
            "eps_latest_yearly": 7.6,
            "eps_growth_yearly": 8406.73
        },
        "20222": {
            "year_quarter": 20222,
            "year": 2022,
            "quarter": 2,
            "eps": 1.88,
            "eps_growth_year": -7.84,
            "eps_4q": 6.93,
            "eps_4q_growth_year": -35.98,
            "roe": 3.86,
            "roe_4q": 13.85,
            "gross_profit": 331002,
            "gross_margin": 17.26,
            "gross_margin_4q_avg": 19.69,
            "net_income": 125759,
            "net_income_4q": null,
            "revenue": 1917582,
            "revenue_4q": null,
            "common_shares": 625208,
            "book_valuer_per_share": 51.3,
            "book_valuer_per_share_4q_avg": 51.75,
            "equity": 3256629,
            "current_ratio": 180.07,
            "debt_ratio": 61.23,
            "inventory_turnover_ratio": 1.8,
            "account_receivable_turnover_ratio": 0.81,
            "reinvestment_rate": 12.43,
            "research_to_sale_ratio": 2.33,
            "price_fair": 307.91,
            "eps_avg_yearly": 8.8,
            "eps_latest_yearly": 7.52,
            "eps_growth_yearly": 8431.31
        },
        "20223": {
            "year_quarter": 20223,
            "year": 2022,
            "quarter": 3,
            "eps": 1.97,
            "eps_growth_year": -9.63,
            "eps_4q": 6.73,
            "eps_4q_growth_year": -28.63,
            "roe": 4.52,
            "roe_4q": 13.939999999999998,
            "gross_profit": 348277,
            "gross_margin": 26.35,
            "gross_margin_4q_avg": 20.17,
            "net_income": 150863,
            "net_income_4q": null,
            "revenue": 1321781,
            "revenue_4q": null,
            "common_shares": 621928,
            "book_valuer_per_share": 53.56,
            "book_valuer_per_share_4q_avg": 51.39,
            "equity": 3415341,
            "current_ratio": 190.6,
            "debt_ratio": 59.48,
            "inventory_turnover_ratio": 1.02,
            "account_receivable_turnover_ratio": 0.53,
            "reinvestment_rate": 10.1,
            "research_to_sale_ratio": 4.34,
            "price_fair": 295.75,
            "eps_avg_yearly": 8.45,
            "eps_latest_yearly": 7.88,
            "eps_growth_yearly": 57.51
        },
        "20224": {
            "year_quarter": 20224,
            "year": 2022,
            "quarter": 4,
            "eps": 0.52,
            "eps_growth_year": -46.28,
            "eps_4q": 6.28,
            "eps_4q_growth_year": -15.65,
            "roe": 1.22,
            "roe_4q": 13.28,
            "gross_profit": 284346,
            "gross_margin": 24.33,
            "gross_margin_4q_avg": 21.94,
            "net_income": 41489,
            "net_income_4q": null,
            "revenue": 1168739,
            "revenue_4q": null,
            "common_shares": 621928,
            "book_valuer_per_share": 52.84,
            "book_valuer_per_share_4q_avg": 52.3,
            "equity": 3378995,
            "current_ratio": 124.74,
            "debt_ratio": 56.84,
            "inventory_turnover_ratio": 0.92,
            "account_receivable_turnover_ratio": 0.54,
            "reinvestment_rate": 11.46,
            "research_to_sale_ratio": 4.67,
            "price_fair": 259.7,
            "eps_avg_yearly": 7.42,
            "eps_latest_yearly": 2.08,
            "eps_growth_yearly": 29.59
        },
        "20231": {
            "year_quarter": 20231,
            "year": 2023,
            "quarter": 1,
            "eps": 0.02,
            "eps_growth_year": -98.95,
            "eps_4q": 4.39,
            "eps_4q_growth_year": -35.51,
            "roe": -0.01,
            "roe_4q": 9.59,
            "gross_profit": 229225,
            "gross_margin": 24.65,
            "gross_margin_4q_avg": 23.15,
            "net_income": -280,
            "net_income_4q": null,
            "revenue": 930038,
            "revenue_4q": null,
            "common_shares": 621928,
            "book_valuer_per_share": 52.64,
            "book_valuer_per_share_4q_avg": 52.59,
            "equity": 3365370,
            "current_ratio": 125.37,
            "debt_ratio": 55.31,
            "inventory_turnover_ratio": 0.78,
            "account_receivable_turnover_ratio": 0.6,
            "reinvestment_rate": 2.96,
            "research_to_sale_ratio": 5.26,
            "price_fair": 248.49,
            "eps_avg_yearly": 7.16,
            "eps_latest_yearly": 0.08,
            "eps_growth_yearly": 24.73
        },
        "20232": {
            "year_quarter": 20232,
            "year": 2023,
            "quarter": 2,
            "eps": 0.16,
            "eps_growth_year": -91.49,
            "eps_4q": 2.67,
            "eps_4q_growth_year": -61.52,
            "roe": 0.52,
            "roe_4q": 6.25,
            "gross_profit": 233641,
            "gross_margin": 22.29,
            "gross_margin_4q_avg": 24.41,
            "net_income": 17172,
            "net_income_4q": null,
            "revenue": 1048201,
            "revenue_4q": null,
            "common_shares": 621928,
            "book_valuer_per_share": 51.55,
            "book_valuer_per_share_4q_avg": 52.65,
            "equity": 3302962,
            "current_ratio": 122.08,
            "debt_ratio": 56.69,
            "inventory_turnover_ratio": 0.96,
            "account_receivable_turnover_ratio": 0.85,
            "reinvestment_rate": -25.82,
            "research_to_sale_ratio": 4.87,
            "price_fair": 243.6,
            "eps_avg_yearly": 6.96,
            "eps_latest_yearly": 0.64,
            "eps_growth_yearly": 202.97
        },
        "20233": {
            "year_quarter": 20233,
            "year": 2023,
            "quarter": 3,
            "eps": 2.07,
            "eps_growth_year": 5.08,
            "eps_4q": 2.77,
            "eps_4q_growth_year": -58.92,
            "roe": 4.05,
            "roe_4q": 5.78,
            "gross_profit": 372004,
            "gross_margin": 25.1,
            "gross_margin_4q_avg": 24.09,
            "net_income": 139515,
            "net_income_4q": null,
            "revenue": 1482351,
            "revenue_4q": null,
            "common_shares": 621928,
            "book_valuer_per_share": 55.79,
            "book_valuer_per_share_4q_avg": 53.21,
            "equity": 3578670,
            "current_ratio": 127.51,
            "debt_ratio": 54.26,
            "inventory_turnover_ratio": 1.42,
            "account_receivable_turnover_ratio": 0.99,
            "reinvestment_rate": -16.53,
            "research_to_sale_ratio": 3.74,
            "price_fair": 250.43,
            "eps_avg_yearly": 7.16,
            "eps_latest_yearly": 8.28,
            "eps_growth_yearly": 492.1
        },
        "20234": {
            "year_quarter": 20234,
            "year": 2023,
            "quarter": 4,
            "eps": 1.93,
            "eps_growth_year": 274.07,
            "eps_4q": 4.18,
            "eps_4q_growth_year": -33.44,
            "roe": 3.33,
            "roe_4q": 7.890000000000001,
            "gross_profit": 380622,
            "gross_margin": 31.62,
            "gross_margin_4q_avg": 25.92,
            "net_income": 118092,
            "net_income_4q": null,
            "revenue": 1203634,
            "revenue_4q": null,
            "common_shares": 621928,
            "book_valuer_per_share": 54.91,
            "book_valuer_per_share_4q_avg": 53.72,
            "equity": 3516794,
            "current_ratio": 172.02,
            "debt_ratio": 51.62,
            "inventory_turnover_ratio": 1.05,
            "account_receivable_turnover_ratio": 0.75,
            "reinvestment_rate": -16.14,
            "research_to_sale_ratio": 4.59,
            "price_fair": 245.44,
            "eps_avg_yearly": 7.01,
            "eps_latest_yearly": 7.72,
            "eps_growth_yearly": 466.96
        }
    },
    "months": {
        "2009-12": {
            "month": "2009-12",
            "price": "46.77",
            "revenue": 0
        },
        "2011-04": {
            "month": "2011-04",
            "price": "37.00",
            "revenue": 84628
        },
        "2011-05": {
            "month": "2011-05",
            "price": "34.26",
            "revenue": 97201
        },
        "2011-06": {
            "month": "2011-06",
            "price": "32.85",
            "revenue": 96211
        },
        "2011-07": {
            "month": "2011-07",
            "price": "30.10",
            "revenue": 92842
        },
        "2011-08": {
            "month": "2011-08",
            "price": "27.73",
            "revenue": 98593
        },
        "2011-09": {
            "month": "2011-09",
            "price": "26.28",
            "revenue": 120671
        },
        "2011-10": {
            "month": "2011-10",
            "price": "27.24",
            "revenue": 93648
        },
        "2011-11": {
            "month": "2011-11",
            "price": "25.82",
            "revenue": 114348
        },
        "2011-12": {
            "month": "2011-12",
            "price": "24.51",
            "revenue": 127556
        },
        "2012-01": {
            "month": "2012-01",
            "price": "26.31",
            "revenue": 93915
        },
        "2012-02": {
            "month": "2012-02",
            "price": "54.26",
            "revenue": 130141
        },
        "2012-03": {
            "month": "2012-03",
            "price": "70.80",
            "revenue": 172196
        },
        "2012-04": {
            "month": "2012-04",
            "price": "65.28",
            "revenue": 202581
        },
        "2012-05": {
            "month": "2012-05",
            "price": "73.34",
            "revenue": 193996
        },
        "2012-06": {
            "month": "2012-06",
            "price": "67.97",
            "revenue": 161704
        },
        "2012-07": {
            "month": "2012-07",
            "price": "53.40",
            "revenue": 181283
        },
        "2012-08": {
            "month": "2012-08",
            "price": "56.92",
            "revenue": 168331
        },
        "2012-09": {
            "month": "2012-09",
            "price": "63.24",
            "revenue": 170463
        },
        "2012-10": {
            "month": "2012-10",
            "price": "62.12",
            "revenue": 155935
        },
        "2012-11": {
            "month": "2012-11",
            "price": "57.37",
            "revenue": 150192
        },
        "2012-12": {
            "month": "2012-12",
            "price": "58.30",
            "revenue": 148267
        },
        "2013-01": {
            "month": "2013-01",
            "price": "65.24",
            "revenue": 175842
        },
        "2013-02": {
            "month": "2013-02",
            "price": "68.60",
            "revenue": 104188
        },
        "2013-03": {
            "month": "2013-03",
            "price": "68.01",
            "revenue": 142375
        },
        "2013-04": {
            "month": "2013-04",
            "price": "60.93",
            "revenue": 137161
        },
        "2013-05": {
            "month": "2013-05",
            "price": "55.50",
            "revenue": 153607
        },
        "2013-06": {
            "month": "2013-06",
            "price": "53.69",
            "revenue": 165863
        },
        "2013-07": {
            "month": "2013-07",
            "price": "47.93",
            "revenue": 205048
        },
        "2013-08": {
            "month": "2013-08",
            "price": "49.51",
            "revenue": 211305
        },
        "2013-09": {
            "month": "2013-09",
            "price": "50.75",
            "revenue": 222200
        },
        "2013-10": {
            "month": "2013-10",
            "price": "55.47",
            "revenue": 156212
        },
        "2013-11": {
            "month": "2013-11",
            "price": "51.99",
            "revenue": 202926
        },
        "2013-12": {
            "month": "2013-12",
            "price": "49.34",
            "revenue": 229688
        },
        "2014-01": {
            "month": "2014-01",
            "price": "52.02",
            "revenue": 245668
        },
        "2014-02": {
            "month": "2014-02",
            "price": "55.05",
            "revenue": 141895
        },
        "2014-03": {
            "month": "2014-03",
            "price": "56.18",
            "revenue": 222647
        },
        "2014-04": {
            "month": "2014-04",
            "price": "57.46",
            "revenue": 233518
        },
        "2014-05": {
            "month": "2014-05",
            "price": "52.23",
            "revenue": 232241
        },
        "2014-06": {
            "month": "2014-06",
            "price": "53.14",
            "revenue": 227426
        },
        "2014-07": {
            "month": "2014-07",
            "price": "55.55",
            "revenue": 257761
        },
        "2014-08": {
            "month": "2014-08",
            "price": "59.40",
            "revenue": 316240
        },
        "2014-09": {
            "month": "2014-09",
            "price": "68.49",
            "revenue": 304470
        },
        "2014-10": {
            "month": "2014-10",
            "price": "64.19",
            "revenue": 287937
        },
        "2014-11": {
            "month": "2014-11",
            "price": "64.79",
            "revenue": 276659
        },
        "2014-12": {
            "month": "2014-12",
            "price": "64.23",
            "revenue": 316017
        },
        "2015-01": {
            "month": "2015-01",
            "price": "67.42",
            "revenue": 336517
        },
        "2015-02": {
            "month": "2015-02",
            "price": "69.62",
            "revenue": 205145
        },
        "2015-03": {
            "month": "2015-03",
            "price": "77.75",
            "revenue": 273416
        },
        "2015-04": {
            "month": "2015-04",
            "price": "95.10",
            "revenue": 193898
        },
        "2015-05": {
            "month": "2015-05",
            "price": "85.19",
            "revenue": 184539
        },
        "2015-06": {
            "month": "2015-06",
            "price": "83.64",
            "revenue": 163549
        },
        "2015-07": {
            "month": "2015-07",
            "price": "79.54",
            "revenue": 226708
        },
        "2015-08": {
            "month": "2015-08",
            "price": "62.07",
            "revenue": 234255
        },
        "2015-09": {
            "month": "2015-09",
            "price": "80.62",
            "revenue": 273983
        },
        "2015-10": {
            "month": "2015-10",
            "price": "82.50",
            "revenue": 270873
        },
        "2015-11": {
            "month": "2015-11",
            "price": "81.86",
            "revenue": 317473
        },
        "2015-12": {
            "month": "2015-12",
            "price": "83.96",
            "revenue": 247008
        },
        "2016-01": {
            "month": "2016-01",
            "price": "83.34",
            "revenue": 262588
        },
        "2016-02": {
            "month": "2016-02",
            "price": "86.58",
            "revenue": 165458
        },
        "2016-03": {
            "month": "2016-03",
            "price": "89.53",
            "revenue": 204382
        },
        "2016-04": {
            "month": "2016-04",
            "price": "87.47",
            "revenue": 232423
        },
        "2016-05": {
            "month": "2016-05",
            "price": "81.46",
            "revenue": 315908
        },
        "2016-06": {
            "month": "2016-06",
            "price": "84.37",
            "revenue": 271538
        },
        "2016-07": {
            "month": "2016-07",
            "price": "83.00",
            "revenue": 314629
        },
        "2016-08": {
            "month": "2016-08",
            "price": "76.19",
            "revenue": 286547
        },
        "2016-09": {
            "month": "2016-09",
            "price": "77.70",
            "revenue": 276811
        },
        "2016-10": {
            "month": "2016-10",
            "price": "76.48",
            "revenue": 258900
        },
        "2016-11": {
            "month": "2016-11",
            "price": "76.28",
            "revenue": 281889
        },
        "2016-12": {
            "month": "2016-12",
            "price": "77.87",
            "revenue": 351095
        },
        "2017-01": {
            "month": "2017-01",
            "price": "80.60",
            "revenue": 185196
        },
        "2017-02": {
            "month": "2017-02",
            "price": "125.31",
            "revenue": 280948
        },
        "2017-03": {
            "month": "2017-03",
            "price": "112.15",
            "revenue": 268707
        },
        "2017-04": {
            "month": "2017-04",
            "price": "121.08",
            "revenue": 336580
        },
        "2017-05": {
            "month": "2017-05",
            "price": "142.68",
            "revenue": 282615
        },
        "2017-06": {
            "month": "2017-06",
            "price": "171.30",
            "revenue": 380188
        },
        "2017-07": {
            "month": "2017-07",
            "price": "195.14",
            "revenue": 320987
        },
        "2017-08": {
            "month": "2017-08",
            "price": "209.76",
            "revenue": 436073
        },
        "2017-09": {
            "month": "2017-09",
            "price": "243.25",
            "revenue": 514868
        },
        "2017-10": {
            "month": "2017-10",
            "price": "228.08",
            "revenue": 410919
        },
        "2017-11": {
            "month": "2017-11",
            "price": "199.84",
            "revenue": 413312
        },
        "2017-12": {
            "month": "2017-12",
            "price": "136.98",
            "revenue": 405647
        },
        "2018-01": {
            "month": "2018-01",
            "price": "139.18",
            "revenue": 425795
        },
        "2018-02": {
            "month": "2018-02",
            "price": "126.35",
            "revenue": 272101
        },
        "2018-03": {
            "month": "2018-03",
            "price": "168.63",
            "revenue": 346669
        },
        "2018-04": {
            "month": "2018-04",
            "price": "164.94",
            "revenue": 352822
        },
        "2018-05": {
            "month": "2018-05",
            "price": "173.25",
            "revenue": 398820
        },
        "2018-06": {
            "month": "2018-06",
            "price": "190.45",
            "revenue": 437002
        },
        "2018-07": {
            "month": "2018-07",
            "price": "207.25",
            "revenue": 477186
        },
        "2018-08": {
            "month": "2018-08",
            "price": "220.17",
            "revenue": 647318
        },
        "2018-09": {
            "month": "2018-09",
            "price": "186.03",
            "revenue": 714491
        },
        "2018-10": {
            "month": "2018-10",
            "price": "171.98",
            "revenue": 720433
        },
        "2018-11": {
            "month": "2018-11",
            "price": "154.25",
            "revenue": 745765
        },
        "2018-12": {
            "month": "2018-12",
            "price": "157.98",
            "revenue": 575646
        },
        "2019-01": {
            "month": "2019-01",
            "price": "147.69",
            "revenue": 415168
        },
        "2019-02": {
            "month": "2019-02",
            "price": "152.50",
            "revenue": 206574
        },
        "2019-03": {
            "month": "2019-03",
            "price": "144.25",
            "revenue": 447003
        },
        "2019-04": {
            "month": "2019-04",
            "price": "155.70",
            "revenue": 334128
        },
        "2019-05": {
            "month": "2019-05",
            "price": "128.82",
            "revenue": 325105
        },
        "2019-06": {
            "month": "2019-06",
            "price": "131.03",
            "revenue": 352246
        },
        "2019-07": {
            "month": "2019-07",
            "price": "138.96",
            "revenue": 344689
        },
        "2019-08": {
            "month": "2019-08",
            "price": "128.76",
            "revenue": 456763
        },
        "2019-09": {
            "month": "2019-09",
            "price": "118.95",
            "revenue": 504272
        },
        "2019-10": {
            "month": "2019-10",
            "price": "117.67",
            "revenue": 505843
        },
        "2019-11": {
            "month": "2019-11",
            "price": "116.40",
            "revenue": 554976
        },
        "2019-12": {
            "month": "2019-12",
            "price": "109.80",
            "revenue": 546704
        },
        "2020-01": {
            "month": "2020-01",
            "price": "106.30",
            "revenue": 354065
        },
        "2020-02": {
            "month": "2020-02",
            "price": "98.84",
            "revenue": 159903
        },
        "2020-03": {
            "month": "2020-03",
            "price": "74.66",
            "revenue": 348203
        },
        "2020-04": {
            "month": "2020-04",
            "price": "75.73",
            "revenue": 436415
        },
        "2020-05": {
            "month": "2020-05",
            "price": "81.17",
            "revenue": 325507
        },
        "2020-06": {
            "month": "2020-06",
            "price": "87.49",
            "revenue": 381138
        },
        "2020-07": {
            "month": "2020-07",
            "price": "92.39",
            "revenue": 500548
        },
        "2020-08": {
            "month": "2020-08",
            "price": "135.88",
            "revenue": 551261
        },
        "2020-09": {
            "month": "2020-09",
            "price": "127.48",
            "revenue": 580771
        },
        "2020-10": {
            "month": "2020-10",
            "price": "122.37",
            "revenue": 525931
        },
        "2020-11": {
            "month": "2020-11",
            "price": "119.21",
            "revenue": 608132
        },
        "2020-12": {
            "month": "2020-12",
            "price": "112.07",
            "revenue": 672738
        },
        "2021-01": {
            "month": "2021-01",
            "price": "129.58",
            "revenue": 609547
        },
        "2021-02": {
            "month": "2021-02",
            "price": "146.04",
            "revenue": 412808
        },
        "2021-03": {
            "month": "2021-03",
            "price": "171.09",
            "revenue": 681351
        },
        "2021-04": {
            "month": "2021-04",
            "price": "196.16",
            "revenue": 700460
        },
        "2021-05": {
            "month": "2021-05",
            "price": "177.95",
            "revenue": 445076
        },
        "2021-06": {
            "month": "2021-06",
            "price": "175.60",
            "revenue": 600963
        },
        "2021-07": {
            "month": "2021-07",
            "price": "183.73",
            "revenue": 522022
        },
        "2021-08": {
            "month": "2021-08",
            "price": "173.61",
            "revenue": 500621
        },
        "2021-09": {
            "month": "2021-09",
            "price": "163.62",
            "revenue": 404357
        },
        "2021-10": {
            "month": "2021-10",
            "price": "153.18",
            "revenue": 514351
        },
        "2021-11": {
            "month": "2021-11",
            "price": "162.14",
            "revenue": 440290
        },
        "2021-12": {
            "month": "2021-12",
            "price": "160.73",
            "revenue": 536780
        },
        "2022-01": {
            "month": "2022-01",
            "price": "155.53",
            "revenue": 519694
        },
        "2022-02": {
            "month": "2022-02",
            "price": "163.90",
            "revenue": 410452
        },
        "2022-03": {
            "month": "2022-03",
            "price": "164.13",
            "revenue": 650942
        },
        "2022-04": {
            "month": "2022-04",
            "price": "146.84",
            "revenue": 474386
        },
        "2022-05": {
            "month": "2022-05",
            "price": "102.25",
            "revenue": 710176
        },
        "2022-06": {
            "month": "2022-06",
            "price": "111.88",
            "revenue": 721951
        },
        "2022-07": {
            "month": "2022-07",
            "price": "103.93",
            "revenue": 506883
        },
        "2022-08": {
            "month": "2022-08",
            "price": "105.39",
            "revenue": 404243
        },
        "2022-09": {
            "month": "2022-09",
            "price": "89.16",
            "revenue": 430023
        },
        "2022-10": {
            "month": "2022-10",
            "price": "72.48",
            "revenue": 444502
        },
        "2022-11": {
            "month": "2022-11",
            "price": "78.26",
            "revenue": 413093
        },
        "2022-12": {
            "month": "2022-12",
            "price": "81.36",
            "revenue": 306000
        },
        "2023-01": {
            "month": "2023-01",
            "price": "77.32",
            "revenue": 279574
        },
        "2023-02": {
            "month": "2023-02",
            "price": "79.03",
            "revenue": 254864
        },
        "2023-03": {
            "month": "2023-03",
            "price": "76.52",
            "revenue": 394139
        },
        "2023-04": {
            "month": "2023-04",
            "price": "74.42",
            "revenue": 341560
        },
        "2023-05": {
            "month": "2023-05",
            "price": "70.03",
            "revenue": 341031
        },
        "2023-06": {
            "month": "2023-06",
            "price": "71.70",
            "revenue": 368545
        },
        "2023-07": {
            "month": "2023-07",
            "price": "84.14",
            "revenue": 370060
        },
        "2023-08": {
            "month": "2023-08",
            "price": "84.97",
            "revenue": 577326
        },
        "2023-09": {
            "month": "2023-09",
            "price": "88.66",
            "revenue": 531203
        },
        "2023-10": {
            "month": "2023-10",
            "price": "81.04",
            "revenue": 404568
        },
        "2023-11": {
            "month": "2023-11",
            "price": "80.60",
            "revenue": 429461
        },
        "2023-12": {
            "month": "2023-12",
            "price": "83.71",
            "revenue": 367813
        }
    }
}
