{
    "summary": {
        "stock_name": "致伸",
        "stock_id": "4915",
        "category": "電子零組件",
        "main_business": "電子零組件之設計開發、製造與銷售<br>非電腦週邊產品之設計開發、製造與銷售",
        "website_url": "http://www.primax.com.tw",
        "ceo": "杜家濱",
        "pe_ratio": 14,
        "report_year_from": 2009,
        "report_year_to": 2023,
        "age": 15,
        "eps_negative_percentage": 0,
        "eps_growth_avg": {
            "last_all": 16.8,
            "last_2y": 9.39,
            "last_4y": 6.86,
            "last_8y": 5.64,
            "last_12y": null,
            "last_16y": null,
            "last_20y": null,
            "at_2006_last_3y": null,
            "at_2007_last_3y": null,
            "at_2008_last_3y": null,
            "at_2009_last_3y": null,
            "at_2010_last_3y": null,
            "at_2011_last_3y": null,
            "at_2012_last_3y": null,
            "at_2013_last_3y": null,
            "at_2014_last_3y": null,
            "at_2015_last_3y": 41.14,
            "at_2016_last_3y": 18.31,
            "at_2017_last_3y": 32.02,
            "at_2018_last_3y": 4.12,
            "at_2019_last_3y": 4.81,
            "at_2020_last_3y": 0.04,
            "at_2021_last_3y": 3.46,
            "at_2022_last_3y": 11,
            "at_2023_last_3y": 4.44,
            "at_2024_last_3y": 4.44,
            "at_2006_last_all": null,
            "at_2007_last_all": null,
            "at_2008_last_all": null,
            "at_2009_last_all": null,
            "at_2010_last_all": null,
            "at_2011_last_all": null,
            "at_2012_last_all": null,
            "at_2013_last_all": 25.41,
            "at_2014_last_all": 50.27,
            "at_2015_last_all": 41.14,
            "at_2016_last_all": 34.64,
            "at_2017_last_all": 29.82,
            "at_2018_last_all": 23.9,
            "at_2019_last_all": 22.98,
            "at_2020_last_all": 19.27,
            "at_2021_last_all": 19.27,
            "at_2022_last_all": 19.21,
            "at_2023_last_all": 16.8,
            "at_2024_last_all": 16.8
        },
        "latest_eps": 5.37,
        "latest_price": 73.3,
        "latest_roe": 14.09,
        "latest_gross_margin": 16.12,
        "latest_equity": 19096576,
        "latest_revenue": 14022755,
        "latest_gross_profit": 2261076,
        "latest_net_income": 491472,
        "latest_debt_ratio": 58.98,
        "latest_current_ratio": 139.34,
        "latest_account_receivable_turnover_ratio": 1.09,
        "latest_inventory_turnover_ratio": 1.51,
        "latest_reinvestment_rate": -5.46,
        "latest_research_to_sale_ratio": 5.68
    },
    "eps_dividends": {
        "2001": {
            "cash": 0,
            "stock": 0,
            "eps": 0
        },
        "2002": {
            "cash": 0,
            "stock": 0,
            "eps": 0
        },
        "2003": {
            "cash": 0,
            "stock": 0,
            "eps": 0
        },
        "2004": {
            "cash": 0,
            "stock": 0,
            "eps": 0
        },
        "2005": {
            "cash": 0,
            "stock": 0,
            "eps": 0
        },
        "2006": {
            "cash": 0,
            "stock": 0,
            "eps": 0
        },
        "2007": {
            "cash": 0,
            "stock": 0,
            "eps": 0
        },
        "2008": {
            "cash": 0,
            "stock": 0,
            "eps": 0
        },
        "2009": {
            "cash": 0,
            "stock": 0,
            "eps": 0
        },
        "2010": {
            "cash": 0,
            "stock": 0,
            "eps": 0
        },
        "2011": {
            "cash": 1.5,
            "stock": 0,
            "eps": 0.66
        },
        "2012": {
            "cash": 0,
            "stock": 0,
            "eps": 3.07
        },
        "2013": {
            "cash": 1.5,
            "stock": 0,
            "eps": 1.56
        },
        "2014": {
            "cash": 0.8,
            "stock": 0,
            "eps": 3.56
        },
        "2015": {
            "cash": 1.8,
            "stock": 0,
            "eps": 4.05
        },
        "2016": {
            "cash": 2.1,
            "stock": 0,
            "eps": 4.4
        },
        "2017": {
            "cash": 2.5,
            "stock": 0,
            "eps": 4.65
        },
        "2018": {
            "cash": 3.2,
            "stock": 0,
            "eps": 4.11
        },
        "2019": {
            "cash": 2.4,
            "stock": 0,
            "eps": 4.79
        },
        "2020": {
            "cash": 2.4,
            "stock": 0,
            "eps": 4.29
        },
        "2021": {
            "cash": 3,
            "stock": 0,
            "eps": 5.12
        },
        "2022": {
            "cash": 3.1,
            "stock": 0,
            "eps": 6.07
        },
        "2023": {
            "cash": 3.9,
            "stock": 0,
            "eps": 5.48
        },
        "2024": {
            "cash": 4,
            "stock": 0,
            "eps": 0
        }
    },
    "dividends": {
        "2011-01-01": {
            "cash": 0.5,
            "stock": 0
        },
        "2011-03-23": {
            "cash": 1,
            "stock": 0
        },
        "2013-03-27": {
            "cash": 1.5,
            "stock": 0
        },
        "2014-06-24": {
            "cash": 0.8,
            "stock": 0
        },
        "2015-09-03": {
            "cash": 1.8,
            "stock": 0
        },
        "2016-08-24": {
            "cash": 2.1,
            "stock": 0
        },
        "2017-07-28": {
            "cash": 2.5,
            "stock": 0
        },
        "2018-08-08": {
            "cash": 3.2,
            "stock": 0
        },
        "2019-08-23": {
            "cash": 2.4,
            "stock": 0
        },
        "2020-08-21": {
            "cash": 2.4,
            "stock": 0
        },
        "2021-09-10": {
            "cash": 3,
            "stock": 0
        },
        "2022-07-21": {
            "cash": 3.1,
            "stock": 0
        },
        "2023-07-28": {
            "cash": 3.9,
            "stock": 0
        },
        "2024-02-26": {
            "cash": 4,
            "stock": 0
        }
    },
    "prices": {
        "200101": "無",
        "200102": "無",
        "200103": "無",
        "200104": "無",
        "200105": "無",
        "200106": "無",
        "200107": "無",
        "200108": "無",
        "200109": "無",
        "200110": "無",
        "200111": "無",
        "200112": "無",
        "200201": "無",
        "200202": "無",
        "200203": "無",
        "200204": "無",
        "200205": "無",
        "200206": "無",
        "200207": "無",
        "200208": "無",
        "200209": "無",
        "200210": "無",
        "200211": "無",
        "200212": "無",
        "200301": "無",
        "200302": "無",
        "200303": "無",
        "200304": "無",
        "200305": "無",
        "200306": "無",
        "200307": "無",
        "200308": "無",
        "200309": "無",
        "200310": "無",
        "200311": "無",
        "200312": "無",
        "200401": "無",
        "200402": "無",
        "200403": "無",
        "200404": "無",
        "200405": "無",
        "200406": "無",
        "200407": "無",
        "200408": "無",
        "200409": "無",
        "200410": "無",
        "200411": "無",
        "200412": "無",
        "200501": "無",
        "200502": "無",
        "200503": "無",
        "200504": "無",
        "200505": "無",
        "200506": "無",
        "200507": "無",
        "200508": "無",
        "200509": "無",
        "200510": "無",
        "200511": "無",
        "200512": "無",
        "200601": "無",
        "200602": "無",
        "200603": "無",
        "200604": "無",
        "200605": "無",
        "200606": "無",
        "200607": "無",
        "200608": "無",
        "200609": "無",
        "200610": "無",
        "200611": "無",
        "200612": "無",
        "200701": "無",
        "200702": "無",
        "200703": "無",
        "200704": "無",
        "200705": "無",
        "200706": "無",
        "200707": "無",
        "200708": "無",
        "200709": "無",
        "200710": "無",
        "200711": "無",
        "200712": "無",
        "200801": "無",
        "200802": "無",
        "200803": "無",
        "200804": "無",
        "200805": "無",
        "200806": "無",
        "200807": "無",
        "200808": "無",
        "200809": "無",
        "200810": "無",
        "200811": "無",
        "200812": "無",
        "200901": "無",
        "200902": "無",
        "200903": "無",
        "200904": "無",
        "200905": "無",
        "200906": "無",
        "200907": "無",
        "200908": "無",
        "200909": "無",
        "200910": "無",
        "200911": "無",
        "200912": "30.80",
        "201001": "35.76",
        "201002": "32.17",
        "201003": "28.75",
        "201004": "34.09",
        "201005": "36.71",
        "201006": "36.87",
        "201007": "37.05",
        "201008": "33.29",
        "201009": "31.31",
        "201010": "29.74",
        "201011": "28.78",
        "201012": "30.01",
        "201101": "33.80",
        "201102": "33.10",
        "201103": "30.93",
        "201104": "29.61",
        "201105": "27.55",
        "201106": "27.91",
        "201107": "26.46",
        "201108": "22.34",
        "201109": "19.44",
        "201110": "17.71",
        "201111": "18.08",
        "201112": "16.88",
        "201201": "14.93",
        "201202": "19.72",
        "201203": "21.99",
        "201204": "21.36",
        "201205": "20.47",
        "201206": "20.81",
        "201207": "23.86",
        "201208": "26.70",
        "201209": "28.01",
        "201210": "26.56",
        "201211": "26.65",
        "201212": "26.83",
        "201301": "25.71",
        "201302": "25.53",
        "201303": "25.45",
        "201304": "27.44",
        "201305": "27.38",
        "201306": "26.34",
        "201307": "25.20",
        "201308": "23.54",
        "201309": "22.92",
        "201310": "24.34",
        "201311": "25.27",
        "201312": "26.35",
        "201401": "27.28",
        "201402": "26.73",
        "201403": "29.50",
        "201404": "35.91",
        "201405": "36.90",
        "201406": "43.45",
        "201407": "48.08",
        "201408": "44.20",
        "201409": "37.57",
        "201410": "34.10",
        "201411": "37.94",
        "201412": "39.04",
        "201501": "41.46",
        "201502": "43.37",
        "201503": "44.82",
        "201504": "42.86",
        "201505": "40.91",
        "201506": "39.04",
        "201507": "38.91",
        "201508": "36.69",
        "201509": "41.60",
        "201510": "43.95",
        "201511": "41.93",
        "201512": "42.33",
        "201601": "37.94",
        "201602": "38.62",
        "201603": "39.51",
        "201604": "37.82",
        "201605": "38.06",
        "201606": "40.32",
        "201607": "42.83",
        "201608": "43.48",
        "201609": "44.98",
        "201610": "46.92",
        "201611": "46.07",
        "201612": "44.33",
        "201701": "43.81",
        "201702": "45.70",
        "201703": "48.97",
        "201704": "49.23",
        "201705": "55.62",
        "201706": "60.66",
        "201707": "62.70",
        "201708": "70.33",
        "201709": "70.65",
        "201710": "77.28",
        "201711": "77.83",
        "201712": "79.95",
        "201801": "80.82",
        "201802": "76.31",
        "201803": "67.53",
        "201804": "60.82",
        "201805": "57.71",
        "201806": "60.33",
        "201807": "55.28",
        "201808": "57.65",
        "201809": "49.95",
        "201810": "45.00",
        "201811": "40.83",
        "201812": "44.25",
        "201901": "48.41",
        "201902": "56.54",
        "201903": "60.36",
        "201904": "65.92",
        "201905": "54.15",
        "201906": "52.46",
        "201907": "54.40",
        "201908": "59.53",
        "201909": "60.58",
        "201910": "63.28",
        "201911": "65.26",
        "201912": "62.74",
        "202001": "59.67",
        "202002": "52.12",
        "202003": "41.75",
        "202004": "45.23",
        "202005": "47.22",
        "202006": "49.16",
        "202007": "44.88",
        "202008": "42.44",
        "202009": "43.40",
        "202010": "44.19",
        "202011": "46.93",
        "202012": "48.14",
        "202101": "51.96",
        "202102": "62.33",
        "202103": "63.11",
        "202104": "61.16",
        "202105": "53.30",
        "202106": "53.51",
        "202107": "57.80",
        "202108": "53.10",
        "202109": "51.18",
        "202110": "50.64",
        "202111": "52.38",
        "202112": "55.00",
        "202201": "55.12",
        "202202": "53.67",
        "202203": "51.80",
        "202204": "55.42",
        "202205": "58.15",
        "202206": "61.56",
        "202207": "62.96",
        "202208": "68.60",
        "202209": "66.28",
        "202210": "58.95",
        "202211": "55.71",
        "202212": "56.77",
        "202301": "56.72",
        "202302": "58.78",
        "202303": "61.22",
        "202304": "60.46",
        "202305": "62.67",
        "202306": "65.26",
        "202307": "63.44",
        "202308": "64.25",
        "202309": "69.74",
        "202310": "70.05",
        "202311": "64.10",
        "202312": "65.59"
    },
    "quarters": {
        "20011": {
            "year_quarter": 20011,
            "year": 2001,
            "quarter": 1,
            "eps": null,
            "eps_growth_year": null,
            "eps_4q": null,
            "eps_4q_growth_year": null,
            "roe": null,
            "roe_4q": 0,
            "gross_profit": null,
            "gross_margin": null,
            "gross_margin_4q_avg": 0,
            "net_income": null,
            "net_income_4q": null,
            "revenue": null,
            "revenue_4q": null,
            "common_shares": null,
            "book_valuer_per_share": null,
            "book_valuer_per_share_4q_avg": 0,
            "equity": null,
            "current_ratio": null,
            "debt_ratio": null,
            "inventory_turnover_ratio": null,
            "account_receivable_turnover_ratio": null,
            "reinvestment_rate": null,
            "research_to_sale_ratio": null,
            "price_fair": 0,
            "eps_avg_yearly": 0,
            "eps_latest_yearly": 0,
            "eps_growth_yearly": 0
        },
        "20012": {
            "year_quarter": 20012,
            "year": 2001,
            "quarter": 2,
            "eps": null,
            "eps_growth_year": null,
            "eps_4q": null,
            "eps_4q_growth_year": null,
            "roe": null,
            "roe_4q": 0,
            "gross_profit": null,
            "gross_margin": null,
            "gross_margin_4q_avg": 0,
            "net_income": null,
            "net_income_4q": null,
            "revenue": null,
            "revenue_4q": null,
            "common_shares": null,
            "book_valuer_per_share": null,
            "book_valuer_per_share_4q_avg": 0,
            "equity": null,
            "current_ratio": null,
            "debt_ratio": null,
            "inventory_turnover_ratio": null,
            "account_receivable_turnover_ratio": null,
            "reinvestment_rate": null,
            "research_to_sale_ratio": null,
            "price_fair": 0,
            "eps_avg_yearly": 0,
            "eps_latest_yearly": 0,
            "eps_growth_yearly": 0
        },
        "20013": {
            "year_quarter": 20013,
            "year": 2001,
            "quarter": 3,
            "eps": null,
            "eps_growth_year": null,
            "eps_4q": null,
            "eps_4q_growth_year": null,
            "roe": null,
            "roe_4q": 0,
            "gross_profit": null,
            "gross_margin": null,
            "gross_margin_4q_avg": 0,
            "net_income": null,
            "net_income_4q": null,
            "revenue": null,
            "revenue_4q": null,
            "common_shares": null,
            "book_valuer_per_share": null,
            "book_valuer_per_share_4q_avg": 0,
            "equity": null,
            "current_ratio": null,
            "debt_ratio": null,
            "inventory_turnover_ratio": null,
            "account_receivable_turnover_ratio": null,
            "reinvestment_rate": null,
            "research_to_sale_ratio": null,
            "price_fair": 0,
            "eps_avg_yearly": 0,
            "eps_latest_yearly": 0,
            "eps_growth_yearly": 0
        },
        "20014": {
            "year_quarter": 20014,
            "year": 2001,
            "quarter": 4,
            "eps": null,
            "eps_growth_year": null,
            "eps_4q": null,
            "eps_4q_growth_year": null,
            "roe": null,
            "roe_4q": 0,
            "gross_profit": null,
            "gross_margin": null,
            "gross_margin_4q_avg": 0,
            "net_income": null,
            "net_income_4q": null,
            "revenue": null,
            "revenue_4q": null,
            "common_shares": null,
            "book_valuer_per_share": null,
            "book_valuer_per_share_4q_avg": 0,
            "equity": null,
            "current_ratio": null,
            "debt_ratio": null,
            "inventory_turnover_ratio": null,
            "account_receivable_turnover_ratio": null,
            "reinvestment_rate": null,
            "research_to_sale_ratio": null,
            "price_fair": 0,
            "eps_avg_yearly": 0,
            "eps_latest_yearly": 0,
            "eps_growth_yearly": 0
        },
        "20021": {
            "year_quarter": 20021,
            "year": 2002,
            "quarter": 1,
            "eps": null,
            "eps_growth_year": null,
            "eps_4q": null,
            "eps_4q_growth_year": null,
            "roe": null,
            "roe_4q": 0,
            "gross_profit": null,
            "gross_margin": null,
            "gross_margin_4q_avg": 0,
            "net_income": null,
            "net_income_4q": null,
            "revenue": null,
            "revenue_4q": null,
            "common_shares": null,
            "book_valuer_per_share": null,
            "book_valuer_per_share_4q_avg": 0,
            "equity": null,
            "current_ratio": null,
            "debt_ratio": null,
            "inventory_turnover_ratio": null,
            "account_receivable_turnover_ratio": null,
            "reinvestment_rate": null,
            "research_to_sale_ratio": null,
            "price_fair": 0,
            "eps_avg_yearly": 0,
            "eps_latest_yearly": 0,
            "eps_growth_yearly": 0
        },
        "20022": {
            "year_quarter": 20022,
            "year": 2002,
            "quarter": 2,
            "eps": null,
            "eps_growth_year": null,
            "eps_4q": null,
            "eps_4q_growth_year": null,
            "roe": null,
            "roe_4q": 0,
            "gross_profit": null,
            "gross_margin": null,
            "gross_margin_4q_avg": 0,
            "net_income": null,
            "net_income_4q": null,
            "revenue": null,
            "revenue_4q": null,
            "common_shares": null,
            "book_valuer_per_share": null,
            "book_valuer_per_share_4q_avg": 0,
            "equity": null,
            "current_ratio": null,
            "debt_ratio": null,
            "inventory_turnover_ratio": null,
            "account_receivable_turnover_ratio": null,
            "reinvestment_rate": null,
            "research_to_sale_ratio": null,
            "price_fair": 0,
            "eps_avg_yearly": 0,
            "eps_latest_yearly": 0,
            "eps_growth_yearly": 0
        },
        "20023": {
            "year_quarter": 20023,
            "year": 2002,
            "quarter": 3,
            "eps": null,
            "eps_growth_year": null,
            "eps_4q": null,
            "eps_4q_growth_year": null,
            "roe": null,
            "roe_4q": 0,
            "gross_profit": null,
            "gross_margin": null,
            "gross_margin_4q_avg": 0,
            "net_income": null,
            "net_income_4q": null,
            "revenue": null,
            "revenue_4q": null,
            "common_shares": null,
            "book_valuer_per_share": null,
            "book_valuer_per_share_4q_avg": 0,
            "equity": null,
            "current_ratio": null,
            "debt_ratio": null,
            "inventory_turnover_ratio": null,
            "account_receivable_turnover_ratio": null,
            "reinvestment_rate": null,
            "research_to_sale_ratio": null,
            "price_fair": 0,
            "eps_avg_yearly": 0,
            "eps_latest_yearly": 0,
            "eps_growth_yearly": 0
        },
        "20024": {
            "year_quarter": 20024,
            "year": 2002,
            "quarter": 4,
            "eps": null,
            "eps_growth_year": null,
            "eps_4q": null,
            "eps_4q_growth_year": null,
            "roe": null,
            "roe_4q": 0,
            "gross_profit": null,
            "gross_margin": null,
            "gross_margin_4q_avg": 0,
            "net_income": null,
            "net_income_4q": null,
            "revenue": null,
            "revenue_4q": null,
            "common_shares": null,
            "book_valuer_per_share": null,
            "book_valuer_per_share_4q_avg": 0,
            "equity": null,
            "current_ratio": null,
            "debt_ratio": null,
            "inventory_turnover_ratio": null,
            "account_receivable_turnover_ratio": null,
            "reinvestment_rate": null,
            "research_to_sale_ratio": null,
            "price_fair": 0,
            "eps_avg_yearly": 0,
            "eps_latest_yearly": 0,
            "eps_growth_yearly": 0
        },
        "20031": {
            "year_quarter": 20031,
            "year": 2003,
            "quarter": 1,
            "eps": null,
            "eps_growth_year": null,
            "eps_4q": null,
            "eps_4q_growth_year": null,
            "roe": null,
            "roe_4q": 0,
            "gross_profit": null,
            "gross_margin": null,
            "gross_margin_4q_avg": 0,
            "net_income": null,
            "net_income_4q": null,
            "revenue": null,
            "revenue_4q": null,
            "common_shares": null,
            "book_valuer_per_share": null,
            "book_valuer_per_share_4q_avg": 0,
            "equity": null,
            "current_ratio": null,
            "debt_ratio": null,
            "inventory_turnover_ratio": null,
            "account_receivable_turnover_ratio": null,
            "reinvestment_rate": null,
            "research_to_sale_ratio": null,
            "price_fair": 0,
            "eps_avg_yearly": 0,
            "eps_latest_yearly": 0,
            "eps_growth_yearly": 0
        },
        "20032": {
            "year_quarter": 20032,
            "year": 2003,
            "quarter": 2,
            "eps": null,
            "eps_growth_year": null,
            "eps_4q": null,
            "eps_4q_growth_year": null,
            "roe": null,
            "roe_4q": 0,
            "gross_profit": null,
            "gross_margin": null,
            "gross_margin_4q_avg": 0,
            "net_income": null,
            "net_income_4q": null,
            "revenue": null,
            "revenue_4q": null,
            "common_shares": null,
            "book_valuer_per_share": null,
            "book_valuer_per_share_4q_avg": 0,
            "equity": null,
            "current_ratio": null,
            "debt_ratio": null,
            "inventory_turnover_ratio": null,
            "account_receivable_turnover_ratio": null,
            "reinvestment_rate": null,
            "research_to_sale_ratio": null,
            "price_fair": 0,
            "eps_avg_yearly": 0,
            "eps_latest_yearly": 0,
            "eps_growth_yearly": 0
        },
        "20033": {
            "year_quarter": 20033,
            "year": 2003,
            "quarter": 3,
            "eps": null,
            "eps_growth_year": null,
            "eps_4q": null,
            "eps_4q_growth_year": null,
            "roe": null,
            "roe_4q": 0,
            "gross_profit": null,
            "gross_margin": null,
            "gross_margin_4q_avg": 0,
            "net_income": null,
            "net_income_4q": null,
            "revenue": null,
            "revenue_4q": null,
            "common_shares": null,
            "book_valuer_per_share": null,
            "book_valuer_per_share_4q_avg": 0,
            "equity": null,
            "current_ratio": null,
            "debt_ratio": null,
            "inventory_turnover_ratio": null,
            "account_receivable_turnover_ratio": null,
            "reinvestment_rate": null,
            "research_to_sale_ratio": null,
            "price_fair": 0,
            "eps_avg_yearly": 0,
            "eps_latest_yearly": 0,
            "eps_growth_yearly": 0
        },
        "20034": {
            "year_quarter": 20034,
            "year": 2003,
            "quarter": 4,
            "eps": null,
            "eps_growth_year": null,
            "eps_4q": null,
            "eps_4q_growth_year": null,
            "roe": null,
            "roe_4q": 0,
            "gross_profit": null,
            "gross_margin": null,
            "gross_margin_4q_avg": 0,
            "net_income": null,
            "net_income_4q": null,
            "revenue": null,
            "revenue_4q": null,
            "common_shares": null,
            "book_valuer_per_share": null,
            "book_valuer_per_share_4q_avg": 0,
            "equity": null,
            "current_ratio": null,
            "debt_ratio": null,
            "inventory_turnover_ratio": null,
            "account_receivable_turnover_ratio": null,
            "reinvestment_rate": null,
            "research_to_sale_ratio": null,
            "price_fair": 0,
            "eps_avg_yearly": 0,
            "eps_latest_yearly": 0,
            "eps_growth_yearly": 0
        },
        "20041": {
            "year_quarter": 20041,
            "year": 2004,
            "quarter": 1,
            "eps": null,
            "eps_growth_year": null,
            "eps_4q": null,
            "eps_4q_growth_year": null,
            "roe": null,
            "roe_4q": 0,
            "gross_profit": null,
            "gross_margin": null,
            "gross_margin_4q_avg": 0,
            "net_income": null,
            "net_income_4q": null,
            "revenue": null,
            "revenue_4q": null,
            "common_shares": null,
            "book_valuer_per_share": null,
            "book_valuer_per_share_4q_avg": 0,
            "equity": null,
            "current_ratio": null,
            "debt_ratio": null,
            "inventory_turnover_ratio": null,
            "account_receivable_turnover_ratio": null,
            "reinvestment_rate": null,
            "research_to_sale_ratio": null,
            "price_fair": 0,
            "eps_avg_yearly": 0,
            "eps_latest_yearly": 0,
            "eps_growth_yearly": 0
        },
        "20042": {
            "year_quarter": 20042,
            "year": 2004,
            "quarter": 2,
            "eps": null,
            "eps_growth_year": null,
            "eps_4q": null,
            "eps_4q_growth_year": null,
            "roe": null,
            "roe_4q": 0,
            "gross_profit": null,
            "gross_margin": null,
            "gross_margin_4q_avg": 0,
            "net_income": null,
            "net_income_4q": null,
            "revenue": null,
            "revenue_4q": null,
            "common_shares": null,
            "book_valuer_per_share": null,
            "book_valuer_per_share_4q_avg": 0,
            "equity": null,
            "current_ratio": null,
            "debt_ratio": null,
            "inventory_turnover_ratio": null,
            "account_receivable_turnover_ratio": null,
            "reinvestment_rate": null,
            "research_to_sale_ratio": null,
            "price_fair": 0,
            "eps_avg_yearly": 0,
            "eps_latest_yearly": 0,
            "eps_growth_yearly": 0
        },
        "20043": {
            "year_quarter": 20043,
            "year": 2004,
            "quarter": 3,
            "eps": null,
            "eps_growth_year": null,
            "eps_4q": null,
            "eps_4q_growth_year": null,
            "roe": null,
            "roe_4q": 0,
            "gross_profit": null,
            "gross_margin": null,
            "gross_margin_4q_avg": 0,
            "net_income": null,
            "net_income_4q": null,
            "revenue": null,
            "revenue_4q": null,
            "common_shares": null,
            "book_valuer_per_share": null,
            "book_valuer_per_share_4q_avg": 0,
            "equity": null,
            "current_ratio": null,
            "debt_ratio": null,
            "inventory_turnover_ratio": null,
            "account_receivable_turnover_ratio": null,
            "reinvestment_rate": null,
            "research_to_sale_ratio": null,
            "price_fair": 0,
            "eps_avg_yearly": 0,
            "eps_latest_yearly": 0,
            "eps_growth_yearly": 0
        },
        "20044": {
            "year_quarter": 20044,
            "year": 2004,
            "quarter": 4,
            "eps": null,
            "eps_growth_year": null,
            "eps_4q": null,
            "eps_4q_growth_year": null,
            "roe": null,
            "roe_4q": 0,
            "gross_profit": null,
            "gross_margin": null,
            "gross_margin_4q_avg": 0,
            "net_income": null,
            "net_income_4q": null,
            "revenue": null,
            "revenue_4q": null,
            "common_shares": null,
            "book_valuer_per_share": null,
            "book_valuer_per_share_4q_avg": 0,
            "equity": null,
            "current_ratio": null,
            "debt_ratio": null,
            "inventory_turnover_ratio": null,
            "account_receivable_turnover_ratio": null,
            "reinvestment_rate": null,
            "research_to_sale_ratio": null,
            "price_fair": 0,
            "eps_avg_yearly": 0,
            "eps_latest_yearly": 0,
            "eps_growth_yearly": 0
        },
        "20051": {
            "year_quarter": 20051,
            "year": 2005,
            "quarter": 1,
            "eps": null,
            "eps_growth_year": null,
            "eps_4q": null,
            "eps_4q_growth_year": null,
            "roe": null,
            "roe_4q": 0,
            "gross_profit": null,
            "gross_margin": null,
            "gross_margin_4q_avg": 0,
            "net_income": null,
            "net_income_4q": null,
            "revenue": null,
            "revenue_4q": null,
            "common_shares": null,
            "book_valuer_per_share": null,
            "book_valuer_per_share_4q_avg": 0,
            "equity": null,
            "current_ratio": null,
            "debt_ratio": null,
            "inventory_turnover_ratio": null,
            "account_receivable_turnover_ratio": null,
            "reinvestment_rate": null,
            "research_to_sale_ratio": null,
            "price_fair": 0,
            "eps_avg_yearly": 0,
            "eps_latest_yearly": 0,
            "eps_growth_yearly": 0
        },
        "20052": {
            "year_quarter": 20052,
            "year": 2005,
            "quarter": 2,
            "eps": null,
            "eps_growth_year": null,
            "eps_4q": null,
            "eps_4q_growth_year": null,
            "roe": null,
            "roe_4q": 0,
            "gross_profit": null,
            "gross_margin": null,
            "gross_margin_4q_avg": 0,
            "net_income": null,
            "net_income_4q": null,
            "revenue": null,
            "revenue_4q": null,
            "common_shares": null,
            "book_valuer_per_share": null,
            "book_valuer_per_share_4q_avg": 0,
            "equity": null,
            "current_ratio": null,
            "debt_ratio": null,
            "inventory_turnover_ratio": null,
            "account_receivable_turnover_ratio": null,
            "reinvestment_rate": null,
            "research_to_sale_ratio": null,
            "price_fair": 0,
            "eps_avg_yearly": 0,
            "eps_latest_yearly": 0,
            "eps_growth_yearly": 0
        },
        "20053": {
            "year_quarter": 20053,
            "year": 2005,
            "quarter": 3,
            "eps": null,
            "eps_growth_year": null,
            "eps_4q": null,
            "eps_4q_growth_year": null,
            "roe": null,
            "roe_4q": 0,
            "gross_profit": null,
            "gross_margin": null,
            "gross_margin_4q_avg": 0,
            "net_income": null,
            "net_income_4q": null,
            "revenue": null,
            "revenue_4q": null,
            "common_shares": null,
            "book_valuer_per_share": null,
            "book_valuer_per_share_4q_avg": 0,
            "equity": null,
            "current_ratio": null,
            "debt_ratio": null,
            "inventory_turnover_ratio": null,
            "account_receivable_turnover_ratio": null,
            "reinvestment_rate": null,
            "research_to_sale_ratio": null,
            "price_fair": 0,
            "eps_avg_yearly": 0,
            "eps_latest_yearly": 0,
            "eps_growth_yearly": 0
        },
        "20054": {
            "year_quarter": 20054,
            "year": 2005,
            "quarter": 4,
            "eps": null,
            "eps_growth_year": null,
            "eps_4q": null,
            "eps_4q_growth_year": null,
            "roe": null,
            "roe_4q": 0,
            "gross_profit": null,
            "gross_margin": null,
            "gross_margin_4q_avg": 0,
            "net_income": null,
            "net_income_4q": null,
            "revenue": null,
            "revenue_4q": null,
            "common_shares": null,
            "book_valuer_per_share": null,
            "book_valuer_per_share_4q_avg": 0,
            "equity": null,
            "current_ratio": null,
            "debt_ratio": null,
            "inventory_turnover_ratio": null,
            "account_receivable_turnover_ratio": null,
            "reinvestment_rate": null,
            "research_to_sale_ratio": null,
            "price_fair": 0,
            "eps_avg_yearly": 0,
            "eps_latest_yearly": 0,
            "eps_growth_yearly": 0
        },
        "20061": {
            "year_quarter": 20061,
            "year": 2006,
            "quarter": 1,
            "eps": null,
            "eps_growth_year": null,
            "eps_4q": null,
            "eps_4q_growth_year": null,
            "roe": null,
            "roe_4q": 0,
            "gross_profit": null,
            "gross_margin": null,
            "gross_margin_4q_avg": 0,
            "net_income": null,
            "net_income_4q": null,
            "revenue": null,
            "revenue_4q": null,
            "common_shares": null,
            "book_valuer_per_share": null,
            "book_valuer_per_share_4q_avg": 0,
            "equity": null,
            "current_ratio": null,
            "debt_ratio": null,
            "inventory_turnover_ratio": null,
            "account_receivable_turnover_ratio": null,
            "reinvestment_rate": null,
            "research_to_sale_ratio": null,
            "price_fair": 0,
            "eps_avg_yearly": 0,
            "eps_latest_yearly": 0,
            "eps_growth_yearly": 0
        },
        "20062": {
            "year_quarter": 20062,
            "year": 2006,
            "quarter": 2,
            "eps": null,
            "eps_growth_year": null,
            "eps_4q": null,
            "eps_4q_growth_year": null,
            "roe": null,
            "roe_4q": 0,
            "gross_profit": null,
            "gross_margin": null,
            "gross_margin_4q_avg": 0,
            "net_income": null,
            "net_income_4q": null,
            "revenue": null,
            "revenue_4q": null,
            "common_shares": null,
            "book_valuer_per_share": null,
            "book_valuer_per_share_4q_avg": 0,
            "equity": null,
            "current_ratio": null,
            "debt_ratio": null,
            "inventory_turnover_ratio": null,
            "account_receivable_turnover_ratio": null,
            "reinvestment_rate": null,
            "research_to_sale_ratio": null,
            "price_fair": 0,
            "eps_avg_yearly": 0,
            "eps_latest_yearly": 0,
            "eps_growth_yearly": 0
        },
        "20063": {
            "year_quarter": 20063,
            "year": 2006,
            "quarter": 3,
            "eps": null,
            "eps_growth_year": null,
            "eps_4q": null,
            "eps_4q_growth_year": null,
            "roe": null,
            "roe_4q": 0,
            "gross_profit": null,
            "gross_margin": null,
            "gross_margin_4q_avg": 0,
            "net_income": null,
            "net_income_4q": null,
            "revenue": null,
            "revenue_4q": null,
            "common_shares": null,
            "book_valuer_per_share": null,
            "book_valuer_per_share_4q_avg": 0,
            "equity": null,
            "current_ratio": null,
            "debt_ratio": null,
            "inventory_turnover_ratio": null,
            "account_receivable_turnover_ratio": null,
            "reinvestment_rate": null,
            "research_to_sale_ratio": null,
            "price_fair": 0,
            "eps_avg_yearly": 0,
            "eps_latest_yearly": 0,
            "eps_growth_yearly": 0
        },
        "20064": {
            "year_quarter": 20064,
            "year": 2006,
            "quarter": 4,
            "eps": null,
            "eps_growth_year": null,
            "eps_4q": null,
            "eps_4q_growth_year": null,
            "roe": null,
            "roe_4q": 0,
            "gross_profit": null,
            "gross_margin": null,
            "gross_margin_4q_avg": 0,
            "net_income": null,
            "net_income_4q": null,
            "revenue": null,
            "revenue_4q": null,
            "common_shares": 1000,
            "book_valuer_per_share": 9.73,
            "book_valuer_per_share_4q_avg": 2.43,
            "equity": 973,
            "current_ratio": null,
            "debt_ratio": 0,
            "inventory_turnover_ratio": null,
            "account_receivable_turnover_ratio": null,
            "reinvestment_rate": null,
            "research_to_sale_ratio": null,
            "price_fair": 0,
            "eps_avg_yearly": 0,
            "eps_latest_yearly": 0,
            "eps_growth_yearly": 0
        },
        "20071": {
            "year_quarter": 20071,
            "year": 2007,
            "quarter": 1,
            "eps": null,
            "eps_growth_year": null,
            "eps_4q": null,
            "eps_4q_growth_year": null,
            "roe": null,
            "roe_4q": 0,
            "gross_profit": null,
            "gross_margin": null,
            "gross_margin_4q_avg": 0,
            "net_income": null,
            "net_income_4q": null,
            "revenue": null,
            "revenue_4q": null,
            "common_shares": null,
            "book_valuer_per_share": null,
            "book_valuer_per_share_4q_avg": 2.43,
            "equity": null,
            "current_ratio": null,
            "debt_ratio": null,
            "inventory_turnover_ratio": null,
            "account_receivable_turnover_ratio": null,
            "reinvestment_rate": null,
            "research_to_sale_ratio": null,
            "price_fair": 0,
            "eps_avg_yearly": 0,
            "eps_latest_yearly": 0,
            "eps_growth_yearly": 0
        },
        "20072": {
            "year_quarter": 20072,
            "year": 2007,
            "quarter": 2,
            "eps": null,
            "eps_growth_year": null,
            "eps_4q": null,
            "eps_4q_growth_year": null,
            "roe": null,
            "roe_4q": 0,
            "gross_profit": null,
            "gross_margin": null,
            "gross_margin_4q_avg": 0,
            "net_income": null,
            "net_income_4q": null,
            "revenue": null,
            "revenue_4q": null,
            "common_shares": null,
            "book_valuer_per_share": null,
            "book_valuer_per_share_4q_avg": 2.43,
            "equity": null,
            "current_ratio": null,
            "debt_ratio": null,
            "inventory_turnover_ratio": null,
            "account_receivable_turnover_ratio": null,
            "reinvestment_rate": null,
            "research_to_sale_ratio": null,
            "price_fair": 0,
            "eps_avg_yearly": 0,
            "eps_latest_yearly": 0,
            "eps_growth_yearly": 0
        },
        "20073": {
            "year_quarter": 20073,
            "year": 2007,
            "quarter": 3,
            "eps": null,
            "eps_growth_year": null,
            "eps_4q": null,
            "eps_4q_growth_year": null,
            "roe": null,
            "roe_4q": 0,
            "gross_profit": null,
            "gross_margin": null,
            "gross_margin_4q_avg": 0,
            "net_income": null,
            "net_income_4q": null,
            "revenue": null,
            "revenue_4q": null,
            "common_shares": null,
            "book_valuer_per_share": null,
            "book_valuer_per_share_4q_avg": 2.43,
            "equity": null,
            "current_ratio": null,
            "debt_ratio": null,
            "inventory_turnover_ratio": null,
            "account_receivable_turnover_ratio": null,
            "reinvestment_rate": null,
            "research_to_sale_ratio": null,
            "price_fair": 0,
            "eps_avg_yearly": 0,
            "eps_latest_yearly": 0,
            "eps_growth_yearly": 0
        },
        "20074": {
            "year_quarter": 20074,
            "year": 2007,
            "quarter": 4,
            "eps": null,
            "eps_growth_year": null,
            "eps_4q": null,
            "eps_4q_growth_year": null,
            "roe": null,
            "roe_4q": 0,
            "gross_profit": null,
            "gross_margin": null,
            "gross_margin_4q_avg": 0,
            "net_income": null,
            "net_income_4q": null,
            "revenue": null,
            "revenue_4q": null,
            "common_shares": 3790000,
            "book_valuer_per_share": 10.29,
            "book_valuer_per_share_4q_avg": 2.57,
            "equity": 3905301,
            "current_ratio": 108.32,
            "debt_ratio": 75.47,
            "inventory_turnover_ratio": null,
            "account_receivable_turnover_ratio": null,
            "reinvestment_rate": null,
            "research_to_sale_ratio": null,
            "price_fair": 0,
            "eps_avg_yearly": 0,
            "eps_latest_yearly": 0,
            "eps_growth_yearly": 0
        },
        "20081": {
            "year_quarter": 20081,
            "year": 2008,
            "quarter": 1,
            "eps": null,
            "eps_growth_year": null,
            "eps_4q": null,
            "eps_4q_growth_year": null,
            "roe": null,
            "roe_4q": 0,
            "gross_profit": null,
            "gross_margin": null,
            "gross_margin_4q_avg": 0,
            "net_income": null,
            "net_income_4q": null,
            "revenue": null,
            "revenue_4q": null,
            "common_shares": null,
            "book_valuer_per_share": null,
            "book_valuer_per_share_4q_avg": 2.57,
            "equity": null,
            "current_ratio": null,
            "debt_ratio": null,
            "inventory_turnover_ratio": null,
            "account_receivable_turnover_ratio": null,
            "reinvestment_rate": null,
            "research_to_sale_ratio": null,
            "price_fair": 0,
            "eps_avg_yearly": 0,
            "eps_latest_yearly": 0,
            "eps_growth_yearly": 0
        },
        "20082": {
            "year_quarter": 20082,
            "year": 2008,
            "quarter": 2,
            "eps": null,
            "eps_growth_year": null,
            "eps_4q": null,
            "eps_4q_growth_year": null,
            "roe": null,
            "roe_4q": 0,
            "gross_profit": null,
            "gross_margin": null,
            "gross_margin_4q_avg": 0,
            "net_income": null,
            "net_income_4q": null,
            "revenue": null,
            "revenue_4q": null,
            "common_shares": null,
            "book_valuer_per_share": null,
            "book_valuer_per_share_4q_avg": 2.57,
            "equity": null,
            "current_ratio": null,
            "debt_ratio": null,
            "inventory_turnover_ratio": null,
            "account_receivable_turnover_ratio": null,
            "reinvestment_rate": null,
            "research_to_sale_ratio": null,
            "price_fair": 0,
            "eps_avg_yearly": 0,
            "eps_latest_yearly": 0,
            "eps_growth_yearly": 0
        },
        "20083": {
            "year_quarter": 20083,
            "year": 2008,
            "quarter": 3,
            "eps": null,
            "eps_growth_year": null,
            "eps_4q": null,
            "eps_4q_growth_year": null,
            "roe": null,
            "roe_4q": 0,
            "gross_profit": null,
            "gross_margin": null,
            "gross_margin_4q_avg": 0,
            "net_income": null,
            "net_income_4q": null,
            "revenue": null,
            "revenue_4q": null,
            "common_shares": null,
            "book_valuer_per_share": null,
            "book_valuer_per_share_4q_avg": 2.57,
            "equity": null,
            "current_ratio": null,
            "debt_ratio": null,
            "inventory_turnover_ratio": null,
            "account_receivable_turnover_ratio": null,
            "reinvestment_rate": null,
            "research_to_sale_ratio": null,
            "price_fair": 0,
            "eps_avg_yearly": 0,
            "eps_latest_yearly": 0,
            "eps_growth_yearly": 0
        },
        "20084": {
            "year_quarter": 20084,
            "year": 2008,
            "quarter": 4,
            "eps": null,
            "eps_growth_year": null,
            "eps_4q": null,
            "eps_4q_growth_year": null,
            "roe": null,
            "roe_4q": 0,
            "gross_profit": null,
            "gross_margin": null,
            "gross_margin_4q_avg": 0,
            "net_income": null,
            "net_income_4q": null,
            "revenue": null,
            "revenue_4q": null,
            "common_shares": 3790000,
            "book_valuer_per_share": 3.76,
            "book_valuer_per_share_4q_avg": 0.94,
            "equity": 1429007,
            "current_ratio": 125.52,
            "debt_ratio": 88.8,
            "inventory_turnover_ratio": null,
            "account_receivable_turnover_ratio": null,
            "reinvestment_rate": null,
            "research_to_sale_ratio": null,
            "price_fair": 0,
            "eps_avg_yearly": 0,
            "eps_latest_yearly": 0,
            "eps_growth_yearly": 0
        },
        "20091": {
            "year_quarter": 20091,
            "year": 2009,
            "quarter": 1,
            "eps": null,
            "eps_growth_year": null,
            "eps_4q": null,
            "eps_4q_growth_year": null,
            "roe": null,
            "roe_4q": 0,
            "gross_profit": null,
            "gross_margin": null,
            "gross_margin_4q_avg": 0,
            "net_income": null,
            "net_income_4q": null,
            "revenue": null,
            "revenue_4q": null,
            "common_shares": null,
            "book_valuer_per_share": null,
            "book_valuer_per_share_4q_avg": 0.94,
            "equity": null,
            "current_ratio": null,
            "debt_ratio": null,
            "inventory_turnover_ratio": null,
            "account_receivable_turnover_ratio": null,
            "reinvestment_rate": null,
            "research_to_sale_ratio": null,
            "price_fair": 0,
            "eps_avg_yearly": 0,
            "eps_latest_yearly": 0,
            "eps_growth_yearly": 0
        },
        "20092": {
            "year_quarter": 20092,
            "year": 2009,
            "quarter": 2,
            "eps": null,
            "eps_growth_year": null,
            "eps_4q": null,
            "eps_4q_growth_year": null,
            "roe": null,
            "roe_4q": 0,
            "gross_profit": null,
            "gross_margin": null,
            "gross_margin_4q_avg": 0,
            "net_income": null,
            "net_income_4q": null,
            "revenue": null,
            "revenue_4q": null,
            "common_shares": 3790000,
            "book_valuer_per_share": null,
            "book_valuer_per_share_4q_avg": 0.94,
            "equity": 1715189,
            "current_ratio": null,
            "debt_ratio": null,
            "inventory_turnover_ratio": null,
            "account_receivable_turnover_ratio": null,
            "reinvestment_rate": null,
            "research_to_sale_ratio": null,
            "price_fair": 0,
            "eps_avg_yearly": 0,
            "eps_latest_yearly": 0,
            "eps_growth_yearly": 0
        },
        "20093": {
            "year_quarter": 20093,
            "year": 2009,
            "quarter": 3,
            "eps": null,
            "eps_growth_year": null,
            "eps_4q": null,
            "eps_4q_growth_year": null,
            "roe": null,
            "roe_4q": 0,
            "gross_profit": null,
            "gross_margin": null,
            "gross_margin_4q_avg": 0,
            "net_income": null,
            "net_income_4q": null,
            "revenue": null,
            "revenue_4q": null,
            "common_shares": null,
            "book_valuer_per_share": null,
            "book_valuer_per_share_4q_avg": 0.94,
            "equity": null,
            "current_ratio": null,
            "debt_ratio": null,
            "inventory_turnover_ratio": null,
            "account_receivable_turnover_ratio": null,
            "reinvestment_rate": null,
            "research_to_sale_ratio": null,
            "price_fair": 0,
            "eps_avg_yearly": 0,
            "eps_latest_yearly": 0,
            "eps_growth_yearly": 0
        },
        "20094": {
            "year_quarter": 20094,
            "year": 2009,
            "quarter": 4,
            "eps": null,
            "eps_growth_year": null,
            "eps_4q": null,
            "eps_4q_growth_year": null,
            "roe": null,
            "roe_4q": 0,
            "gross_profit": null,
            "gross_margin": null,
            "gross_margin_4q_avg": 0,
            "net_income": null,
            "net_income_4q": null,
            "revenue": null,
            "revenue_4q": null,
            "common_shares": 3799349,
            "book_valuer_per_share": 6.27,
            "book_valuer_per_share_4q_avg": 1.57,
            "equity": 2383315,
            "current_ratio": 119.51,
            "debt_ratio": 84.75,
            "inventory_turnover_ratio": null,
            "account_receivable_turnover_ratio": null,
            "reinvestment_rate": null,
            "research_to_sale_ratio": null,
            "price_fair": 0,
            "eps_avg_yearly": 0,
            "eps_latest_yearly": 0,
            "eps_growth_yearly": 0
        },
        "20101": {
            "year_quarter": 20101,
            "year": 2010,
            "quarter": 1,
            "eps": null,
            "eps_growth_year": null,
            "eps_4q": null,
            "eps_4q_growth_year": null,
            "roe": null,
            "roe_4q": 0,
            "gross_profit": null,
            "gross_margin": null,
            "gross_margin_4q_avg": 0,
            "net_income": null,
            "net_income_4q": null,
            "revenue": null,
            "revenue_4q": null,
            "common_shares": null,
            "book_valuer_per_share": null,
            "book_valuer_per_share_4q_avg": 1.57,
            "equity": null,
            "current_ratio": null,
            "debt_ratio": null,
            "inventory_turnover_ratio": null,
            "account_receivable_turnover_ratio": null,
            "reinvestment_rate": null,
            "research_to_sale_ratio": null,
            "price_fair": 0,
            "eps_avg_yearly": 0,
            "eps_latest_yearly": 0,
            "eps_growth_yearly": 0
        },
        "20102": {
            "year_quarter": 20102,
            "year": 2010,
            "quarter": 2,
            "eps": null,
            "eps_growth_year": null,
            "eps_4q": null,
            "eps_4q_growth_year": null,
            "roe": null,
            "roe_4q": 0,
            "gross_profit": null,
            "gross_margin": null,
            "gross_margin_4q_avg": 0,
            "net_income": null,
            "net_income_4q": null,
            "revenue": null,
            "revenue_4q": null,
            "common_shares": 3830791,
            "book_valuer_per_share": 8.24,
            "book_valuer_per_share_4q_avg": 3.63,
            "equity": 3159763,
            "current_ratio": 122.15,
            "debt_ratio": 80.88,
            "inventory_turnover_ratio": null,
            "account_receivable_turnover_ratio": null,
            "reinvestment_rate": null,
            "research_to_sale_ratio": null,
            "price_fair": 0,
            "eps_avg_yearly": 0,
            "eps_latest_yearly": 0,
            "eps_growth_yearly": 0
        },
        "20103": {
            "year_quarter": 20103,
            "year": 2010,
            "quarter": 3,
            "eps": null,
            "eps_growth_year": null,
            "eps_4q": null,
            "eps_4q_growth_year": null,
            "roe": null,
            "roe_4q": 0,
            "gross_profit": null,
            "gross_margin": null,
            "gross_margin_4q_avg": 0,
            "net_income": null,
            "net_income_4q": null,
            "revenue": null,
            "revenue_4q": null,
            "common_shares": null,
            "book_valuer_per_share": null,
            "book_valuer_per_share_4q_avg": 3.63,
            "equity": null,
            "current_ratio": null,
            "debt_ratio": null,
            "inventory_turnover_ratio": null,
            "account_receivable_turnover_ratio": null,
            "reinvestment_rate": null,
            "research_to_sale_ratio": null,
            "price_fair": 0,
            "eps_avg_yearly": 0,
            "eps_latest_yearly": 0,
            "eps_growth_yearly": 0
        },
        "20104": {
            "year_quarter": 20104,
            "year": 2010,
            "quarter": 4,
            "eps": null,
            "eps_growth_year": null,
            "eps_4q": null,
            "eps_4q_growth_year": null,
            "roe": null,
            "roe_4q": 0,
            "gross_profit": null,
            "gross_margin": null,
            "gross_margin_4q_avg": 0,
            "net_income": null,
            "net_income_4q": null,
            "revenue": null,
            "revenue_4q": null,
            "common_shares": 3863965,
            "book_valuer_per_share": 9.85,
            "book_valuer_per_share_4q_avg": 4.52,
            "equity": 3814247,
            "current_ratio": 111.01,
            "debt_ratio": 75.79,
            "inventory_turnover_ratio": null,
            "account_receivable_turnover_ratio": null,
            "reinvestment_rate": null,
            "research_to_sale_ratio": null,
            "price_fair": 0,
            "eps_avg_yearly": 0,
            "eps_latest_yearly": 0,
            "eps_growth_yearly": 0
        },
        "20111": {
            "year_quarter": 20111,
            "year": 2011,
            "quarter": 1,
            "eps": null,
            "eps_growth_year": null,
            "eps_4q": null,
            "eps_4q_growth_year": null,
            "roe": null,
            "roe_4q": 0,
            "gross_profit": 1033806,
            "gross_margin": null,
            "gross_margin_4q_avg": 0,
            "net_income": 357527,
            "net_income_4q": null,
            "revenue": 9641504,
            "revenue_4q": null,
            "common_shares": 3974746,
            "book_valuer_per_share": 10.93,
            "book_valuer_per_share_4q_avg": 7.26,
            "equity": 4346158,
            "current_ratio": 113.63,
            "debt_ratio": 73.49,
            "inventory_turnover_ratio": null,
            "account_receivable_turnover_ratio": null,
            "reinvestment_rate": null,
            "research_to_sale_ratio": null,
            "price_fair": 0,
            "eps_avg_yearly": 0,
            "eps_latest_yearly": 0,
            "eps_growth_yearly": 0
        },
        "20112": {
            "year_quarter": 20112,
            "year": 2011,
            "quarter": 2,
            "eps": 0.66,
            "eps_growth_year": null,
            "eps_4q": null,
            "eps_4q_growth_year": null,
            "roe": 6.17,
            "roe_4q": 6.17,
            "gross_profit": 1025349,
            "gross_margin": 9.71,
            "gross_margin_4q_avg": 2.43,
            "net_income": 263166,
            "net_income_4q": null,
            "revenue": 10557466,
            "revenue_4q": null,
            "common_shares": 3974746,
            "book_valuer_per_share": 10.54,
            "book_valuer_per_share_4q_avg": 7.83,
            "equity": 4189855,
            "current_ratio": 109.09,
            "debt_ratio": 75.3,
            "inventory_turnover_ratio": 1.64,
            "account_receivable_turnover_ratio": 3.99,
            "reinvestment_rate": null,
            "research_to_sale_ratio": null,
            "price_fair": 0,
            "eps_avg_yearly": 0,
            "eps_latest_yearly": 0,
            "eps_growth_yearly": 0
        },
        "20113": {
            "year_quarter": 20113,
            "year": 2011,
            "quarter": 3,
            "eps": null,
            "eps_growth_year": null,
            "eps_4q": null,
            "eps_4q_growth_year": null,
            "roe": null,
            "roe_4q": 6.17,
            "gross_profit": 1236850,
            "gross_margin": null,
            "gross_margin_4q_avg": 2.43,
            "net_income": 517009,
            "net_income_4q": null,
            "revenue": 13996929,
            "revenue_4q": null,
            "common_shares": 3974746,
            "book_valuer_per_share": 12.51,
            "book_valuer_per_share_4q_avg": 10.96,
            "equity": 4974656,
            "current_ratio": 108.81,
            "debt_ratio": 76.56,
            "inventory_turnover_ratio": null,
            "account_receivable_turnover_ratio": null,
            "reinvestment_rate": null,
            "research_to_sale_ratio": null,
            "price_fair": 0,
            "eps_avg_yearly": 0,
            "eps_latest_yearly": 0,
            "eps_growth_yearly": 0
        },
        "20114": {
            "year_quarter": 20114,
            "year": 2011,
            "quarter": 4,
            "eps": null,
            "eps_growth_year": null,
            "eps_4q": null,
            "eps_4q_growth_year": null,
            "roe": null,
            "roe_4q": 6.17,
            "gross_profit": 893541,
            "gross_margin": null,
            "gross_margin_4q_avg": 2.43,
            "net_income": -97602,
            "net_income_4q": null,
            "revenue": 13146707,
            "revenue_4q": null,
            "common_shares": 3984399,
            "book_valuer_per_share": 12.26,
            "book_valuer_per_share_4q_avg": 11.56,
            "equity": 4892547,
            "current_ratio": 110.06,
            "debt_ratio": 73.33,
            "inventory_turnover_ratio": null,
            "account_receivable_turnover_ratio": null,
            "reinvestment_rate": null,
            "research_to_sale_ratio": null,
            "price_fair": 0,
            "eps_avg_yearly": 0,
            "eps_latest_yearly": 0,
            "eps_growth_yearly": 0
        },
        "20121": {
            "year_quarter": 20121,
            "year": 2012,
            "quarter": 1,
            "eps": 0.77,
            "eps_growth_year": null,
            "eps_4q": 1.42,
            "eps_4q_growth_year": null,
            "roe": 6.14,
            "roe_4q": 12.309999999999999,
            "gross_profit": 1093452,
            "gross_margin": 10.82,
            "gross_margin_4q_avg": 5.13,
            "net_income": 308212,
            "net_income_4q": null,
            "revenue": 10102457,
            "revenue_4q": null,
            "common_shares": 4010798,
            "book_valuer_per_share": 12.8,
            "book_valuer_per_share_4q_avg": 12.03,
            "equity": 5140776,
            "current_ratio": 116.45,
            "debt_ratio": 66.97,
            "inventory_turnover_ratio": 1.76,
            "account_receivable_turnover_ratio": 1.94,
            "reinvestment_rate": null,
            "research_to_sale_ratio": 2.82,
            "price_fair": 0,
            "eps_avg_yearly": 0,
            "eps_latest_yearly": 0,
            "eps_growth_yearly": 0
        },
        "20122": {
            "year_quarter": 20122,
            "year": 2012,
            "quarter": 2,
            "eps": 0.9,
            "eps_growth_year": 35.39,
            "eps_4q": 1.66,
            "eps_4q_growth_year": null,
            "roe": 6.87,
            "roe_4q": 13.01,
            "gross_profit": 1009933,
            "gross_margin": 9.5,
            "gross_margin_4q_avg": 5.08,
            "net_income": 359879,
            "net_income_4q": null,
            "revenue": 10633364,
            "revenue_4q": null,
            "common_shares": 4014582,
            "book_valuer_per_share": 13.29,
            "book_valuer_per_share_4q_avg": 12.72,
            "equity": 5334334,
            "current_ratio": 115.56,
            "debt_ratio": 69.2,
            "inventory_turnover_ratio": 2.18,
            "account_receivable_turnover_ratio": 1.99,
            "reinvestment_rate": null,
            "research_to_sale_ratio": 2.92,
            "price_fair": 126,
            "eps_avg_yearly": 3.6,
            "eps_latest_yearly": 3.6,
            "eps_growth_yearly": 67.53
        },
        "20123": {
            "year_quarter": 20123,
            "year": 2012,
            "quarter": 3,
            "eps": 0.65,
            "eps_growth_year": null,
            "eps_4q": 2.3,
            "eps_4q_growth_year": null,
            "roe": 4.79,
            "roe_4q": 17.8,
            "gross_profit": 1026521,
            "gross_margin": 9.59,
            "gross_margin_4q_avg": 7.48,
            "net_income": 260580,
            "net_income_4q": null,
            "revenue": 10708690,
            "revenue_4q": null,
            "common_shares": 4034408,
            "book_valuer_per_share": 13.75,
            "book_valuer_per_share_4q_avg": 13.03,
            "equity": 5547083,
            "current_ratio": 117.89,
            "debt_ratio": 68.52,
            "inventory_turnover_ratio": 2.22,
            "account_receivable_turnover_ratio": 1.72,
            "reinvestment_rate": null,
            "research_to_sale_ratio": 3.3,
            "price_fair": 9.3,
            "eps_avg_yearly": 3.1,
            "eps_latest_yearly": 2.6,
            "eps_growth_yearly": -21.79
        },
        "20124": {
            "year_quarter": 20124,
            "year": 2012,
            "quarter": 4,
            "eps": 0.75,
            "eps_growth_year": null,
            "eps_4q": 2.91,
            "eps_4q_growth_year": null,
            "roe": 5.37,
            "roe_4q": 23.17,
            "gross_profit": 1370960,
            "gross_margin": 11.73,
            "gross_margin_4q_avg": 10.41,
            "net_income": 321646,
            "net_income_4q": null,
            "revenue": 11688260,
            "revenue_4q": null,
            "common_shares": 4269698,
            "book_valuer_per_share": 15,
            "book_valuer_per_share_4q_avg": 13.71,
            "equity": 6436419,
            "current_ratio": 121.98,
            "debt_ratio": 67.8,
            "inventory_turnover_ratio": 2.2,
            "account_receivable_turnover_ratio": 1.67,
            "reinvestment_rate": null,
            "research_to_sale_ratio": 3.21,
            "price_fair": 49.03,
            "eps_avg_yearly": 3.07,
            "eps_latest_yearly": 3,
            "eps_growth_yearly": 5.99
        },
        "20131": {
            "year_quarter": 20131,
            "year": 2013,
            "quarter": 1,
            "eps": 0.54,
            "eps_growth_year": -29.87,
            "eps_4q": 2.71,
            "eps_4q_growth_year": 90.74,
            "roe": 3.28,
            "roe_4q": 20.310000000000002,
            "gross_profit": 970618,
            "gross_margin": 9.17,
            "gross_margin_4q_avg": 10,
            "net_income": 229985,
            "net_income_4q": null,
            "revenue": 10582598,
            "revenue_4q": null,
            "common_shares": 4289658,
            "book_valuer_per_share": 17.61,
            "book_valuer_per_share_4q_avg": 14.91,
            "equity": 7595041,
            "current_ratio": 127.22,
            "debt_ratio": 60.24,
            "inventory_turnover_ratio": 2.1,
            "account_receivable_turnover_ratio": 1.51,
            "reinvestment_rate": null,
            "research_to_sale_ratio": 2.9,
            "price_fair": 8.52,
            "eps_avg_yearly": 2.84,
            "eps_latest_yearly": 2.16,
            "eps_growth_yearly": -23.51
        },
        "20132": {
            "year_quarter": 20132,
            "year": 2013,
            "quarter": 2,
            "eps": 0.59,
            "eps_growth_year": -34.18,
            "eps_4q": 2.47,
            "eps_4q_growth_year": 48.67,
            "roe": 3.43,
            "roe_4q": 16.87,
            "gross_profit": 1037544,
            "gross_margin": 10.06,
            "gross_margin_4q_avg": 10.14,
            "net_income": 255307,
            "net_income_4q": null,
            "revenue": 10314590,
            "revenue_4q": null,
            "common_shares": 4313457,
            "book_valuer_per_share": 16.92,
            "book_valuer_per_share_4q_avg": 15.82,
            "equity": 7298334,
            "current_ratio": 120.74,
            "debt_ratio": 66.05,
            "inventory_turnover_ratio": 2.2,
            "account_receivable_turnover_ratio": 1.46,
            "reinvestment_rate": null,
            "research_to_sale_ratio": 3.4,
            "price_fair": 8.23,
            "eps_avg_yearly": 2.74,
            "eps_latest_yearly": 2.36,
            "eps_growth_yearly": -11.4
        },
        "20133": {
            "year_quarter": 20133,
            "year": 2013,
            "quarter": 3,
            "eps": 0.47,
            "eps_growth_year": -27.23,
            "eps_4q": 2.33,
            "eps_4q_growth_year": 1.43,
            "roe": 2.74,
            "roe_4q": 14.82,
            "gross_profit": 1084719,
            "gross_margin": 10.47,
            "gross_margin_4q_avg": 10.36,
            "net_income": 202011,
            "net_income_4q": null,
            "revenue": 10358900,
            "revenue_4q": null,
            "common_shares": 4313457,
            "book_valuer_per_share": 17.27,
            "book_valuer_per_share_4q_avg": 16.7,
            "equity": 7461317,
            "current_ratio": 123.74,
            "debt_ratio": 65.81,
            "inventory_turnover_ratio": 2.12,
            "account_receivable_turnover_ratio": 1.38,
            "reinvestment_rate": null,
            "research_to_sale_ratio": 3.44,
            "price_fair": 7.8,
            "eps_avg_yearly": 2.6,
            "eps_latest_yearly": 1.88,
            "eps_growth_yearly": -23.06
        },
        "20134": {
            "year_quarter": 20134,
            "year": 2013,
            "quarter": 4,
            "eps": -0.04,
            "eps_growth_year": -105.77,
            "eps_4q": 1.54,
            "eps_4q_growth_year": -47.1,
            "roe": -0.25,
            "roe_4q": 9.2,
            "gross_profit": 659814,
            "gross_margin": 5.96,
            "gross_margin_4q_avg": 8.92,
            "net_income": -18749,
            "net_income_4q": null,
            "revenue": 11063900,
            "revenue_4q": null,
            "common_shares": 4335733,
            "book_valuer_per_share": 17.38,
            "book_valuer_per_share_4q_avg": 17.3,
            "equity": 7541567,
            "current_ratio": 125.72,
            "debt_ratio": 65.07,
            "inventory_turnover_ratio": 2.42,
            "account_receivable_turnover_ratio": 1.45,
            "reinvestment_rate": null,
            "research_to_sale_ratio": 2.94,
            "price_fair": 7.8,
            "eps_avg_yearly": 2.6,
            "eps_latest_yearly": 1.88,
            "eps_growth_yearly": -23.06
        },
        "20141": {
            "year_quarter": 20141,
            "year": 2014,
            "quarter": 1,
            "eps": 0.75,
            "eps_growth_year": 38.89,
            "eps_4q": 1.75,
            "eps_4q_growth_year": -35.38,
            "roe": 4.17,
            "roe_4q": 10.09,
            "gross_profit": 1424519,
            "gross_margin": 12.28,
            "gross_margin_4q_avg": 9.69,
            "net_income": 345258,
            "net_income_4q": null,
            "revenue": 11602651,
            "revenue_4q": null,
            "common_shares": 4339813,
            "book_valuer_per_share": 18.27,
            "book_valuer_per_share_4q_avg": 17.46,
            "equity": 9031825,
            "current_ratio": 120.52,
            "debt_ratio": 65.98,
            "inventory_turnover_ratio": 2.37,
            "account_receivable_turnover_ratio": 1.49,
            "reinvestment_rate": null,
            "research_to_sale_ratio": 3.32,
            "price_fair": 7.8,
            "eps_avg_yearly": 2.6,
            "eps_latest_yearly": 1.88,
            "eps_growth_yearly": -23.06
        },
        "20142": {
            "year_quarter": 20142,
            "year": 2014,
            "quarter": 2,
            "eps": 0.95,
            "eps_growth_year": 61.02,
            "eps_4q": 2.12,
            "eps_4q_growth_year": -14.43,
            "roe": 4.72,
            "roe_4q": 11.38,
            "gross_profit": 1581737,
            "gross_margin": 11.65,
            "gross_margin_4q_avg": 10.09,
            "net_income": 426180,
            "net_income_4q": null,
            "revenue": 13579558,
            "revenue_4q": null,
            "common_shares": 4338313,
            "book_valuer_per_share": 18.2,
            "book_valuer_per_share_4q_avg": 17.78,
            "equity": 9008070,
            "current_ratio": 119.48,
            "debt_ratio": 68.17,
            "inventory_turnover_ratio": 2.64,
            "account_receivable_turnover_ratio": 1.61,
            "reinvestment_rate": null,
            "research_to_sale_ratio": 3.66,
            "price_fair": 8.31,
            "eps_avg_yearly": 2.77,
            "eps_latest_yearly": 3.8,
            "eps_growth_yearly": -4.53
        },
        "20143": {
            "year_quarter": 20143,
            "year": 2014,
            "quarter": 3,
            "eps": 1.1,
            "eps_growth_year": 134.04,
            "eps_4q": 2.75,
            "eps_4q_growth_year": 17.59,
            "roe": 5.34,
            "roe_4q": 13.979999999999999,
            "gross_profit": 1626093,
            "gross_margin": 11.94,
            "gross_margin_4q_avg": 10.46,
            "net_income": 497457,
            "net_income_4q": null,
            "revenue": 13622470,
            "revenue_4q": null,
            "common_shares": 4340513,
            "book_valuer_per_share": 19.54,
            "book_valuer_per_share_4q_avg": 18.35,
            "equity": 9633310,
            "current_ratio": 120.97,
            "debt_ratio": 67.53,
            "inventory_turnover_ratio": 2.56,
            "account_receivable_turnover_ratio": 1.4,
            "reinvestment_rate": null,
            "research_to_sale_ratio": 3.51,
            "price_fair": 41.45,
            "eps_avg_yearly": 2.98,
            "eps_latest_yearly": 4.4,
            "eps_growth_yearly": 3.93
        },
        "20144": {
            "year_quarter": 20144,
            "year": 2014,
            "quarter": 4,
            "eps": 0.76,
            "eps_growth_year": null,
            "eps_4q": 3.52,
            "eps_4q_growth_year": 128.63,
            "roe": 3.41,
            "roe_4q": 17.64,
            "gross_profit": 1586450,
            "gross_margin": 11.81,
            "gross_margin_4q_avg": 11.92,
            "net_income": 340072,
            "net_income_4q": null,
            "revenue": 13435098,
            "revenue_4q": null,
            "common_shares": 4346578,
            "book_valuer_per_share": 20.92,
            "book_valuer_per_share_4q_avg": 19.23,
            "equity": 10308747,
            "current_ratio": 119.86,
            "debt_ratio": 66.77,
            "inventory_turnover_ratio": 2.5,
            "account_receivable_turnover_ratio": 1.29,
            "reinvestment_rate": -32.44,
            "research_to_sale_ratio": 3.96,
            "price_fair": 8.95,
            "eps_avg_yearly": 2.98,
            "eps_latest_yearly": 3.04,
            "eps_growth_yearly": -10.24
        },
        "20151": {
            "year_quarter": 20151,
            "year": 2015,
            "quarter": 1,
            "eps": 0.85,
            "eps_growth_year": 13.33,
            "eps_4q": 3.61,
            "eps_4q_growth_year": 106,
            "roe": 3.4,
            "roe_4q": 16.87,
            "gross_profit": 1432374,
            "gross_margin": 11.05,
            "gross_margin_4q_avg": 11.61,
            "net_income": 377934,
            "net_income_4q": null,
            "revenue": 12957891,
            "revenue_4q": null,
            "common_shares": 4386487,
            "book_valuer_per_share": 21.59,
            "book_valuer_per_share_4q_avg": 20.06,
            "equity": 11934873,
            "current_ratio": 121.41,
            "debt_ratio": 64.81,
            "inventory_turnover_ratio": 2.23,
            "account_receivable_turnover_ratio": 1.24,
            "reinvestment_rate": 49.53,
            "research_to_sale_ratio": 3.38,
            "price_fair": 9.07,
            "eps_avg_yearly": 3.02,
            "eps_latest_yearly": 3.4,
            "eps_growth_yearly": -4.48
        },
        "20152": {
            "year_quarter": 20152,
            "year": 2015,
            "quarter": 2,
            "eps": 0.91,
            "eps_growth_year": -4.21,
            "eps_4q": 3.59,
            "eps_4q_growth_year": 69.41,
            "roe": 3.33,
            "roe_4q": 15.48,
            "gross_profit": 1545543,
            "gross_margin": 10.63,
            "gross_margin_4q_avg": 11.36,
            "net_income": 389926,
            "net_income_4q": null,
            "revenue": 14539600,
            "revenue_4q": null,
            "common_shares": 4395287,
            "book_valuer_per_share": 20.63,
            "book_valuer_per_share_4q_avg": 20.67,
            "equity": 11496720,
            "current_ratio": 118.54,
            "debt_ratio": 67.91,
            "inventory_turnover_ratio": 2.3,
            "account_receivable_turnover_ratio": 1.33,
            "reinvestment_rate": -10.62,
            "research_to_sale_ratio": 3.22,
            "price_fair": 9.24,
            "eps_avg_yearly": 3.08,
            "eps_latest_yearly": 3.64,
            "eps_growth_yearly": -1.51
        },
        "20153": {
            "year_quarter": 20153,
            "year": 2015,
            "quarter": 3,
            "eps": 1.15,
            "eps_growth_year": 4.55,
            "eps_4q": 3.62,
            "eps_4q_growth_year": 32.01,
            "roe": 4.52,
            "roe_4q": 14.66,
            "gross_profit": 1984233,
            "gross_margin": 11.16,
            "gross_margin_4q_avg": 11.16,
            "net_income": 537392,
            "net_income_4q": null,
            "revenue": 17782831,
            "revenue_4q": null,
            "common_shares": 4412137,
            "book_valuer_per_share": 22.19,
            "book_valuer_per_share_4q_avg": 21.33,
            "equity": 12291648,
            "current_ratio": 115.6,
            "debt_ratio": 69.99,
            "inventory_turnover_ratio": 2.42,
            "account_receivable_turnover_ratio": 1.41,
            "reinvestment_rate": 56.35,
            "research_to_sale_ratio": 3.03,
            "price_fair": 55.83,
            "eps_avg_yearly": 3.21,
            "eps_latest_yearly": 4.6,
            "eps_growth_yearly": 7.41
        },
        "20154": {
            "year_quarter": 20154,
            "year": 2015,
            "quarter": 4,
            "eps": 1.14,
            "eps_growth_year": 50.64,
            "eps_4q": 4.01,
            "eps_4q_growth_year": 13.71,
            "roe": 4.06,
            "roe_4q": 15.309999999999999,
            "gross_profit": 2178188,
            "gross_margin": 10.73,
            "gross_margin_4q_avg": 10.89,
            "net_income": 511683,
            "net_income_4q": null,
            "revenue": 20308971,
            "revenue_4q": null,
            "common_shares": 4411877,
            "book_valuer_per_share": 23.6,
            "book_valuer_per_share_4q_avg": 22,
            "equity": 12916585,
            "current_ratio": 116.28,
            "debt_ratio": 69.05,
            "inventory_turnover_ratio": 2.48,
            "account_receivable_turnover_ratio": 1.44,
            "reinvestment_rate": -13.02,
            "research_to_sale_ratio": 3.25,
            "price_fair": 54.87,
            "eps_avg_yearly": 3.31,
            "eps_latest_yearly": 4.56,
            "eps_growth_yearly": 6.57
        },
        "20161": {
            "year_quarter": 20161,
            "year": 2016,
            "quarter": 1,
            "eps": 0.91,
            "eps_growth_year": 7.06,
            "eps_4q": 4.08,
            "eps_4q_growth_year": 13.01,
            "roe": 3.36,
            "roe_4q": 15.27,
            "gross_profit": 1567166,
            "gross_margin": 11.18,
            "gross_margin_4q_avg": 10.93,
            "net_income": 440074,
            "net_income_4q": null,
            "revenue": 14012563,
            "revenue_4q": null,
            "common_shares": 4417938,
            "book_valuer_per_share": 24.35,
            "book_valuer_per_share_4q_avg": 22.69,
            "equity": 13280864,
            "current_ratio": 123.3,
            "debt_ratio": 62.12,
            "inventory_turnover_ratio": 1.87,
            "account_receivable_turnover_ratio": 1.09,
            "reinvestment_rate": -7.27,
            "research_to_sale_ratio": 3.42,
            "price_fair": 33.34,
            "eps_avg_yearly": 3.33,
            "eps_latest_yearly": 3.64,
            "eps_growth_yearly": 0.34
        },
        "20162": {
            "year_quarter": 20162,
            "year": 2016,
            "quarter": 2,
            "eps": 1.02,
            "eps_growth_year": 12.09,
            "eps_4q": 4.19,
            "eps_4q_growth_year": 16.94,
            "roe": 3.72,
            "roe_4q": 15.66,
            "gross_profit": 1560582,
            "gross_margin": 10.47,
            "gross_margin_4q_avg": 10.89,
            "net_income": 482611,
            "net_income_4q": null,
            "revenue": 14900466,
            "revenue_4q": null,
            "common_shares": 4419028,
            "book_valuer_per_share": 22.88,
            "book_valuer_per_share_4q_avg": 23.26,
            "equity": 12646807,
            "current_ratio": 126.97,
            "debt_ratio": 65.27,
            "inventory_turnover_ratio": 2.23,
            "account_receivable_turnover_ratio": 1.31,
            "reinvestment_rate": -36.06,
            "research_to_sale_ratio": 3.49,
            "price_fair": 10.11,
            "eps_avg_yearly": 3.37,
            "eps_latest_yearly": 4.08,
            "eps_growth_yearly": -1.03
        },
        "20163": {
            "year_quarter": 20163,
            "year": 2016,
            "quarter": 3,
            "eps": 1.28,
            "eps_growth_year": 11.3,
            "eps_4q": 4.32,
            "eps_4q_growth_year": 19.29,
            "roe": 4.9,
            "roe_4q": 16.04,
            "gross_profit": 2193463,
            "gross_margin": 11.86,
            "gross_margin_4q_avg": 11.06,
            "net_income": 633258,
            "net_income_4q": null,
            "revenue": 18488446,
            "revenue_4q": null,
            "common_shares": 4417478,
            "book_valuer_per_share": 24.02,
            "book_valuer_per_share_4q_avg": 23.71,
            "equity": 13185467,
            "current_ratio": 123.48,
            "debt_ratio": 68.03,
            "inventory_turnover_ratio": 2.62,
            "account_receivable_turnover_ratio": 1.41,
            "reinvestment_rate": -34.27,
            "research_to_sale_ratio": 3.17,
            "price_fair": 85.83,
            "eps_avg_yearly": 3.55,
            "eps_latest_yearly": 5.12,
            "eps_growth_yearly": 14.19
        },
        "20164": {
            "year_quarter": 20164,
            "year": 2016,
            "quarter": 4,
            "eps": 1.19,
            "eps_growth_year": 4.02,
            "eps_4q": 4.37,
            "eps_4q_growth_year": 9.14,
            "roe": 3.88,
            "roe_4q": 15.860000000000001,
            "gross_profit": 2105003,
            "gross_margin": 12,
            "gross_margin_4q_avg": 11.38,
            "net_income": 492719,
            "net_income_4q": null,
            "revenue": 17535435,
            "revenue_4q": null,
            "common_shares": 4421343,
            "book_valuer_per_share": 24.87,
            "book_valuer_per_share_4q_avg": 24.03,
            "equity": 12244458,
            "current_ratio": 121.92,
            "debt_ratio": 67.02,
            "inventory_turnover_ratio": 2.35,
            "account_receivable_turnover_ratio": 1.24,
            "reinvestment_rate": -34.76,
            "research_to_sale_ratio": 3.64,
            "price_fair": 65.34,
            "eps_avg_yearly": 3.67,
            "eps_latest_yearly": 4.76,
            "eps_growth_yearly": 7.78
        },
        "20171": {
            "year_quarter": 20171,
            "year": 2017,
            "quarter": 1,
            "eps": 0.95,
            "eps_growth_year": 4.4,
            "eps_4q": 4.39,
            "eps_4q_growth_year": 7.45,
            "roe": 3.69,
            "roe_4q": 16.19,
            "gross_profit": 1615295,
            "gross_margin": 12.54,
            "gross_margin_4q_avg": 11.72,
            "net_income": 452272,
            "net_income_4q": null,
            "revenue": 12881184,
            "revenue_4q": null,
            "common_shares": 4447543,
            "book_valuer_per_share": 24.77,
            "book_valuer_per_share_4q_avg": 24.14,
            "equity": 12267299,
            "current_ratio": 132.67,
            "debt_ratio": 59.26,
            "inventory_turnover_ratio": 1.87,
            "account_receivable_turnover_ratio": 1.08,
            "reinvestment_rate": 23.24,
            "research_to_sale_ratio": 3.66,
            "price_fair": 75.91,
            "eps_avg_yearly": 3.79,
            "eps_latest_yearly": 3.8,
            "eps_growth_yearly": 10.02
        },
        "20172": {
            "year_quarter": 20172,
            "year": 2017,
            "quarter": 2,
            "eps": 1.05,
            "eps_growth_year": 2.94,
            "eps_4q": 4.42,
            "eps_4q_growth_year": 5.41,
            "roe": 4.1,
            "roe_4q": 16.57,
            "gross_profit": 1783071,
            "gross_margin": 12.89,
            "gross_margin_4q_avg": 12.32,
            "net_income": 496638,
            "net_income_4q": null,
            "revenue": 13835188,
            "revenue_4q": null,
            "common_shares": 4447793,
            "book_valuer_per_share": 23.93,
            "book_valuer_per_share_4q_avg": 24.4,
            "equity": 11938959,
            "current_ratio": 123.58,
            "debt_ratio": 63.99,
            "inventory_turnover_ratio": 2.11,
            "account_receivable_turnover_ratio": 1.28,
            "reinvestment_rate": 25.81,
            "research_to_sale_ratio": 4.04,
            "price_fair": 79.96,
            "eps_avg_yearly": 3.92,
            "eps_latest_yearly": 4.2,
            "eps_growth_yearly": 10.38
        },
        "20173": {
            "year_quarter": 20173,
            "year": 2017,
            "quarter": 3,
            "eps": 1.4,
            "eps_growth_year": 9.38,
            "eps_4q": 4.53,
            "eps_4q_growth_year": 4.88,
            "roe": 5.21,
            "roe_4q": 16.88,
            "gross_profit": 1980791,
            "gross_margin": 13.21,
            "gross_margin_4q_avg": 12.66,
            "net_income": 642373,
            "net_income_4q": null,
            "revenue": 14997014,
            "revenue_4q": null,
            "common_shares": 4452473,
            "book_valuer_per_share": 25.53,
            "book_valuer_per_share_4q_avg": 24.78,
            "equity": 12706298,
            "current_ratio": 123.14,
            "debt_ratio": 64.91,
            "inventory_turnover_ratio": 1.99,
            "account_receivable_turnover_ratio": 1.26,
            "reinvestment_rate": 28.49,
            "research_to_sale_ratio": 4.2,
            "price_fair": 146.6,
            "eps_avg_yearly": 4.19,
            "eps_latest_yearly": 5.6,
            "eps_growth_yearly": 25.72
        },
        "20174": {
            "year_quarter": 20174,
            "year": 2017,
            "quarter": 4,
            "eps": 1.25,
            "eps_growth_year": 5.54,
            "eps_4q": 4.61,
            "eps_4q_growth_year": 5.53,
            "roe": 4.5,
            "roe_4q": 17.5,
            "gross_profit": 2100850,
            "gross_margin": 11.04,
            "gross_margin_4q_avg": 12.42,
            "net_income": 577698,
            "net_income_4q": null,
            "revenue": 19028306,
            "revenue_4q": null,
            "common_shares": 4456883,
            "book_valuer_per_share": 25.54,
            "book_valuer_per_share_4q_avg": 24.94,
            "equity": 12981802,
            "current_ratio": 126.07,
            "debt_ratio": 65.63,
            "inventory_turnover_ratio": 2.44,
            "account_receivable_turnover_ratio": 1.5,
            "reinvestment_rate": 19.11,
            "research_to_sale_ratio": 3.71,
            "price_fair": 132.15,
            "eps_avg_yearly": 4.24,
            "eps_latest_yearly": 5,
            "eps_growth_yearly": 21.15
        },
        "20181": {
            "year_quarter": 20181,
            "year": 2018,
            "quarter": 1,
            "eps": 0.8,
            "eps_growth_year": -15.79,
            "eps_4q": 4.46,
            "eps_4q_growth_year": 1.55,
            "roe": 2.62,
            "roe_4q": 16.43,
            "gross_profit": 1460431,
            "gross_margin": 12.29,
            "gross_margin_4q_avg": 12.36,
            "net_income": 345930,
            "net_income_4q": null,
            "revenue": 11883748,
            "revenue_4q": null,
            "common_shares": 4469163,
            "book_valuer_per_share": 26.57,
            "book_valuer_per_share_4q_avg": 25.39,
            "equity": 13470688,
            "current_ratio": 132.36,
            "debt_ratio": 56.15,
            "inventory_turnover_ratio": 1.63,
            "account_receivable_turnover_ratio": 1.07,
            "reinvestment_rate": 31.35,
            "research_to_sale_ratio": 4.64,
            "price_fair": 87,
            "eps_avg_yearly": 4.18,
            "eps_latest_yearly": 3.2,
            "eps_growth_yearly": 10.83
        },
        "20182": {
            "year_quarter": 20182,
            "year": 2018,
            "quarter": 2,
            "eps": 0.76,
            "eps_growth_year": -27.62,
            "eps_4q": 4.18,
            "eps_4q_growth_year": -5.43,
            "roe": 2.58,
            "roe_4q": 14.91,
            "gross_profit": 1716396,
            "gross_margin": 11.6,
            "gross_margin_4q_avg": 12.04,
            "net_income": 350811,
            "net_income_4q": null,
            "revenue": 14797684,
            "revenue_4q": null,
            "common_shares": 4468153,
            "book_valuer_per_share": 23.99,
            "book_valuer_per_share_4q_avg": 25.41,
            "equity": 13766492,
            "current_ratio": 122.83,
            "debt_ratio": 62.21,
            "inventory_turnover_ratio": 2.04,
            "account_receivable_turnover_ratio": 1.32,
            "reinvestment_rate": 21.86,
            "research_to_sale_ratio": 4.05,
            "price_fair": 53.31,
            "eps_avg_yearly": 4.13,
            "eps_latest_yearly": 3.04,
            "eps_growth_yearly": 2.91
        },
        "20183": {
            "year_quarter": 20183,
            "year": 2018,
            "quarter": 3,
            "eps": 1.5,
            "eps_growth_year": 7.14,
            "eps_4q": 4.27,
            "eps_4q_growth_year": -5.72,
            "roe": 5.11,
            "roe_4q": 14.81,
            "gross_profit": 2341963,
            "gross_margin": 11.94,
            "gross_margin_4q_avg": 11.72,
            "net_income": 718283,
            "net_income_4q": null,
            "revenue": 19607824,
            "revenue_4q": null,
            "common_shares": 4477153,
            "book_valuer_per_share": 24.71,
            "book_valuer_per_share_4q_avg": 25.2,
            "equity": 14354194,
            "current_ratio": 119.48,
            "debt_ratio": 66.32,
            "inventory_turnover_ratio": 2.35,
            "account_receivable_turnover_ratio": 1.24,
            "reinvestment_rate": 21.25,
            "research_to_sale_ratio": 3.69,
            "price_fair": 140.87,
            "eps_avg_yearly": 4.23,
            "eps_latest_yearly": 6,
            "eps_growth_yearly": 23.3
        },
        "20184": {
            "year_quarter": 20184,
            "year": 2018,
            "quarter": 4,
            "eps": 1.05,
            "eps_growth_year": -15.88,
            "eps_4q": 4.08,
            "eps_4q_growth_year": -11.49,
            "roe": 3.4,
            "roe_4q": 13.71,
            "gross_profit": 2270633,
            "gross_margin": 12.26,
            "gross_margin_4q_avg": 12.02,
            "net_income": 498951,
            "net_income_4q": null,
            "revenue": 18522152,
            "revenue_4q": null,
            "common_shares": 4474523,
            "book_valuer_per_share": 25.98,
            "book_valuer_per_share_4q_avg": 25.31,
            "equity": 14970118,
            "current_ratio": 120.76,
            "debt_ratio": 65.32,
            "inventory_turnover_ratio": 2.08,
            "account_receivable_turnover_ratio": 1.05,
            "reinvestment_rate": 16.88,
            "research_to_sale_ratio": 4.26,
            "price_fair": 144.27,
            "eps_avg_yearly": 4.3,
            "eps_latest_yearly": 4.2,
            "eps_growth_yearly": 23.53
        },
        "20191": {
            "year_quarter": 20191,
            "year": 2019,
            "quarter": 1,
            "eps": 0.8,
            "eps_growth_year": 0,
            "eps_4q": 4.1,
            "eps_4q_growth_year": -8.09,
            "roe": 1.92,
            "roe_4q": 13.01,
            "gross_profit": 1613587,
            "gross_margin": 11.83,
            "gross_margin_4q_avg": 11.91,
            "net_income": 292873,
            "net_income_4q": null,
            "revenue": 13641127,
            "revenue_4q": null,
            "common_shares": 4468753,
            "book_valuer_per_share": 27.36,
            "book_valuer_per_share_4q_avg": 25.51,
            "equity": 15540537,
            "current_ratio": 123.42,
            "debt_ratio": 62.63,
            "inventory_turnover_ratio": 1.57,
            "account_receivable_turnover_ratio": 0.96,
            "reinvestment_rate": 11.58,
            "research_to_sale_ratio": 4.67,
            "price_fair": 105.61,
            "eps_avg_yearly": 4.29,
            "eps_latest_yearly": 3.2,
            "eps_growth_yearly": 14.62
        },
        "20192": {
            "year_quarter": 20192,
            "year": 2019,
            "quarter": 2,
            "eps": 0.93,
            "eps_growth_year": 22.37,
            "eps_4q": 4.26,
            "eps_4q_growth_year": 1.94,
            "roe": 2.5,
            "roe_4q": 12.93,
            "gross_profit": 1871195,
            "gross_margin": 11.2,
            "gross_margin_4q_avg": 11.81,
            "net_income": 377625,
            "net_income_4q": null,
            "revenue": 16704276,
            "revenue_4q": null,
            "common_shares": 4468088,
            "book_valuer_per_share": 25.65,
            "book_valuer_per_share_4q_avg": 25.93,
            "equity": 14684213,
            "current_ratio": 116.93,
            "debt_ratio": 66.84,
            "inventory_turnover_ratio": 1.89,
            "account_receivable_turnover_ratio": 1.27,
            "reinvestment_rate": 10.4,
            "research_to_sale_ratio": 4.19,
            "price_fair": 115.6,
            "eps_avg_yearly": 4.3,
            "eps_latest_yearly": 3.72,
            "eps_growth_yearly": 16.92
        },
        "20193": {
            "year_quarter": 20193,
            "year": 2019,
            "quarter": 3,
            "eps": 1.72,
            "eps_growth_year": 14.67,
            "eps_4q": 4.49,
            "eps_4q_growth_year": 4.92,
            "roe": 6.3,
            "roe_4q": 14.120000000000001,
            "gross_profit": 3010381,
            "gross_margin": 11.9,
            "gross_margin_4q_avg": 11.8,
            "net_income": 903601,
            "net_income_4q": null,
            "revenue": 25290569,
            "revenue_4q": null,
            "common_shares": 4467608,
            "book_valuer_per_share": 26.62,
            "book_valuer_per_share_4q_avg": 26.4,
            "equity": 14024092,
            "current_ratio": 114.53,
            "debt_ratio": 74.95,
            "inventory_turnover_ratio": 2.42,
            "account_receivable_turnover_ratio": 1.31,
            "reinvestment_rate": 11.77,
            "research_to_sale_ratio": 3.25,
            "price_fair": 155.31,
            "eps_avg_yearly": 4.44,
            "eps_latest_yearly": 6.88,
            "eps_growth_yearly": 31.56
        },
        "20194": {
            "year_quarter": 20194,
            "year": 2019,
            "quarter": 4,
            "eps": 1.34,
            "eps_growth_year": 27.48,
            "eps_4q": 4.76,
            "eps_4q_growth_year": 16.57,
            "roe": 4.83,
            "roe_4q": 15.549999999999999,
            "gross_profit": 2935853,
            "gross_margin": 11.74,
            "gross_margin_4q_avg": 11.67,
            "net_income": 688820,
            "net_income_4q": null,
            "revenue": 25013636,
            "revenue_4q": null,
            "common_shares": 4485808,
            "book_valuer_per_share": 27.44,
            "book_valuer_per_share_4q_avg": 26.77,
            "equity": 14503640,
            "current_ratio": 117.16,
            "debt_ratio": 72.71,
            "inventory_turnover_ratio": 2.13,
            "account_receivable_turnover_ratio": 1.16,
            "reinvestment_rate": 17.6,
            "research_to_sale_ratio": 3.24,
            "price_fair": 157.06,
            "eps_avg_yearly": 4.49,
            "eps_latest_yearly": 5.36,
            "eps_growth_yearly": 26.25
        },
        "20201": {
            "year_quarter": 20201,
            "year": 2020,
            "quarter": 1,
            "eps": 0.62,
            "eps_growth_year": -22.5,
            "eps_4q": 4.58,
            "eps_4q_growth_year": 11.81,
            "roe": 1.43,
            "roe_4q": 15.059999999999999,
            "gross_profit": 1525141,
            "gross_margin": 11.28,
            "gross_margin_4q_avg": 11.53,
            "net_income": 207255,
            "net_income_4q": null,
            "revenue": 13524101,
            "revenue_4q": null,
            "common_shares": 4487308,
            "book_valuer_per_share": 27.78,
            "book_valuer_per_share_4q_avg": 26.87,
            "equity": 14566291,
            "current_ratio": 119.65,
            "debt_ratio": 71.45,
            "inventory_turnover_ratio": 1.24,
            "account_receivable_turnover_ratio": 0.89,
            "reinvestment_rate": 4,
            "research_to_sale_ratio": 4.44,
            "price_fair": 123.02,
            "eps_avg_yearly": 4.42,
            "eps_latest_yearly": 2.48,
            "eps_growth_yearly": 17.86
        },
        "20202": {
            "year_quarter": 20202,
            "year": 2020,
            "quarter": 2,
            "eps": 1.13,
            "eps_growth_year": 21.51,
            "eps_4q": 4.78,
            "eps_4q_growth_year": 12.15,
            "roe": 3.32,
            "roe_4q": 15.879999999999999,
            "gross_profit": 1841500,
            "gross_margin": 11.33,
            "gross_margin_4q_avg": 11.56,
            "net_income": 470370,
            "net_income_4q": null,
            "revenue": 16251419,
            "revenue_4q": null,
            "common_shares": 4486983,
            "book_valuer_per_share": 26.05,
            "book_valuer_per_share_4q_avg": 26.97,
            "equity": 13735585,
            "current_ratio": 118.18,
            "debt_ratio": 70.3,
            "inventory_turnover_ratio": 1.79,
            "account_receivable_turnover_ratio": 1.4,
            "reinvestment_rate": 20.38,
            "research_to_sale_ratio": 3.8,
            "price_fair": 155.49,
            "eps_avg_yearly": 4.44,
            "eps_latest_yearly": 4.52,
            "eps_growth_yearly": 35.41
        },
        "20203": {
            "year_quarter": 20203,
            "year": 2020,
            "quarter": 3,
            "eps": 1.73,
            "eps_growth_year": 0.58,
            "eps_4q": 4.78,
            "eps_4q_growth_year": 6.52,
            "roe": 5.81,
            "roe_4q": 15.389999999999999,
            "gross_profit": 2454095,
            "gross_margin": 12.98,
            "gross_margin_4q_avg": 11.83,
            "net_income": 828411,
            "net_income_4q": null,
            "revenue": 18906561,
            "revenue_4q": null,
            "common_shares": 4508983,
            "book_valuer_per_share": 28.08,
            "book_valuer_per_share_4q_avg": 27.34,
            "equity": 14775682,
            "current_ratio": 120.09,
            "debt_ratio": 70.55,
            "inventory_turnover_ratio": 2.05,
            "account_receivable_turnover_ratio": 1.4,
            "reinvestment_rate": 22.98,
            "research_to_sale_ratio": 3.57,
            "price_fair": 159.43,
            "eps_avg_yearly": 4.56,
            "eps_latest_yearly": 6.92,
            "eps_growth_yearly": 42.31
        },
        "20204": {
            "year_quarter": 20204,
            "year": 2020,
            "quarter": 4,
            "eps": 0.81,
            "eps_growth_year": -39.34,
            "eps_4q": 4.26,
            "eps_4q_growth_year": -10.56,
            "roe": 2.89,
            "roe_4q": 13.45,
            "gross_profit": 2290338,
            "gross_margin": 11.71,
            "gross_margin_4q_avg": 11.83,
            "net_income": 438231,
            "net_income_4q": null,
            "revenue": 19558858,
            "revenue_4q": null,
            "common_shares": 4508983,
            "book_valuer_per_share": 29.47,
            "book_valuer_per_share_4q_avg": 27.85,
            "equity": 15500590,
            "current_ratio": 125.66,
            "debt_ratio": 67.23,
            "inventory_turnover_ratio": 1.81,
            "account_receivable_turnover_ratio": 1.36,
            "reinvestment_rate": 18.56,
            "research_to_sale_ratio": 3.39,
            "price_fair": 156.1,
            "eps_avg_yearly": 4.46,
            "eps_latest_yearly": 3.24,
            "eps_growth_yearly": 30.77
        },
        "20211": {
            "year_quarter": 20211,
            "year": 2021,
            "quarter": 1,
            "eps": 1.13,
            "eps_growth_year": 82.26,
            "eps_4q": 4.76,
            "eps_4q_growth_year": 3.89,
            "roe": 3.19,
            "roe_4q": 15.21,
            "gross_profit": 2147990,
            "gross_margin": 12.52,
            "gross_margin_4q_avg": 12.14,
            "net_income": 501324,
            "net_income_4q": null,
            "revenue": 17159387,
            "revenue_4q": null,
            "common_shares": 4516243,
            "book_valuer_per_share": 30.44,
            "book_valuer_per_share_4q_avg": 28.51,
            "equity": 15938839,
            "current_ratio": 126.29,
            "debt_ratio": 69.72,
            "inventory_turnover_ratio": 1.47,
            "account_receivable_turnover_ratio": 1.32,
            "reinvestment_rate": 21.79,
            "research_to_sale_ratio": 4.03,
            "price_fair": 157.68,
            "eps_avg_yearly": 4.51,
            "eps_latest_yearly": 4.52,
            "eps_growth_yearly": 45.69
        },
        "20212": {
            "year_quarter": 20212,
            "year": 2021,
            "quarter": 2,
            "eps": 1.37,
            "eps_growth_year": 21.24,
            "eps_4q": 5,
            "eps_4q_growth_year": 4.55,
            "roe": 4.05,
            "roe_4q": 15.940000000000001,
            "gross_profit": 2190765,
            "gross_margin": 13.32,
            "gross_margin_4q_avg": 12.63,
            "net_income": 627328,
            "net_income_4q": null,
            "revenue": 16448009,
            "revenue_4q": null,
            "common_shares": 4515183,
            "book_valuer_per_share": 28.53,
            "book_valuer_per_share_4q_avg": 29.13,
            "equity": 15072223,
            "current_ratio": 121.11,
            "debt_ratio": 71.88,
            "inventory_turnover_ratio": 1.33,
            "account_receivable_turnover_ratio": 1.28,
            "reinvestment_rate": 18.65,
            "research_to_sale_ratio": 4.11,
            "price_fair": 160.48,
            "eps_avg_yearly": 4.59,
            "eps_latest_yearly": 5.48,
            "eps_growth_yearly": 48.37
        },
        "20213": {
            "year_quarter": 20213,
            "year": 2021,
            "quarter": 3,
            "eps": 1.5,
            "eps_growth_year": -13.29,
            "eps_4q": 4.77,
            "eps_4q_growth_year": -0.09,
            "roe": 4.46,
            "roe_4q": 14.59,
            "gross_profit": 2383988,
            "gross_margin": 13.49,
            "gross_margin_4q_avg": 12.76,
            "net_income": 686357,
            "net_income_4q": null,
            "revenue": 17668912,
            "revenue_4q": null,
            "common_shares": 4515183,
            "book_valuer_per_share": 29.99,
            "book_valuer_per_share_4q_avg": 29.61,
            "equity": 15731188,
            "current_ratio": 120.16,
            "debt_ratio": 70.83,
            "inventory_turnover_ratio": 1.28,
            "account_receivable_turnover_ratio": 1.28,
            "reinvestment_rate": 26.89,
            "research_to_sale_ratio": 4.04,
            "price_fair": 161.35,
            "eps_avg_yearly": 4.61,
            "eps_latest_yearly": 6,
            "eps_growth_yearly": 42.41
        },
        "20214": {
            "year_quarter": 20214,
            "year": 2021,
            "quarter": 4,
            "eps": 1.12,
            "eps_growth_year": 37.64,
            "eps_4q": 5.05,
            "eps_4q_growth_year": 18.6,
            "roe": 3.59,
            "roe_4q": 15.290000000000001,
            "gross_profit": 2656860,
            "gross_margin": 13.04,
            "gross_margin_4q_avg": 13.09,
            "net_income": 578212,
            "net_income_4q": null,
            "revenue": 20373541,
            "revenue_4q": null,
            "common_shares": 4552633,
            "book_valuer_per_share": 31.14,
            "book_valuer_per_share_4q_avg": 30.03,
            "equity": 16442512,
            "current_ratio": 125.22,
            "debt_ratio": 66.77,
            "inventory_turnover_ratio": 1.37,
            "account_receivable_turnover_ratio": 1.47,
            "reinvestment_rate": 35.89,
            "research_to_sale_ratio": 4.05,
            "price_fair": 160.21,
            "eps_avg_yearly": 4.58,
            "eps_latest_yearly": 4.48,
            "eps_growth_yearly": 38.75
        },
        "20221": {
            "year_quarter": 20221,
            "year": 2022,
            "quarter": 1,
            "eps": 1.23,
            "eps_growth_year": 8.85,
            "eps_4q": 5.15,
            "eps_4q_growth_year": 8.29,
            "roe": 3.19,
            "roe_4q": 15.29,
            "gross_profit": 2251811,
            "gross_margin": 12.58,
            "gross_margin_4q_avg": 13.11,
            "net_income": 542920,
            "net_income_4q": null,
            "revenue": 17894456,
            "revenue_4q": null,
            "common_shares": 4552353,
            "book_valuer_per_share": 33.66,
            "book_valuer_per_share_4q_avg": 30.83,
            "equity": 17639693,
            "current_ratio": 124.83,
            "debt_ratio": 69.01,
            "inventory_turnover_ratio": 1.14,
            "account_receivable_turnover_ratio": 1.31,
            "reinvestment_rate": 27.23,
            "research_to_sale_ratio": 4.01,
            "price_fair": 163.98,
            "eps_avg_yearly": 4.69,
            "eps_latest_yearly": 4.92,
            "eps_growth_yearly": 50.21
        },
        "20222": {
            "year_quarter": 20222,
            "year": 2022,
            "quarter": 2,
            "eps": 1.58,
            "eps_growth_year": 15.33,
            "eps_4q": 5.37,
            "eps_4q_growth_year": 7.48,
            "roe": 4.44,
            "roe_4q": 15.68,
            "gross_profit": 2747218,
            "gross_margin": 13.54,
            "gross_margin_4q_avg": 13.16,
            "net_income": 757530,
            "net_income_4q": null,
            "revenue": 20283246,
            "revenue_4q": null,
            "common_shares": 4552353,
            "book_valuer_per_share": 32.25,
            "book_valuer_per_share_4q_avg": 31.76,
            "equity": 16505853,
            "current_ratio": 123.71,
            "debt_ratio": 69.5,
            "inventory_turnover_ratio": 1.29,
            "account_receivable_turnover_ratio": 1.39,
            "reinvestment_rate": 33.31,
            "research_to_sale_ratio": 4.01,
            "price_fair": 171.15,
            "eps_avg_yearly": 4.89,
            "eps_latest_yearly": 6.32,
            "eps_growth_yearly": 58.57
        },
        "20223": {
            "year_quarter": 20223,
            "year": 2022,
            "quarter": 3,
            "eps": 1.95,
            "eps_growth_year": 30,
            "eps_4q": 5.78,
            "eps_4q_growth_year": 21.18,
            "roe": 5.49,
            "roe_4q": 16.71,
            "gross_profit": 3176982,
            "gross_margin": 14.22,
            "gross_margin_4q_avg": 13.35,
            "net_income": 939651,
            "net_income_4q": null,
            "revenue": 22339368,
            "revenue_4q": null,
            "common_shares": 4583393,
            "book_valuer_per_share": 34.49,
            "book_valuer_per_share_4q_avg": 32.89,
            "equity": 17720943,
            "current_ratio": 126.34,
            "debt_ratio": 66.78,
            "inventory_turnover_ratio": 1.65,
            "account_receivable_turnover_ratio": 1.39,
            "reinvestment_rate": 34.75,
            "research_to_sale_ratio": 4.24,
            "price_fair": 175.09,
            "eps_avg_yearly": 5,
            "eps_latest_yearly": 7.8,
            "eps_growth_yearly": 40.08
        },
        "20224": {
            "year_quarter": 20224,
            "year": 2022,
            "quarter": 4,
            "eps": 1.31,
            "eps_growth_year": 17.14,
            "eps_4q": 5.98,
            "eps_4q_growth_year": 18.55,
            "roe": 3.49,
            "roe_4q": 16.610000000000003,
            "gross_profit": 2808264,
            "gross_margin": 15,
            "gross_margin_4q_avg": 13.84,
            "net_income": 628860,
            "net_income_4q": null,
            "revenue": 18723695,
            "revenue_4q": null,
            "common_shares": 4582893,
            "book_valuer_per_share": 35.67,
            "book_valuer_per_share_4q_avg": 34.02,
            "equity": 18293585,
            "current_ratio": 131.28,
            "debt_ratio": 61.29,
            "inventory_turnover_ratio": 1.62,
            "account_receivable_turnover_ratio": 1.2,
            "reinvestment_rate": 30.1,
            "research_to_sale_ratio": 4.73,
            "price_fair": 177.36,
            "eps_avg_yearly": 5.07,
            "eps_latest_yearly": 5.24,
            "eps_growth_yearly": 39.38
        },
        "20231": {
            "year_quarter": 20231,
            "year": 2023,
            "quarter": 1,
            "eps": 1.23,
            "eps_growth_year": 0,
            "eps_4q": 5.98,
            "eps_4q_growth_year": 15.98,
            "roe": 3.07,
            "roe_4q": 16.490000000000002,
            "gross_profit": 2191110,
            "gross_margin": 14.93,
            "gross_margin_4q_avg": 14.42,
            "net_income": 573296,
            "net_income_4q": null,
            "revenue": 14677047,
            "revenue_4q": null,
            "common_shares": 4594343,
            "book_valuer_per_share": 37.05,
            "book_valuer_per_share_4q_avg": 34.87,
            "equity": 19001956,
            "current_ratio": 137.09,
            "debt_ratio": 58.68,
            "inventory_turnover_ratio": 1.39,
            "account_receivable_turnover_ratio": 1.07,
            "reinvestment_rate": 21.64,
            "research_to_sale_ratio": 4.93,
            "price_fair": 181.13,
            "eps_avg_yearly": 5.18,
            "eps_latest_yearly": 4.92,
            "eps_growth_yearly": 43.8
        },
        "20232": {
            "year_quarter": 20232,
            "year": 2023,
            "quarter": 2,
            "eps": 1.55,
            "eps_growth_year": -1.9,
            "eps_4q": 5.95,
            "eps_4q_growth_year": 10.76,
            "roe": 4.2,
            "roe_4q": 16.25,
            "gross_profit": 2562355,
            "gross_margin": 15.95,
            "gross_margin_4q_avg": 15.03,
            "net_income": 769234,
            "net_income_4q": null,
            "revenue": 16065380,
            "revenue_4q": null,
            "common_shares": 4594343,
            "book_valuer_per_share": 34.01,
            "book_valuer_per_share_4q_avg": 35.31,
            "equity": 17653616,
            "current_ratio": 126.73,
            "debt_ratio": 64.41,
            "inventory_turnover_ratio": 1.61,
            "account_receivable_turnover_ratio": 1.13,
            "reinvestment_rate": 14.45,
            "research_to_sale_ratio": 4.82,
            "price_fair": 186.55,
            "eps_avg_yearly": 5.33,
            "eps_latest_yearly": 6.2,
            "eps_growth_yearly": 46.25
        },
        "20233": {
            "year_quarter": 20233,
            "year": 2023,
            "quarter": 3,
            "eps": 1.63,
            "eps_growth_year": -16.41,
            "eps_4q": 5.6,
            "eps_4q_growth_year": -3.22,
            "roe": 4.34,
            "roe_4q": 15.1,
            "gross_profit": 2566759,
            "gross_margin": 16.32,
            "gross_margin_4q_avg": 15.55,
            "net_income": 799487,
            "net_income_4q": null,
            "revenue": 15723220,
            "revenue_4q": null,
            "common_shares": 4630748,
            "book_valuer_per_share": 36.84,
            "book_valuer_per_share_4q_avg": 35.89,
            "equity": 19205881,
            "current_ratio": 136.4,
            "debt_ratio": 60.63,
            "inventory_turnover_ratio": 1.68,
            "account_receivable_turnover_ratio": 1.07,
            "reinvestment_rate": 2.54,
            "research_to_sale_ratio": 5.06,
            "price_fair": 185.76,
            "eps_avg_yearly": 5.31,
            "eps_latest_yearly": 6.52,
            "eps_growth_yearly": 26.3
        },
        "20234": {
            "year_quarter": 20234,
            "year": 2023,
            "quarter": 4,
            "eps": 1.07,
            "eps_growth_year": -18.63,
            "eps_4q": 5.37,
            "eps_4q_growth_year": -10.3,
            "roe": 2.57,
            "roe_4q": 14.18,
            "gross_profit": 2261076,
            "gross_margin": 16.12,
            "gross_margin_4q_avg": 15.83,
            "net_income": 491472,
            "net_income_4q": null,
            "revenue": 14022755,
            "revenue_4q": null,
            "common_shares": 4629738,
            "book_valuer_per_share": 36.75,
            "book_valuer_per_share_4q_avg": 36.16,
            "equity": 19096576,
            "current_ratio": 139.34,
            "debt_ratio": 58.98,
            "inventory_turnover_ratio": 1.51,
            "account_receivable_turnover_ratio": 1.09,
            "reinvestment_rate": -5.46,
            "research_to_sale_ratio": 5.68,
            "price_fair": 174.14,
            "eps_avg_yearly": 5.24,
            "eps_latest_yearly": 4.28,
            "eps_growth_yearly": 23.23
        }
    },
    "months": {
        "2009-12": {
            "month": "2009-12",
            "price": "30.80",
            "revenue": 3207715
        },
        "2010-01": {
            "month": "2010-01",
            "price": "35.76",
            "revenue": 2968525
        },
        "2010-02": {
            "month": "2010-02",
            "price": "32.17",
            "revenue": 2374213
        },
        "2010-03": {
            "month": "2010-03",
            "price": "28.75",
            "revenue": 3619609
        },
        "2010-04": {
            "month": "2010-04",
            "price": "34.09",
            "revenue": 3352143
        },
        "2010-05": {
            "month": "2010-05",
            "price": "36.71",
            "revenue": 2930734
        },
        "2010-06": {
            "month": "2010-06",
            "price": "36.87",
            "revenue": 2817964
        },
        "2010-07": {
            "month": "2010-07",
            "price": "37.05",
            "revenue": 3503162
        },
        "2010-08": {
            "month": "2010-08",
            "price": "33.29",
            "revenue": 3301483
        },
        "2010-09": {
            "month": "2010-09",
            "price": "31.31",
            "revenue": 3904062
        },
        "2010-10": {
            "month": "2010-10",
            "price": "29.74",
            "revenue": 3439816
        },
        "2010-11": {
            "month": "2010-11",
            "price": "28.78",
            "revenue": 4697625
        },
        "2010-12": {
            "month": "2010-12",
            "price": "30.01",
            "revenue": 4171903
        },
        "2011-01": {
            "month": "2011-01",
            "price": "33.80",
            "revenue": 3081564
        },
        "2011-02": {
            "month": "2011-02",
            "price": "33.10",
            "revenue": 2619113
        },
        "2011-03": {
            "month": "2011-03",
            "price": "30.93",
            "revenue": 3935614
        },
        "2011-04": {
            "month": "2011-04",
            "price": "29.61",
            "revenue": 3887152
        },
        "2011-05": {
            "month": "2011-05",
            "price": "27.55",
            "revenue": 3478761
        },
        "2011-06": {
            "month": "2011-06",
            "price": "27.91",
            "revenue": 3197744
        },
        "2011-07": {
            "month": "2011-07",
            "price": "26.46",
            "revenue": 4079097
        },
        "2011-08": {
            "month": "2011-08",
            "price": "22.34",
            "revenue": 4838173
        },
        "2011-09": {
            "month": "2011-09",
            "price": "19.44",
            "revenue": 5079421
        },
        "2011-10": {
            "month": "2011-10",
            "price": "17.71",
            "revenue": 4414823
        },
        "2011-11": {
            "month": "2011-11",
            "price": "18.08",
            "revenue": 4601351
        },
        "2011-12": {
            "month": "2011-12",
            "price": "16.88",
            "revenue": 4128439
        },
        "2012-01": {
            "month": "2012-01",
            "price": "14.93",
            "revenue": 3552985
        },
        "2012-02": {
            "month": "2012-02",
            "price": "19.72",
            "revenue": 3331033
        },
        "2012-03": {
            "month": "2012-03",
            "price": "21.99",
            "revenue": 3218442
        },
        "2012-04": {
            "month": "2012-04",
            "price": "21.36",
            "revenue": 3381963
        },
        "2012-05": {
            "month": "2012-05",
            "price": "20.47",
            "revenue": 3652212
        },
        "2012-06": {
            "month": "2012-06",
            "price": "20.81",
            "revenue": 3599168
        },
        "2012-07": {
            "month": "2012-07",
            "price": "23.86",
            "revenue": 3897986
        },
        "2012-08": {
            "month": "2012-08",
            "price": "26.70",
            "revenue": 3431663
        },
        "2012-09": {
            "month": "2012-09",
            "price": "28.01",
            "revenue": 3379041
        },
        "2012-10": {
            "month": "2012-10",
            "price": "26.56",
            "revenue": 3864607
        },
        "2012-11": {
            "month": "2012-11",
            "price": "26.65",
            "revenue": 3811152
        },
        "2012-12": {
            "month": "2012-12",
            "price": "26.83",
            "revenue": 4015356
        },
        "2013-01": {
            "month": "2013-01",
            "price": "25.71",
            "revenue": 4341497
        },
        "2013-02": {
            "month": "2013-02",
            "price": "25.53",
            "revenue": 2761938
        },
        "2013-03": {
            "month": "2013-03",
            "price": "25.45",
            "revenue": 3479163
        },
        "2013-04": {
            "month": "2013-04",
            "price": "27.44",
            "revenue": 3509319
        },
        "2013-05": {
            "month": "2013-05",
            "price": "27.38",
            "revenue": 3397303
        },
        "2013-06": {
            "month": "2013-06",
            "price": "26.34",
            "revenue": 3407968
        },
        "2013-07": {
            "month": "2013-07",
            "price": "25.20",
            "revenue": 3440358
        },
        "2013-08": {
            "month": "2013-08",
            "price": "23.54",
            "revenue": 3496698
        },
        "2013-09": {
            "month": "2013-09",
            "price": "22.92",
            "revenue": 3421844
        },
        "2013-10": {
            "month": "2013-10",
            "price": "24.34",
            "revenue": 3432244
        },
        "2013-11": {
            "month": "2013-11",
            "price": "25.27",
            "revenue": 3858797
        },
        "2013-12": {
            "month": "2013-12",
            "price": "26.35",
            "revenue": 3772858
        },
        "2014-01": {
            "month": "2014-01",
            "price": "27.28",
            "revenue": 3896285
        },
        "2014-02": {
            "month": "2014-02",
            "price": "26.73",
            "revenue": 3232588
        },
        "2014-03": {
            "month": "2014-03",
            "price": "29.50",
            "revenue": 4473772
        },
        "2014-04": {
            "month": "2014-04",
            "price": "35.91",
            "revenue": 4671091
        },
        "2014-05": {
            "month": "2014-05",
            "price": "36.90",
            "revenue": 4385407
        },
        "2014-06": {
            "month": "2014-06",
            "price": "43.45",
            "revenue": 4523007
        },
        "2014-07": {
            "month": "2014-07",
            "price": "48.08",
            "revenue": 4832893
        },
        "2014-08": {
            "month": "2014-08",
            "price": "44.20",
            "revenue": 4202845
        },
        "2014-09": {
            "month": "2014-09",
            "price": "37.57",
            "revenue": 4586822
        },
        "2014-10": {
            "month": "2014-10",
            "price": "34.10",
            "revenue": 4420943
        },
        "2014-11": {
            "month": "2014-11",
            "price": "37.94",
            "revenue": 4422265
        },
        "2014-12": {
            "month": "2014-12",
            "price": "39.04",
            "revenue": 4569539
        },
        "2015-01": {
            "month": "2015-01",
            "price": "41.46",
            "revenue": 4719356
        },
        "2015-02": {
            "month": "2015-02",
            "price": "43.37",
            "revenue": 3497888
        },
        "2015-03": {
            "month": "2015-03",
            "price": "44.82",
            "revenue": 4740645
        },
        "2015-04": {
            "month": "2015-04",
            "price": "42.86",
            "revenue": 4878706
        },
        "2015-05": {
            "month": "2015-05",
            "price": "40.91",
            "revenue": 4518676
        },
        "2015-06": {
            "month": "2015-06",
            "price": "39.04",
            "revenue": 5142215
        },
        "2015-07": {
            "month": "2015-07",
            "price": "38.91",
            "revenue": 5766657
        },
        "2015-08": {
            "month": "2015-08",
            "price": "36.69",
            "revenue": 5650707
        },
        "2015-09": {
            "month": "2015-09",
            "price": "41.60",
            "revenue": 6365462
        },
        "2015-10": {
            "month": "2015-10",
            "price": "43.95",
            "revenue": 7277942
        },
        "2015-11": {
            "month": "2015-11",
            "price": "41.93",
            "revenue": 7145667
        },
        "2015-12": {
            "month": "2015-12",
            "price": "42.33",
            "revenue": 5889785
        },
        "2016-01": {
            "month": "2016-01",
            "price": "37.94",
            "revenue": 5312211
        },
        "2016-02": {
            "month": "2016-02",
            "price": "38.62",
            "revenue": 3023738
        },
        "2016-03": {
            "month": "2016-03",
            "price": "39.51",
            "revenue": 5676611
        },
        "2016-04": {
            "month": "2016-04",
            "price": "37.82",
            "revenue": 4885033
        },
        "2016-05": {
            "month": "2016-05",
            "price": "38.06",
            "revenue": 5126576
        },
        "2016-06": {
            "month": "2016-06",
            "price": "40.32",
            "revenue": 5546264
        },
        "2016-07": {
            "month": "2016-07",
            "price": "42.83",
            "revenue": 5994323
        },
        "2016-08": {
            "month": "2016-08",
            "price": "43.48",
            "revenue": 6390525
        },
        "2016-09": {
            "month": "2016-09",
            "price": "44.98",
            "revenue": 6103583
        },
        "2016-10": {
            "month": "2016-10",
            "price": "46.92",
            "revenue": 5582566
        },
        "2016-11": {
            "month": "2016-11",
            "price": "46.07",
            "revenue": 6064511
        },
        "2016-12": {
            "month": "2016-12",
            "price": "44.33",
            "revenue": 5888356
        },
        "2017-01": {
            "month": "2017-01",
            "price": "43.81",
            "revenue": 4270751
        },
        "2017-02": {
            "month": "2017-02",
            "price": "45.70",
            "revenue": 3818336
        },
        "2017-03": {
            "month": "2017-03",
            "price": "48.97",
            "revenue": 4792098
        },
        "2017-04": {
            "month": "2017-04",
            "price": "49.23",
            "revenue": 4540838
        },
        "2017-05": {
            "month": "2017-05",
            "price": "55.62",
            "revenue": 4580033
        },
        "2017-06": {
            "month": "2017-06",
            "price": "60.66",
            "revenue": 4714279
        },
        "2017-07": {
            "month": "2017-07",
            "price": "62.70",
            "revenue": 4723615
        },
        "2017-08": {
            "month": "2017-08",
            "price": "70.33",
            "revenue": 4726319
        },
        "2017-09": {
            "month": "2017-09",
            "price": "70.65",
            "revenue": 5547099
        },
        "2017-10": {
            "month": "2017-10",
            "price": "77.28",
            "revenue": 6585641
        },
        "2017-11": {
            "month": "2017-11",
            "price": "77.83",
            "revenue": 6984922
        },
        "2017-12": {
            "month": "2017-12",
            "price": "79.95",
            "revenue": 5457761
        },
        "2018-01": {
            "month": "2018-01",
            "price": "80.82",
            "revenue": 4815517
        },
        "2018-02": {
            "month": "2018-02",
            "price": "76.31",
            "revenue": 2723785
        },
        "2018-03": {
            "month": "2018-03",
            "price": "67.53",
            "revenue": 4336778
        },
        "2018-04": {
            "month": "2018-04",
            "price": "60.82",
            "revenue": 4585973
        },
        "2018-05": {
            "month": "2018-05",
            "price": "57.71",
            "revenue": 5016214
        },
        "2018-06": {
            "month": "2018-06",
            "price": "60.33",
            "revenue": 5187465
        },
        "2018-07": {
            "month": "2018-07",
            "price": "55.28",
            "revenue": 5695307
        },
        "2018-08": {
            "month": "2018-08",
            "price": "57.65",
            "revenue": 6416337
        },
        "2018-09": {
            "month": "2018-09",
            "price": "49.95",
            "revenue": 7511880
        },
        "2018-10": {
            "month": "2018-10",
            "price": "45.00",
            "revenue": 7413584
        },
        "2018-11": {
            "month": "2018-11",
            "price": "40.83",
            "revenue": 6330894
        },
        "2018-12": {
            "month": "2018-12",
            "price": "44.25",
            "revenue": 4777674
        },
        "2019-01": {
            "month": "2019-01",
            "price": "48.41",
            "revenue": 5466535
        },
        "2019-02": {
            "month": "2019-02",
            "price": "56.54",
            "revenue": 2912731
        },
        "2019-03": {
            "month": "2019-03",
            "price": "60.36",
            "revenue": 5261868
        },
        "2019-04": {
            "month": "2019-04",
            "price": "65.92",
            "revenue": 5016543
        },
        "2019-05": {
            "month": "2019-05",
            "price": "54.15",
            "revenue": 5056728
        },
        "2019-06": {
            "month": "2019-06",
            "price": "52.46",
            "revenue": 6631004
        },
        "2019-07": {
            "month": "2019-07",
            "price": "54.40",
            "revenue": 7365499
        },
        "2019-08": {
            "month": "2019-08",
            "price": "59.53",
            "revenue": 8579706
        },
        "2019-09": {
            "month": "2019-09",
            "price": "60.58",
            "revenue": 9345358
        },
        "2019-10": {
            "month": "2019-10",
            "price": "63.28",
            "revenue": 9361898
        },
        "2019-11": {
            "month": "2019-11",
            "price": "65.26",
            "revenue": 8569554
        },
        "2019-12": {
            "month": "2019-12",
            "price": "62.74",
            "revenue": 7077017
        },
        "2020-01": {
            "month": "2020-01",
            "price": "59.67",
            "revenue": 5312893
        },
        "2020-02": {
            "month": "2020-02",
            "price": "52.12",
            "revenue": 2570359
        },
        "2020-03": {
            "month": "2020-03",
            "price": "41.75",
            "revenue": 5640849
        },
        "2020-04": {
            "month": "2020-04",
            "price": "45.23",
            "revenue": 6512177
        },
        "2020-05": {
            "month": "2020-05",
            "price": "47.22",
            "revenue": 5192517
        },
        "2020-06": {
            "month": "2020-06",
            "price": "49.16",
            "revenue": 4546725
        },
        "2020-07": {
            "month": "2020-07",
            "price": "44.88",
            "revenue": 5747565
        },
        "2020-08": {
            "month": "2020-08",
            "price": "42.44",
            "revenue": 5928822
        },
        "2020-09": {
            "month": "2020-09",
            "price": "43.40",
            "revenue": 7230174
        },
        "2020-10": {
            "month": "2020-10",
            "price": "44.19",
            "revenue": 6572730
        },
        "2020-11": {
            "month": "2020-11",
            "price": "46.93",
            "revenue": 7065713
        },
        "2020-12": {
            "month": "2020-12",
            "price": "48.14",
            "revenue": 5920415
        },
        "2021-01": {
            "month": "2021-01",
            "price": "51.96",
            "revenue": 7182142
        },
        "2021-02": {
            "month": "2021-02",
            "price": "62.33",
            "revenue": 4220243
        },
        "2021-03": {
            "month": "2021-03",
            "price": "63.11",
            "revenue": 5757002
        },
        "2021-04": {
            "month": "2021-04",
            "price": "61.16",
            "revenue": 6066898
        },
        "2021-05": {
            "month": "2021-05",
            "price": "53.30",
            "revenue": 5106162
        },
        "2021-06": {
            "month": "2021-06",
            "price": "53.51",
            "revenue": 5274949
        },
        "2021-07": {
            "month": "2021-07",
            "price": "57.80",
            "revenue": 5418310
        },
        "2021-08": {
            "month": "2021-08",
            "price": "53.10",
            "revenue": 5936946
        },
        "2021-09": {
            "month": "2021-09",
            "price": "51.18",
            "revenue": 6313656
        },
        "2021-10": {
            "month": "2021-10",
            "price": "50.64",
            "revenue": 6877311
        },
        "2021-11": {
            "month": "2021-11",
            "price": "52.38",
            "revenue": 6811153
        },
        "2021-12": {
            "month": "2021-12",
            "price": "55.00",
            "revenue": 6685077
        },
        "2022-01": {
            "month": "2022-01",
            "price": "55.12",
            "revenue": 5880511
        },
        "2022-02": {
            "month": "2022-02",
            "price": "53.67",
            "revenue": 5069718
        },
        "2022-03": {
            "month": "2022-03",
            "price": "51.80",
            "revenue": 6944227
        },
        "2022-04": {
            "month": "2022-04",
            "price": "55.42",
            "revenue": 6368921
        },
        "2022-05": {
            "month": "2022-05",
            "price": "58.15",
            "revenue": 6866507
        },
        "2022-06": {
            "month": "2022-06",
            "price": "61.56",
            "revenue": 7047818
        },
        "2022-07": {
            "month": "2022-07",
            "price": "62.96",
            "revenue": 7378112
        },
        "2022-08": {
            "month": "2022-08",
            "price": "68.60",
            "revenue": 7429895
        },
        "2022-09": {
            "month": "2022-09",
            "price": "66.28",
            "revenue": 7531361
        },
        "2022-10": {
            "month": "2022-10",
            "price": "58.95",
            "revenue": 6256927
        },
        "2022-11": {
            "month": "2022-11",
            "price": "55.71",
            "revenue": 6616854
        },
        "2022-12": {
            "month": "2022-12",
            "price": "56.77",
            "revenue": 5849914
        },
        "2023-01": {
            "month": "2023-01",
            "price": "56.72",
            "revenue": 4043540
        },
        "2023-02": {
            "month": "2023-02",
            "price": "58.78",
            "revenue": 4533640
        },
        "2023-03": {
            "month": "2023-03",
            "price": "61.22",
            "revenue": 6099867
        },
        "2023-04": {
            "month": "2023-04",
            "price": "60.46",
            "revenue": 5049247
        },
        "2023-05": {
            "month": "2023-05",
            "price": "62.67",
            "revenue": 5531686
        },
        "2023-06": {
            "month": "2023-06",
            "price": "65.26",
            "revenue": 5484447
        },
        "2023-07": {
            "month": "2023-07",
            "price": "63.44",
            "revenue": 5014100
        },
        "2023-08": {
            "month": "2023-08",
            "price": "64.25",
            "revenue": 5197689
        },
        "2023-09": {
            "month": "2023-09",
            "price": "69.74",
            "revenue": 5511431
        },
        "2023-10": {
            "month": "2023-10",
            "price": "70.05",
            "revenue": 4984562
        },
        "2023-11": {
            "month": "2023-11",
            "price": "64.10",
            "revenue": 4977986
        },
        "2023-12": {
            "month": "2023-12",
            "price": "65.59",
            "revenue": 4060207
        }
    }
}
