{
    "summary": {
        "stock_name": "事欣科",
        "stock_id": "4916",
        "category": "電腦及週邊設備",
        "main_business": "博奕及工業電腦<br>航太及國防工業",
        "website_url": "http://www.parpro.com",
        "ceo": "廖文嘉",
        "pe_ratio": 26,
        "report_year_from": 2009,
        "report_year_to": 2023,
        "age": 14,
        "eps_negative_percentage": 15,
        "eps_growth_avg": {
            "last_all": -26.38,
            "last_2y": -53.1,
            "last_4y": 6.43,
            "last_8y": -30.58,
            "last_12y": null,
            "last_16y": null,
            "last_20y": null,
            "at_2006_last_3y": null,
            "at_2007_last_3y": null,
            "at_2008_last_3y": null,
            "at_2009_last_3y": null,
            "at_2010_last_3y": null,
            "at_2011_last_3y": null,
            "at_2012_last_3y": null,
            "at_2013_last_3y": null,
            "at_2014_last_3y": null,
            "at_2015_last_3y": null,
            "at_2016_last_3y": null,
            "at_2017_last_3y": -79.91,
            "at_2018_last_3y": -15.51,
            "at_2019_last_3y": 28.46,
            "at_2020_last_3y": -3.66,
            "at_2021_last_3y": 10.64,
            "at_2022_last_3y": -24.76,
            "at_2023_last_3y": -24.76,
            "at_2006_last_all": null,
            "at_2007_last_all": null,
            "at_2008_last_all": null,
            "at_2009_last_all": null,
            "at_2010_last_all": null,
            "at_2011_last_all": null,
            "at_2012_last_all": null,
            "at_2013_last_all": -11.69,
            "at_2014_last_all": -38.86,
            "at_2015_last_all": -54.14,
            "at_2016_last_all": -54.14,
            "at_2017_last_all": -52.62,
            "at_2018_last_all": -27.18,
            "at_2019_last_all": -18.74,
            "at_2020_last_all": -28.9,
            "at_2021_last_all": -28.9,
            "at_2022_last_all": -26.38,
            "at_2023_last_all": -26.38
        },
        "latest_eps": 1.31,
        "latest_price": 34.25,
        "latest_roe": 7.57,
        "latest_gross_margin": 16.85,
        "latest_equity": 1847262,
        "latest_revenue": 857892,
        "latest_gross_profit": 144572,
        "latest_net_income": 35989,
        "latest_debt_ratio": 48.82,
        "latest_current_ratio": 226.3,
        "latest_account_receivable_turnover_ratio": 1.23,
        "latest_inventory_turnover_ratio": 0.7,
        "latest_reinvestment_rate": -277.1,
        "latest_research_to_sale_ratio": 0.06
    },
    "eps_dividends": {
        "2001": {
            "cash": 0,
            "stock": 0,
            "eps": 0
        },
        "2002": {
            "cash": 0,
            "stock": 0,
            "eps": 0
        },
        "2003": {
            "cash": 0,
            "stock": 0,
            "eps": 0
        },
        "2004": {
            "cash": 0,
            "stock": 0,
            "eps": 0
        },
        "2005": {
            "cash": 0,
            "stock": 0,
            "eps": 0
        },
        "2006": {
            "cash": 0,
            "stock": 0,
            "eps": 0
        },
        "2007": {
            "cash": 0,
            "stock": 0,
            "eps": 0
        },
        "2008": {
            "cash": 0,
            "stock": 0,
            "eps": 0
        },
        "2009": {
            "cash": 0,
            "stock": 0,
            "eps": 3.84
        },
        "2010": {
            "cash": 0,
            "stock": 3,
            "eps": 4.77
        },
        "2011": {
            "cash": 9,
            "stock": 1.5,
            "eps": 0
        },
        "2012": {
            "cash": 0,
            "stock": 0,
            "eps": 0
        },
        "2013": {
            "cash": 3,
            "stock": 14,
            "eps": 2.5
        },
        "2014": {
            "cash": 2,
            "stock": 0,
            "eps": 0.17
        },
        "2015": {
            "cash": 1.5,
            "stock": 0,
            "eps": -0.4
        },
        "2016": {
            "cash": 0.5,
            "stock": 0,
            "eps": 2.02
        },
        "2017": {
            "cash": 1,
            "stock": 1,
            "eps": 1.08
        },
        "2018": {
            "cash": 1,
            "stock": 0,
            "eps": 3.04
        },
        "2019": {
            "cash": 2.5,
            "stock": 0,
            "eps": 4.01
        },
        "2020": {
            "cash": 2,
            "stock": 0,
            "eps": -1.78
        },
        "2021": {
            "cash": 0.5,
            "stock": 0,
            "eps": 1.29
        },
        "2022": {
            "cash": 0.5,
            "stock": 0,
            "eps": 1.21
        },
        "2023": {
            "cash": 0.4,
            "stock": 0,
            "eps": 0.71
        }
    },
    "dividends": {
        "2010-04-14": {
            "cash": 0,
            "stock": 3
        },
        "2011-01-01": {
            "cash": 5,
            "stock": 0.5
        },
        "2011-04-08": {
            "cash": 4,
            "stock": 1
        },
        "2013-03-07": {
            "cash": 3,
            "stock": 14
        },
        "2014-05-30": {
            "cash": 2,
            "stock": 0
        },
        "2015-07-29": {
            "cash": 1.5,
            "stock": 0
        },
        "2016-07-21": {
            "cash": 0.5,
            "stock": 0
        },
        "2017-08-04": {
            "cash": 1,
            "stock": 1
        },
        "2018-09-07": {
            "cash": 1,
            "stock": 0
        },
        "2019-08-07": {
            "cash": 2.5,
            "stock": 0
        },
        "2020-07-30": {
            "cash": 2,
            "stock": 0
        },
        "2021-08-27": {
            "cash": 0.5,
            "stock": 0
        },
        "2022-08-31": {
            "cash": 0.5,
            "stock": 0
        },
        "2023-07-19": {
            "cash": 0.4,
            "stock": 0
        }
    },
    "prices": {
        "200101": "無",
        "200102": "無",
        "200103": "無",
        "200104": "無",
        "200105": "無",
        "200106": "無",
        "200107": "無",
        "200108": "無",
        "200109": "無",
        "200110": "無",
        "200111": "無",
        "200112": "無",
        "200201": "無",
        "200202": "無",
        "200203": "無",
        "200204": "無",
        "200205": "無",
        "200206": "無",
        "200207": "無",
        "200208": "無",
        "200209": "無",
        "200210": "無",
        "200211": "無",
        "200212": "無",
        "200301": "無",
        "200302": "無",
        "200303": "無",
        "200304": "無",
        "200305": "無",
        "200306": "無",
        "200307": "無",
        "200308": "無",
        "200309": "無",
        "200310": "無",
        "200311": "無",
        "200312": "無",
        "200401": "無",
        "200402": "無",
        "200403": "無",
        "200404": "無",
        "200405": "無",
        "200406": "無",
        "200407": "無",
        "200408": "無",
        "200409": "無",
        "200410": "無",
        "200411": "無",
        "200412": "無",
        "200501": "無",
        "200502": "無",
        "200503": "無",
        "200504": "無",
        "200505": "無",
        "200506": "無",
        "200507": "無",
        "200508": "無",
        "200509": "無",
        "200510": "無",
        "200511": "無",
        "200512": "無",
        "200601": "無",
        "200602": "無",
        "200603": "無",
        "200604": "無",
        "200605": "無",
        "200606": "無",
        "200607": "無",
        "200608": "無",
        "200609": "無",
        "200610": "無",
        "200611": "無",
        "200612": "無",
        "200701": "無",
        "200702": "無",
        "200703": "無",
        "200704": "無",
        "200705": "無",
        "200706": "無",
        "200707": "無",
        "200708": "無",
        "200709": "無",
        "200710": "無",
        "200711": "無",
        "200712": "無",
        "200801": "無",
        "200802": "無",
        "200803": "無",
        "200804": "無",
        "200805": "無",
        "200806": "無",
        "200807": "無",
        "200808": "無",
        "200809": "無",
        "200810": "無",
        "200811": "無",
        "200812": "無",
        "200901": "無",
        "200902": "無",
        "200903": "無",
        "200904": "無",
        "200905": "無",
        "200906": "無",
        "200907": "無",
        "200908": "無",
        "200909": "無",
        "200910": "無",
        "200911": "無",
        "200912": "48.68",
        "201001": "55.39",
        "201002": "56.86",
        "201003": "55.37",
        "201004": "71.64",
        "201005": "81.71",
        "201006": "82.78",
        "201007": "109.63",
        "201008": "128.61",
        "201009": "142.55",
        "201010": "133.13",
        "201011": "111.40",
        "201012": "99.69",
        "201101": "110.93",
        "201102": "98.03",
        "201103": "98.35",
        "201104": "92.16",
        "201105": "103.28",
        "201106": "104.35",
        "201107": "95.90",
        "201108": "89.69",
        "201109": "85.46",
        "201110": "78.34",
        "201111": "78.72",
        "201112": "70.68",
        "201201": "79.42",
        "201202": "90.45",
        "201203": "100.85",
        "201204": "117.44",
        "201205": "113.92",
        "201206": "106.43",
        "201207": "102.20",
        "201208": "88.32",
        "201209": "87.17",
        "201210": "80.85",
        "201211": "71.20",
        "201212": "69.81",
        "201301": "72.96",
        "201302": "76.05",
        "201303": "109.18",
        "201304": "109.08",
        "201305": "96.24",
        "201306": "43.10",
        "201307": "41.14",
        "201308": "39.82",
        "201309": "42.25",
        "201310": "49.25",
        "201311": "44.91",
        "201312": "48.02",
        "201401": "57.79",
        "201402": "60.62",
        "201403": "61.28",
        "201404": "52.31",
        "201405": "51.12",
        "201406": "51.00",
        "201407": "52.69",
        "201408": "44.66",
        "201409": "37.88",
        "201410": "33.18",
        "201411": "29.36",
        "201412": "32.04",
        "201501": "33.27",
        "201502": "31.02",
        "201503": "33.21",
        "201504": "34.19",
        "201505": "30.86",
        "201506": "22.79",
        "201507": "19.07",
        "201508": "14.64",
        "201509": "17.69",
        "201510": "21.99",
        "201511": "22.26",
        "201512": "21.26",
        "201601": "19.77",
        "201602": "22.09",
        "201603": "29.50",
        "201604": "43.60",
        "201605": "42.08",
        "201606": "49.45",
        "201607": "50.25",
        "201608": "44.24",
        "201609": "40.04",
        "201610": "39.20",
        "201611": "34.52",
        "201612": "35.88",
        "201701": "32.88",
        "201702": "35.65",
        "201703": "38.12",
        "201704": "37.56",
        "201705": "33.24",
        "201706": "32.59",
        "201707": "30.91",
        "201708": "33.04",
        "201709": "35.01",
        "201710": "34.08",
        "201711": "33.71",
        "201712": "36.11",
        "201801": "35.28",
        "201802": "33.25",
        "201803": "34.38",
        "201804": "35.33",
        "201805": "36.46",
        "201806": "37.51",
        "201807": "35.16",
        "201808": "35.29",
        "201809": "33.67",
        "201810": "29.15",
        "201811": "29.40",
        "201812": "29.60",
        "201901": "30.28",
        "201902": "31.78",
        "201903": "35.27",
        "201904": "36.61",
        "201905": "36.14",
        "201906": "35.55",
        "201907": "34.43",
        "201908": "32.80",
        "201909": "33.13",
        "201910": "34.82",
        "201911": "34.70",
        "201912": "33.95",
        "202001": "32.74",
        "202002": "29.40",
        "202003": "25.54",
        "202004": "26.02",
        "202005": "26.89",
        "202006": "27.88",
        "202007": "24.45",
        "202008": "21.65",
        "202009": "21.08",
        "202010": "21.06",
        "202011": "23.04",
        "202012": "25.35",
        "202101": "23.21",
        "202102": "23.38",
        "202103": "23.89",
        "202104": "24.93",
        "202105": "22.28",
        "202106": "23.37",
        "202107": "26.17",
        "202108": "24.82",
        "202109": "24.83",
        "202110": "23.52",
        "202111": "32.93",
        "202112": "31.99",
        "202201": "29.07",
        "202202": "28.20",
        "202203": "28.40",
        "202204": "28.07",
        "202205": "24.60",
        "202206": "23.50",
        "202207": "22.77",
        "202208": "26.01",
        "202209": "23.83",
        "202210": "21.97",
        "202211": "23.36",
        "202212": "27.24",
        "202301": "27.49",
        "202302": "29.37",
        "202303": "31.99",
        "202304": "33.70",
        "202305": "34.36",
        "202306": "39.18",
        "202307": "41.16",
        "202308": "39.42",
        "202309": "38.88",
        "202310": "36.28"
    },
    "quarters": {
        "20011": {
            "year_quarter": 20011,
            "year": 2001,
            "quarter": 1,
            "eps": null,
            "eps_growth_year": null,
            "eps_4q": null,
            "eps_4q_growth_year": null,
            "roe": null,
            "roe_4q": 0,
            "gross_profit": null,
            "gross_margin": null,
            "gross_margin_4q_avg": 0,
            "net_income": null,
            "net_income_4q": null,
            "revenue": null,
            "revenue_4q": null,
            "common_shares": null,
            "book_valuer_per_share": null,
            "book_valuer_per_share_4q_avg": 0,
            "equity": null,
            "current_ratio": null,
            "debt_ratio": null,
            "inventory_turnover_ratio": null,
            "account_receivable_turnover_ratio": null,
            "reinvestment_rate": null,
            "research_to_sale_ratio": null,
            "price_fair": 0,
            "eps_avg_yearly": 0,
            "eps_latest_yearly": 0,
            "eps_growth_yearly": 0
        },
        "20012": {
            "year_quarter": 20012,
            "year": 2001,
            "quarter": 2,
            "eps": null,
            "eps_growth_year": null,
            "eps_4q": null,
            "eps_4q_growth_year": null,
            "roe": null,
            "roe_4q": 0,
            "gross_profit": null,
            "gross_margin": null,
            "gross_margin_4q_avg": 0,
            "net_income": null,
            "net_income_4q": null,
            "revenue": null,
            "revenue_4q": null,
            "common_shares": null,
            "book_valuer_per_share": null,
            "book_valuer_per_share_4q_avg": 0,
            "equity": null,
            "current_ratio": null,
            "debt_ratio": null,
            "inventory_turnover_ratio": null,
            "account_receivable_turnover_ratio": null,
            "reinvestment_rate": null,
            "research_to_sale_ratio": null,
            "price_fair": 0,
            "eps_avg_yearly": 0,
            "eps_latest_yearly": 0,
            "eps_growth_yearly": 0
        },
        "20013": {
            "year_quarter": 20013,
            "year": 2001,
            "quarter": 3,
            "eps": null,
            "eps_growth_year": null,
            "eps_4q": null,
            "eps_4q_growth_year": null,
            "roe": null,
            "roe_4q": 0,
            "gross_profit": null,
            "gross_margin": null,
            "gross_margin_4q_avg": 0,
            "net_income": null,
            "net_income_4q": null,
            "revenue": null,
            "revenue_4q": null,
            "common_shares": null,
            "book_valuer_per_share": null,
            "book_valuer_per_share_4q_avg": 0,
            "equity": null,
            "current_ratio": null,
            "debt_ratio": null,
            "inventory_turnover_ratio": null,
            "account_receivable_turnover_ratio": null,
            "reinvestment_rate": null,
            "research_to_sale_ratio": null,
            "price_fair": 0,
            "eps_avg_yearly": 0,
            "eps_latest_yearly": 0,
            "eps_growth_yearly": 0
        },
        "20014": {
            "year_quarter": 20014,
            "year": 2001,
            "quarter": 4,
            "eps": null,
            "eps_growth_year": null,
            "eps_4q": null,
            "eps_4q_growth_year": null,
            "roe": null,
            "roe_4q": 0,
            "gross_profit": null,
            "gross_margin": null,
            "gross_margin_4q_avg": 0,
            "net_income": null,
            "net_income_4q": null,
            "revenue": null,
            "revenue_4q": null,
            "common_shares": null,
            "book_valuer_per_share": null,
            "book_valuer_per_share_4q_avg": 0,
            "equity": null,
            "current_ratio": null,
            "debt_ratio": null,
            "inventory_turnover_ratio": null,
            "account_receivable_turnover_ratio": null,
            "reinvestment_rate": null,
            "research_to_sale_ratio": null,
            "price_fair": 0,
            "eps_avg_yearly": 0,
            "eps_latest_yearly": 0,
            "eps_growth_yearly": 0
        },
        "20021": {
            "year_quarter": 20021,
            "year": 2002,
            "quarter": 1,
            "eps": null,
            "eps_growth_year": null,
            "eps_4q": null,
            "eps_4q_growth_year": null,
            "roe": null,
            "roe_4q": 0,
            "gross_profit": null,
            "gross_margin": null,
            "gross_margin_4q_avg": 0,
            "net_income": null,
            "net_income_4q": null,
            "revenue": null,
            "revenue_4q": null,
            "common_shares": null,
            "book_valuer_per_share": null,
            "book_valuer_per_share_4q_avg": 0,
            "equity": null,
            "current_ratio": null,
            "debt_ratio": null,
            "inventory_turnover_ratio": null,
            "account_receivable_turnover_ratio": null,
            "reinvestment_rate": null,
            "research_to_sale_ratio": null,
            "price_fair": 0,
            "eps_avg_yearly": 0,
            "eps_latest_yearly": 0,
            "eps_growth_yearly": 0
        },
        "20022": {
            "year_quarter": 20022,
            "year": 2002,
            "quarter": 2,
            "eps": null,
            "eps_growth_year": null,
            "eps_4q": null,
            "eps_4q_growth_year": null,
            "roe": null,
            "roe_4q": 0,
            "gross_profit": null,
            "gross_margin": null,
            "gross_margin_4q_avg": 0,
            "net_income": null,
            "net_income_4q": null,
            "revenue": null,
            "revenue_4q": null,
            "common_shares": null,
            "book_valuer_per_share": null,
            "book_valuer_per_share_4q_avg": 0,
            "equity": null,
            "current_ratio": null,
            "debt_ratio": null,
            "inventory_turnover_ratio": null,
            "account_receivable_turnover_ratio": null,
            "reinvestment_rate": null,
            "research_to_sale_ratio": null,
            "price_fair": 0,
            "eps_avg_yearly": 0,
            "eps_latest_yearly": 0,
            "eps_growth_yearly": 0
        },
        "20023": {
            "year_quarter": 20023,
            "year": 2002,
            "quarter": 3,
            "eps": null,
            "eps_growth_year": null,
            "eps_4q": null,
            "eps_4q_growth_year": null,
            "roe": null,
            "roe_4q": 0,
            "gross_profit": null,
            "gross_margin": null,
            "gross_margin_4q_avg": 0,
            "net_income": null,
            "net_income_4q": null,
            "revenue": null,
            "revenue_4q": null,
            "common_shares": null,
            "book_valuer_per_share": null,
            "book_valuer_per_share_4q_avg": 0,
            "equity": null,
            "current_ratio": null,
            "debt_ratio": null,
            "inventory_turnover_ratio": null,
            "account_receivable_turnover_ratio": null,
            "reinvestment_rate": null,
            "research_to_sale_ratio": null,
            "price_fair": 0,
            "eps_avg_yearly": 0,
            "eps_latest_yearly": 0,
            "eps_growth_yearly": 0
        },
        "20024": {
            "year_quarter": 20024,
            "year": 2002,
            "quarter": 4,
            "eps": null,
            "eps_growth_year": null,
            "eps_4q": null,
            "eps_4q_growth_year": null,
            "roe": null,
            "roe_4q": 0,
            "gross_profit": null,
            "gross_margin": null,
            "gross_margin_4q_avg": 0,
            "net_income": null,
            "net_income_4q": null,
            "revenue": null,
            "revenue_4q": null,
            "common_shares": null,
            "book_valuer_per_share": null,
            "book_valuer_per_share_4q_avg": 0,
            "equity": null,
            "current_ratio": null,
            "debt_ratio": null,
            "inventory_turnover_ratio": null,
            "account_receivable_turnover_ratio": null,
            "reinvestment_rate": null,
            "research_to_sale_ratio": null,
            "price_fair": 0,
            "eps_avg_yearly": 0,
            "eps_latest_yearly": 0,
            "eps_growth_yearly": 0
        },
        "20031": {
            "year_quarter": 20031,
            "year": 2003,
            "quarter": 1,
            "eps": null,
            "eps_growth_year": null,
            "eps_4q": null,
            "eps_4q_growth_year": null,
            "roe": null,
            "roe_4q": 0,
            "gross_profit": null,
            "gross_margin": null,
            "gross_margin_4q_avg": 0,
            "net_income": null,
            "net_income_4q": null,
            "revenue": null,
            "revenue_4q": null,
            "common_shares": null,
            "book_valuer_per_share": null,
            "book_valuer_per_share_4q_avg": 0,
            "equity": null,
            "current_ratio": null,
            "debt_ratio": null,
            "inventory_turnover_ratio": null,
            "account_receivable_turnover_ratio": null,
            "reinvestment_rate": null,
            "research_to_sale_ratio": null,
            "price_fair": 0,
            "eps_avg_yearly": 0,
            "eps_latest_yearly": 0,
            "eps_growth_yearly": 0
        },
        "20032": {
            "year_quarter": 20032,
            "year": 2003,
            "quarter": 2,
            "eps": null,
            "eps_growth_year": null,
            "eps_4q": null,
            "eps_4q_growth_year": null,
            "roe": null,
            "roe_4q": 0,
            "gross_profit": null,
            "gross_margin": null,
            "gross_margin_4q_avg": 0,
            "net_income": null,
            "net_income_4q": null,
            "revenue": null,
            "revenue_4q": null,
            "common_shares": null,
            "book_valuer_per_share": null,
            "book_valuer_per_share_4q_avg": 0,
            "equity": null,
            "current_ratio": null,
            "debt_ratio": null,
            "inventory_turnover_ratio": null,
            "account_receivable_turnover_ratio": null,
            "reinvestment_rate": null,
            "research_to_sale_ratio": null,
            "price_fair": 0,
            "eps_avg_yearly": 0,
            "eps_latest_yearly": 0,
            "eps_growth_yearly": 0
        },
        "20033": {
            "year_quarter": 20033,
            "year": 2003,
            "quarter": 3,
            "eps": null,
            "eps_growth_year": null,
            "eps_4q": null,
            "eps_4q_growth_year": null,
            "roe": null,
            "roe_4q": 0,
            "gross_profit": null,
            "gross_margin": null,
            "gross_margin_4q_avg": 0,
            "net_income": null,
            "net_income_4q": null,
            "revenue": null,
            "revenue_4q": null,
            "common_shares": null,
            "book_valuer_per_share": null,
            "book_valuer_per_share_4q_avg": 0,
            "equity": null,
            "current_ratio": null,
            "debt_ratio": null,
            "inventory_turnover_ratio": null,
            "account_receivable_turnover_ratio": null,
            "reinvestment_rate": null,
            "research_to_sale_ratio": null,
            "price_fair": 0,
            "eps_avg_yearly": 0,
            "eps_latest_yearly": 0,
            "eps_growth_yearly": 0
        },
        "20034": {
            "year_quarter": 20034,
            "year": 2003,
            "quarter": 4,
            "eps": null,
            "eps_growth_year": null,
            "eps_4q": null,
            "eps_4q_growth_year": null,
            "roe": null,
            "roe_4q": 0,
            "gross_profit": null,
            "gross_margin": null,
            "gross_margin_4q_avg": 0,
            "net_income": null,
            "net_income_4q": null,
            "revenue": null,
            "revenue_4q": null,
            "common_shares": null,
            "book_valuer_per_share": null,
            "book_valuer_per_share_4q_avg": 0,
            "equity": null,
            "current_ratio": null,
            "debt_ratio": null,
            "inventory_turnover_ratio": null,
            "account_receivable_turnover_ratio": null,
            "reinvestment_rate": null,
            "research_to_sale_ratio": null,
            "price_fair": 0,
            "eps_avg_yearly": 0,
            "eps_latest_yearly": 0,
            "eps_growth_yearly": 0
        },
        "20041": {
            "year_quarter": 20041,
            "year": 2004,
            "quarter": 1,
            "eps": null,
            "eps_growth_year": null,
            "eps_4q": null,
            "eps_4q_growth_year": null,
            "roe": null,
            "roe_4q": 0,
            "gross_profit": null,
            "gross_margin": null,
            "gross_margin_4q_avg": 0,
            "net_income": null,
            "net_income_4q": null,
            "revenue": null,
            "revenue_4q": null,
            "common_shares": null,
            "book_valuer_per_share": null,
            "book_valuer_per_share_4q_avg": 0,
            "equity": null,
            "current_ratio": null,
            "debt_ratio": null,
            "inventory_turnover_ratio": null,
            "account_receivable_turnover_ratio": null,
            "reinvestment_rate": null,
            "research_to_sale_ratio": null,
            "price_fair": 0,
            "eps_avg_yearly": 0,
            "eps_latest_yearly": 0,
            "eps_growth_yearly": 0
        },
        "20042": {
            "year_quarter": 20042,
            "year": 2004,
            "quarter": 2,
            "eps": null,
            "eps_growth_year": null,
            "eps_4q": null,
            "eps_4q_growth_year": null,
            "roe": null,
            "roe_4q": 0,
            "gross_profit": null,
            "gross_margin": null,
            "gross_margin_4q_avg": 0,
            "net_income": null,
            "net_income_4q": null,
            "revenue": null,
            "revenue_4q": null,
            "common_shares": null,
            "book_valuer_per_share": null,
            "book_valuer_per_share_4q_avg": 0,
            "equity": null,
            "current_ratio": null,
            "debt_ratio": null,
            "inventory_turnover_ratio": null,
            "account_receivable_turnover_ratio": null,
            "reinvestment_rate": null,
            "research_to_sale_ratio": null,
            "price_fair": 0,
            "eps_avg_yearly": 0,
            "eps_latest_yearly": 0,
            "eps_growth_yearly": 0
        },
        "20043": {
            "year_quarter": 20043,
            "year": 2004,
            "quarter": 3,
            "eps": null,
            "eps_growth_year": null,
            "eps_4q": null,
            "eps_4q_growth_year": null,
            "roe": null,
            "roe_4q": 0,
            "gross_profit": null,
            "gross_margin": null,
            "gross_margin_4q_avg": 0,
            "net_income": null,
            "net_income_4q": null,
            "revenue": null,
            "revenue_4q": null,
            "common_shares": null,
            "book_valuer_per_share": null,
            "book_valuer_per_share_4q_avg": 0,
            "equity": null,
            "current_ratio": null,
            "debt_ratio": null,
            "inventory_turnover_ratio": null,
            "account_receivable_turnover_ratio": null,
            "reinvestment_rate": null,
            "research_to_sale_ratio": null,
            "price_fair": 0,
            "eps_avg_yearly": 0,
            "eps_latest_yearly": 0,
            "eps_growth_yearly": 0
        },
        "20044": {
            "year_quarter": 20044,
            "year": 2004,
            "quarter": 4,
            "eps": null,
            "eps_growth_year": null,
            "eps_4q": null,
            "eps_4q_growth_year": null,
            "roe": null,
            "roe_4q": 0,
            "gross_profit": null,
            "gross_margin": null,
            "gross_margin_4q_avg": 0,
            "net_income": null,
            "net_income_4q": null,
            "revenue": null,
            "revenue_4q": null,
            "common_shares": 15000,
            "book_valuer_per_share": 14.33,
            "book_valuer_per_share_4q_avg": 3.58,
            "equity": 21489,
            "current_ratio": 108.09,
            "debt_ratio": 78.7,
            "inventory_turnover_ratio": null,
            "account_receivable_turnover_ratio": null,
            "reinvestment_rate": null,
            "research_to_sale_ratio": null,
            "price_fair": 0,
            "eps_avg_yearly": 0,
            "eps_latest_yearly": 0,
            "eps_growth_yearly": 0
        },
        "20051": {
            "year_quarter": 20051,
            "year": 2005,
            "quarter": 1,
            "eps": null,
            "eps_growth_year": null,
            "eps_4q": null,
            "eps_4q_growth_year": null,
            "roe": null,
            "roe_4q": 0,
            "gross_profit": null,
            "gross_margin": null,
            "gross_margin_4q_avg": 0,
            "net_income": null,
            "net_income_4q": null,
            "revenue": null,
            "revenue_4q": null,
            "common_shares": null,
            "book_valuer_per_share": null,
            "book_valuer_per_share_4q_avg": 3.58,
            "equity": null,
            "current_ratio": null,
            "debt_ratio": null,
            "inventory_turnover_ratio": null,
            "account_receivable_turnover_ratio": null,
            "reinvestment_rate": null,
            "research_to_sale_ratio": null,
            "price_fair": 0,
            "eps_avg_yearly": 0,
            "eps_latest_yearly": 0,
            "eps_growth_yearly": 0
        },
        "20052": {
            "year_quarter": 20052,
            "year": 2005,
            "quarter": 2,
            "eps": null,
            "eps_growth_year": null,
            "eps_4q": null,
            "eps_4q_growth_year": null,
            "roe": null,
            "roe_4q": 0,
            "gross_profit": null,
            "gross_margin": null,
            "gross_margin_4q_avg": 0,
            "net_income": null,
            "net_income_4q": null,
            "revenue": null,
            "revenue_4q": null,
            "common_shares": null,
            "book_valuer_per_share": null,
            "book_valuer_per_share_4q_avg": 3.58,
            "equity": null,
            "current_ratio": null,
            "debt_ratio": null,
            "inventory_turnover_ratio": null,
            "account_receivable_turnover_ratio": null,
            "reinvestment_rate": null,
            "research_to_sale_ratio": null,
            "price_fair": 0,
            "eps_avg_yearly": 0,
            "eps_latest_yearly": 0,
            "eps_growth_yearly": 0
        },
        "20053": {
            "year_quarter": 20053,
            "year": 2005,
            "quarter": 3,
            "eps": null,
            "eps_growth_year": null,
            "eps_4q": null,
            "eps_4q_growth_year": null,
            "roe": null,
            "roe_4q": 0,
            "gross_profit": null,
            "gross_margin": null,
            "gross_margin_4q_avg": 0,
            "net_income": null,
            "net_income_4q": null,
            "revenue": null,
            "revenue_4q": null,
            "common_shares": null,
            "book_valuer_per_share": null,
            "book_valuer_per_share_4q_avg": 3.58,
            "equity": null,
            "current_ratio": null,
            "debt_ratio": null,
            "inventory_turnover_ratio": null,
            "account_receivable_turnover_ratio": null,
            "reinvestment_rate": null,
            "research_to_sale_ratio": null,
            "price_fair": 0,
            "eps_avg_yearly": 0,
            "eps_latest_yearly": 0,
            "eps_growth_yearly": 0
        },
        "20054": {
            "year_quarter": 20054,
            "year": 2005,
            "quarter": 4,
            "eps": null,
            "eps_growth_year": null,
            "eps_4q": null,
            "eps_4q_growth_year": null,
            "roe": null,
            "roe_4q": 0,
            "gross_profit": null,
            "gross_margin": null,
            "gross_margin_4q_avg": 0,
            "net_income": null,
            "net_income_4q": null,
            "revenue": null,
            "revenue_4q": null,
            "common_shares": 15000,
            "book_valuer_per_share": 11.53,
            "book_valuer_per_share_4q_avg": 2.88,
            "equity": 17290,
            "current_ratio": 126.23,
            "debt_ratio": 79.78,
            "inventory_turnover_ratio": null,
            "account_receivable_turnover_ratio": null,
            "reinvestment_rate": null,
            "research_to_sale_ratio": null,
            "price_fair": 0,
            "eps_avg_yearly": 0,
            "eps_latest_yearly": 0,
            "eps_growth_yearly": 0
        },
        "20061": {
            "year_quarter": 20061,
            "year": 2006,
            "quarter": 1,
            "eps": null,
            "eps_growth_year": null,
            "eps_4q": null,
            "eps_4q_growth_year": null,
            "roe": null,
            "roe_4q": 0,
            "gross_profit": null,
            "gross_margin": null,
            "gross_margin_4q_avg": 0,
            "net_income": null,
            "net_income_4q": null,
            "revenue": null,
            "revenue_4q": null,
            "common_shares": null,
            "book_valuer_per_share": null,
            "book_valuer_per_share_4q_avg": 2.88,
            "equity": null,
            "current_ratio": null,
            "debt_ratio": null,
            "inventory_turnover_ratio": null,
            "account_receivable_turnover_ratio": null,
            "reinvestment_rate": null,
            "research_to_sale_ratio": null,
            "price_fair": 0,
            "eps_avg_yearly": 0,
            "eps_latest_yearly": 0,
            "eps_growth_yearly": 0
        },
        "20062": {
            "year_quarter": 20062,
            "year": 2006,
            "quarter": 2,
            "eps": null,
            "eps_growth_year": null,
            "eps_4q": null,
            "eps_4q_growth_year": null,
            "roe": null,
            "roe_4q": 0,
            "gross_profit": null,
            "gross_margin": null,
            "gross_margin_4q_avg": 0,
            "net_income": null,
            "net_income_4q": null,
            "revenue": null,
            "revenue_4q": null,
            "common_shares": null,
            "book_valuer_per_share": null,
            "book_valuer_per_share_4q_avg": 2.88,
            "equity": null,
            "current_ratio": null,
            "debt_ratio": null,
            "inventory_turnover_ratio": null,
            "account_receivable_turnover_ratio": null,
            "reinvestment_rate": null,
            "research_to_sale_ratio": null,
            "price_fair": 0,
            "eps_avg_yearly": 0,
            "eps_latest_yearly": 0,
            "eps_growth_yearly": 0
        },
        "20063": {
            "year_quarter": 20063,
            "year": 2006,
            "quarter": 3,
            "eps": null,
            "eps_growth_year": null,
            "eps_4q": null,
            "eps_4q_growth_year": null,
            "roe": null,
            "roe_4q": 0,
            "gross_profit": null,
            "gross_margin": null,
            "gross_margin_4q_avg": 0,
            "net_income": null,
            "net_income_4q": null,
            "revenue": null,
            "revenue_4q": null,
            "common_shares": null,
            "book_valuer_per_share": null,
            "book_valuer_per_share_4q_avg": 2.88,
            "equity": null,
            "current_ratio": null,
            "debt_ratio": null,
            "inventory_turnover_ratio": null,
            "account_receivable_turnover_ratio": null,
            "reinvestment_rate": null,
            "research_to_sale_ratio": null,
            "price_fair": 0,
            "eps_avg_yearly": 0,
            "eps_latest_yearly": 0,
            "eps_growth_yearly": 0
        },
        "20064": {
            "year_quarter": 20064,
            "year": 2006,
            "quarter": 4,
            "eps": null,
            "eps_growth_year": null,
            "eps_4q": null,
            "eps_4q_growth_year": null,
            "roe": null,
            "roe_4q": 0,
            "gross_profit": null,
            "gross_margin": null,
            "gross_margin_4q_avg": 0,
            "net_income": null,
            "net_income_4q": null,
            "revenue": null,
            "revenue_4q": null,
            "common_shares": 20000,
            "book_valuer_per_share": 11.24,
            "book_valuer_per_share_4q_avg": 2.81,
            "equity": 22479,
            "current_ratio": 107.71,
            "debt_ratio": 83.13,
            "inventory_turnover_ratio": null,
            "account_receivable_turnover_ratio": null,
            "reinvestment_rate": null,
            "research_to_sale_ratio": null,
            "price_fair": 0,
            "eps_avg_yearly": 0,
            "eps_latest_yearly": 0,
            "eps_growth_yearly": 0
        },
        "20071": {
            "year_quarter": 20071,
            "year": 2007,
            "quarter": 1,
            "eps": null,
            "eps_growth_year": null,
            "eps_4q": null,
            "eps_4q_growth_year": null,
            "roe": null,
            "roe_4q": 0,
            "gross_profit": null,
            "gross_margin": null,
            "gross_margin_4q_avg": 0,
            "net_income": null,
            "net_income_4q": null,
            "revenue": null,
            "revenue_4q": null,
            "common_shares": null,
            "book_valuer_per_share": null,
            "book_valuer_per_share_4q_avg": 2.81,
            "equity": null,
            "current_ratio": null,
            "debt_ratio": null,
            "inventory_turnover_ratio": null,
            "account_receivable_turnover_ratio": null,
            "reinvestment_rate": null,
            "research_to_sale_ratio": null,
            "price_fair": 0,
            "eps_avg_yearly": 0,
            "eps_latest_yearly": 0,
            "eps_growth_yearly": 0
        },
        "20072": {
            "year_quarter": 20072,
            "year": 2007,
            "quarter": 2,
            "eps": null,
            "eps_growth_year": null,
            "eps_4q": null,
            "eps_4q_growth_year": null,
            "roe": null,
            "roe_4q": 0,
            "gross_profit": null,
            "gross_margin": null,
            "gross_margin_4q_avg": 0,
            "net_income": null,
            "net_income_4q": null,
            "revenue": null,
            "revenue_4q": null,
            "common_shares": null,
            "book_valuer_per_share": null,
            "book_valuer_per_share_4q_avg": 2.81,
            "equity": null,
            "current_ratio": null,
            "debt_ratio": null,
            "inventory_turnover_ratio": null,
            "account_receivable_turnover_ratio": null,
            "reinvestment_rate": null,
            "research_to_sale_ratio": null,
            "price_fair": 0,
            "eps_avg_yearly": 0,
            "eps_latest_yearly": 0,
            "eps_growth_yearly": 0
        },
        "20073": {
            "year_quarter": 20073,
            "year": 2007,
            "quarter": 3,
            "eps": null,
            "eps_growth_year": null,
            "eps_4q": null,
            "eps_4q_growth_year": null,
            "roe": null,
            "roe_4q": 0,
            "gross_profit": null,
            "gross_margin": null,
            "gross_margin_4q_avg": 0,
            "net_income": null,
            "net_income_4q": null,
            "revenue": null,
            "revenue_4q": null,
            "common_shares": null,
            "book_valuer_per_share": null,
            "book_valuer_per_share_4q_avg": 2.81,
            "equity": null,
            "current_ratio": null,
            "debt_ratio": null,
            "inventory_turnover_ratio": null,
            "account_receivable_turnover_ratio": null,
            "reinvestment_rate": null,
            "research_to_sale_ratio": null,
            "price_fair": 0,
            "eps_avg_yearly": 0,
            "eps_latest_yearly": 0,
            "eps_growth_yearly": 0
        },
        "20074": {
            "year_quarter": 20074,
            "year": 2007,
            "quarter": 4,
            "eps": null,
            "eps_growth_year": null,
            "eps_4q": null,
            "eps_4q_growth_year": null,
            "roe": null,
            "roe_4q": 0,
            "gross_profit": null,
            "gross_margin": null,
            "gross_margin_4q_avg": 0,
            "net_income": null,
            "net_income_4q": null,
            "revenue": null,
            "revenue_4q": null,
            "common_shares": 20000,
            "book_valuer_per_share": 13.28,
            "book_valuer_per_share_4q_avg": 3.32,
            "equity": 26560,
            "current_ratio": 97.1,
            "debt_ratio": 82.62,
            "inventory_turnover_ratio": null,
            "account_receivable_turnover_ratio": null,
            "reinvestment_rate": null,
            "research_to_sale_ratio": null,
            "price_fair": 0,
            "eps_avg_yearly": 0,
            "eps_latest_yearly": 0,
            "eps_growth_yearly": 0
        },
        "20081": {
            "year_quarter": 20081,
            "year": 2008,
            "quarter": 1,
            "eps": null,
            "eps_growth_year": null,
            "eps_4q": null,
            "eps_4q_growth_year": null,
            "roe": null,
            "roe_4q": 0,
            "gross_profit": null,
            "gross_margin": null,
            "gross_margin_4q_avg": 0,
            "net_income": null,
            "net_income_4q": null,
            "revenue": null,
            "revenue_4q": null,
            "common_shares": null,
            "book_valuer_per_share": null,
            "book_valuer_per_share_4q_avg": 3.32,
            "equity": null,
            "current_ratio": null,
            "debt_ratio": null,
            "inventory_turnover_ratio": null,
            "account_receivable_turnover_ratio": null,
            "reinvestment_rate": null,
            "research_to_sale_ratio": null,
            "price_fair": 0,
            "eps_avg_yearly": 0,
            "eps_latest_yearly": 0,
            "eps_growth_yearly": 0
        },
        "20082": {
            "year_quarter": 20082,
            "year": 2008,
            "quarter": 2,
            "eps": null,
            "eps_growth_year": null,
            "eps_4q": null,
            "eps_4q_growth_year": null,
            "roe": null,
            "roe_4q": 0,
            "gross_profit": null,
            "gross_margin": null,
            "gross_margin_4q_avg": 0,
            "net_income": null,
            "net_income_4q": null,
            "revenue": null,
            "revenue_4q": null,
            "common_shares": null,
            "book_valuer_per_share": null,
            "book_valuer_per_share_4q_avg": 3.32,
            "equity": null,
            "current_ratio": null,
            "debt_ratio": null,
            "inventory_turnover_ratio": null,
            "account_receivable_turnover_ratio": null,
            "reinvestment_rate": null,
            "research_to_sale_ratio": null,
            "price_fair": 0,
            "eps_avg_yearly": 0,
            "eps_latest_yearly": 0,
            "eps_growth_yearly": 0
        },
        "20083": {
            "year_quarter": 20083,
            "year": 2008,
            "quarter": 3,
            "eps": null,
            "eps_growth_year": null,
            "eps_4q": null,
            "eps_4q_growth_year": null,
            "roe": null,
            "roe_4q": 0,
            "gross_profit": null,
            "gross_margin": null,
            "gross_margin_4q_avg": 0,
            "net_income": null,
            "net_income_4q": null,
            "revenue": null,
            "revenue_4q": null,
            "common_shares": null,
            "book_valuer_per_share": null,
            "book_valuer_per_share_4q_avg": 3.32,
            "equity": null,
            "current_ratio": null,
            "debt_ratio": null,
            "inventory_turnover_ratio": null,
            "account_receivable_turnover_ratio": null,
            "reinvestment_rate": null,
            "research_to_sale_ratio": null,
            "price_fair": 0,
            "eps_avg_yearly": 0,
            "eps_latest_yearly": 0,
            "eps_growth_yearly": 0
        },
        "20084": {
            "year_quarter": 20084,
            "year": 2008,
            "quarter": 4,
            "eps": null,
            "eps_growth_year": null,
            "eps_4q": null,
            "eps_4q_growth_year": null,
            "roe": null,
            "roe_4q": 0,
            "gross_profit": null,
            "gross_margin": null,
            "gross_margin_4q_avg": 0,
            "net_income": null,
            "net_income_4q": null,
            "revenue": null,
            "revenue_4q": null,
            "common_shares": 35000,
            "book_valuer_per_share": 20.48,
            "book_valuer_per_share_4q_avg": 5.12,
            "equity": 71666,
            "current_ratio": 119.87,
            "debt_ratio": 74.02,
            "inventory_turnover_ratio": null,
            "account_receivable_turnover_ratio": null,
            "reinvestment_rate": null,
            "research_to_sale_ratio": null,
            "price_fair": 0,
            "eps_avg_yearly": 0,
            "eps_latest_yearly": 0,
            "eps_growth_yearly": 0
        },
        "20091": {
            "year_quarter": 20091,
            "year": 2009,
            "quarter": 1,
            "eps": null,
            "eps_growth_year": null,
            "eps_4q": null,
            "eps_4q_growth_year": null,
            "roe": null,
            "roe_4q": 0,
            "gross_profit": null,
            "gross_margin": null,
            "gross_margin_4q_avg": 0,
            "net_income": null,
            "net_income_4q": null,
            "revenue": null,
            "revenue_4q": null,
            "common_shares": null,
            "book_valuer_per_share": null,
            "book_valuer_per_share_4q_avg": 5.12,
            "equity": null,
            "current_ratio": null,
            "debt_ratio": null,
            "inventory_turnover_ratio": null,
            "account_receivable_turnover_ratio": null,
            "reinvestment_rate": null,
            "research_to_sale_ratio": null,
            "price_fair": 0,
            "eps_avg_yearly": 0,
            "eps_latest_yearly": 0,
            "eps_growth_yearly": 0
        },
        "20092": {
            "year_quarter": 20092,
            "year": 2009,
            "quarter": 2,
            "eps": null,
            "eps_growth_year": null,
            "eps_4q": null,
            "eps_4q_growth_year": null,
            "roe": null,
            "roe_4q": 0,
            "gross_profit": null,
            "gross_margin": null,
            "gross_margin_4q_avg": 0,
            "net_income": null,
            "net_income_4q": null,
            "revenue": null,
            "revenue_4q": null,
            "common_shares": 35000,
            "book_valuer_per_share": null,
            "book_valuer_per_share_4q_avg": 5.12,
            "equity": 90825,
            "current_ratio": null,
            "debt_ratio": null,
            "inventory_turnover_ratio": null,
            "account_receivable_turnover_ratio": null,
            "reinvestment_rate": null,
            "research_to_sale_ratio": null,
            "price_fair": 0,
            "eps_avg_yearly": 0,
            "eps_latest_yearly": 0,
            "eps_growth_yearly": 0
        },
        "20093": {
            "year_quarter": 20093,
            "year": 2009,
            "quarter": 3,
            "eps": 0.75,
            "eps_growth_year": null,
            "eps_4q": null,
            "eps_4q_growth_year": null,
            "roe": 5.39,
            "roe_4q": 5.39,
            "gross_profit": 22148,
            "gross_margin": 14.89,
            "gross_margin_4q_avg": 3.72,
            "net_income": 5027,
            "net_income_4q": null,
            "revenue": 148707,
            "revenue_4q": null,
            "common_shares": 66600,
            "book_valuer_per_share": 14.39,
            "book_valuer_per_share_4q_avg": 8.72,
            "equity": 95852,
            "current_ratio": 127.25,
            "debt_ratio": 70.69,
            "inventory_turnover_ratio": 0.95,
            "account_receivable_turnover_ratio": 1.46,
            "reinvestment_rate": null,
            "research_to_sale_ratio": null,
            "price_fair": 0,
            "eps_avg_yearly": 0,
            "eps_latest_yearly": 0,
            "eps_growth_yearly": 0
        },
        "20094": {
            "year_quarter": 20094,
            "year": 2009,
            "quarter": 4,
            "eps": 3.09,
            "eps_growth_year": null,
            "eps_4q": null,
            "eps_4q_growth_year": null,
            "roe": 17.29,
            "roe_4q": 22.68,
            "gross_profit": 50163,
            "gross_margin": 21.76,
            "gross_margin_4q_avg": 9.16,
            "net_income": 26225,
            "net_income_4q": null,
            "revenue": 230549,
            "revenue_4q": null,
            "common_shares": 150000,
            "book_valuer_per_share": 13.83,
            "book_valuer_per_share_4q_avg": 7.06,
            "equity": 207454,
            "current_ratio": 188.54,
            "debt_ratio": 49.31,
            "inventory_turnover_ratio": 1.29,
            "account_receivable_turnover_ratio": 2.15,
            "reinvestment_rate": null,
            "research_to_sale_ratio": null,
            "price_fair": 432.6,
            "eps_avg_yearly": 12.36,
            "eps_latest_yearly": 12.36,
            "eps_growth_yearly": 1248
        },
        "20101": {
            "year_quarter": 20101,
            "year": 2010,
            "quarter": 1,
            "eps": null,
            "eps_growth_year": null,
            "eps_4q": null,
            "eps_4q_growth_year": null,
            "roe": null,
            "roe_4q": 22.68,
            "gross_profit": null,
            "gross_margin": null,
            "gross_margin_4q_avg": 9.16,
            "net_income": null,
            "net_income_4q": null,
            "revenue": null,
            "revenue_4q": null,
            "common_shares": null,
            "book_valuer_per_share": null,
            "book_valuer_per_share_4q_avg": 7.06,
            "equity": null,
            "current_ratio": null,
            "debt_ratio": null,
            "inventory_turnover_ratio": null,
            "account_receivable_turnover_ratio": null,
            "reinvestment_rate": null,
            "research_to_sale_ratio": null,
            "price_fair": 432.6,
            "eps_avg_yearly": 12.36,
            "eps_latest_yearly": 12.36,
            "eps_growth_yearly": 1248
        },
        "20102": {
            "year_quarter": 20102,
            "year": 2010,
            "quarter": 2,
            "eps": null,
            "eps_growth_year": null,
            "eps_4q": null,
            "eps_4q_growth_year": null,
            "roe": null,
            "roe_4q": 22.68,
            "gross_profit": null,
            "gross_margin": null,
            "gross_margin_4q_avg": 9.16,
            "net_income": null,
            "net_income_4q": null,
            "revenue": null,
            "revenue_4q": null,
            "common_shares": 150000,
            "book_valuer_per_share": 21.3,
            "book_valuer_per_share_4q_avg": 12.38,
            "equity": 319519,
            "current_ratio": 158.24,
            "debt_ratio": 60.01,
            "inventory_turnover_ratio": null,
            "account_receivable_turnover_ratio": null,
            "reinvestment_rate": null,
            "research_to_sale_ratio": null,
            "price_fair": 432.6,
            "eps_avg_yearly": 12.36,
            "eps_latest_yearly": 12.36,
            "eps_growth_yearly": 1248
        },
        "20103": {
            "year_quarter": 20103,
            "year": 2010,
            "quarter": 3,
            "eps": 2.71,
            "eps_growth_year": 261.76,
            "eps_4q": null,
            "eps_4q_growth_year": null,
            "roe": 15.29,
            "roe_4q": 32.58,
            "gross_profit": 94805,
            "gross_margin": 27.69,
            "gross_margin_4q_avg": 12.36,
            "net_income": 52907,
            "net_income_4q": null,
            "revenue": 342356,
            "revenue_4q": null,
            "common_shares": 195000,
            "book_valuer_per_share": 19.1,
            "book_valuer_per_share_4q_avg": 13.56,
            "equity": 372426,
            "current_ratio": 210.5,
            "debt_ratio": 49.97,
            "inventory_turnover_ratio": 0.94,
            "account_receivable_turnover_ratio": 2.26,
            "reinvestment_rate": null,
            "research_to_sale_ratio": 0.54,
            "price_fair": 432.6,
            "eps_avg_yearly": 12.36,
            "eps_latest_yearly": 12.36,
            "eps_growth_yearly": 1248
        },
        "20104": {
            "year_quarter": 20104,
            "year": 2010,
            "quarter": 4,
            "eps": 2.06,
            "eps_growth_year": -33.29,
            "eps_4q": null,
            "eps_4q_growth_year": null,
            "roe": 10.25,
            "roe_4q": 25.54,
            "gross_profit": 84629,
            "gross_margin": 22.88,
            "gross_margin_4q_avg": 12.64,
            "net_income": 40194,
            "net_income_4q": null,
            "revenue": 369853,
            "revenue_4q": null,
            "common_shares": 195000,
            "book_valuer_per_share": 21.14,
            "book_valuer_per_share_4q_avg": 15.39,
            "equity": 412145,
            "current_ratio": 226.38,
            "debt_ratio": 47.69,
            "inventory_turnover_ratio": 0.95,
            "account_receivable_turnover_ratio": 2.39,
            "reinvestment_rate": null,
            "research_to_sale_ratio": 0.45,
            "price_fair": 360.5,
            "eps_avg_yearly": 10.3,
            "eps_latest_yearly": 8.24,
            "eps_growth_yearly": 576.03
        },
        "20111": {
            "year_quarter": 20111,
            "year": 2011,
            "quarter": 1,
            "eps": null,
            "eps_growth_year": null,
            "eps_4q": null,
            "eps_4q_growth_year": null,
            "roe": null,
            "roe_4q": 25.54,
            "gross_profit": null,
            "gross_margin": null,
            "gross_margin_4q_avg": 12.64,
            "net_income": null,
            "net_income_4q": null,
            "revenue": null,
            "revenue_4q": null,
            "common_shares": null,
            "book_valuer_per_share": null,
            "book_valuer_per_share_4q_avg": 15.39,
            "equity": null,
            "current_ratio": null,
            "debt_ratio": null,
            "inventory_turnover_ratio": null,
            "account_receivable_turnover_ratio": null,
            "reinvestment_rate": null,
            "research_to_sale_ratio": null,
            "price_fair": 360.5,
            "eps_avg_yearly": 10.3,
            "eps_latest_yearly": 8.24,
            "eps_growth_yearly": 576.03
        },
        "20112": {
            "year_quarter": 20112,
            "year": 2011,
            "quarter": 2,
            "eps": null,
            "eps_growth_year": null,
            "eps_4q": null,
            "eps_4q_growth_year": null,
            "roe": null,
            "roe_4q": 25.54,
            "gross_profit": null,
            "gross_margin": null,
            "gross_margin_4q_avg": 12.64,
            "net_income": null,
            "net_income_4q": null,
            "revenue": null,
            "revenue_4q": null,
            "common_shares": 195000,
            "book_valuer_per_share": 23.54,
            "book_valuer_per_share_4q_avg": 15.95,
            "equity": 458974,
            "current_ratio": 190.04,
            "debt_ratio": 51.81,
            "inventory_turnover_ratio": null,
            "account_receivable_turnover_ratio": null,
            "reinvestment_rate": null,
            "research_to_sale_ratio": null,
            "price_fair": 360.5,
            "eps_avg_yearly": 10.3,
            "eps_latest_yearly": 8.24,
            "eps_growth_yearly": 576.03
        },
        "20113": {
            "year_quarter": 20113,
            "year": 2011,
            "quarter": 3,
            "eps": null,
            "eps_growth_year": null,
            "eps_4q": null,
            "eps_4q_growth_year": null,
            "roe": null,
            "roe_4q": 10.25,
            "gross_profit": null,
            "gross_margin": null,
            "gross_margin_4q_avg": 5.72,
            "net_income": null,
            "net_income_4q": null,
            "revenue": null,
            "revenue_4q": null,
            "common_shares": null,
            "book_valuer_per_share": null,
            "book_valuer_per_share_4q_avg": 11.17,
            "equity": null,
            "current_ratio": null,
            "debt_ratio": null,
            "inventory_turnover_ratio": null,
            "account_receivable_turnover_ratio": null,
            "reinvestment_rate": null,
            "research_to_sale_ratio": null,
            "price_fair": 360.5,
            "eps_avg_yearly": 10.3,
            "eps_latest_yearly": 8.24,
            "eps_growth_yearly": 576.03
        },
        "20114": {
            "year_quarter": 20114,
            "year": 2011,
            "quarter": 4,
            "eps": null,
            "eps_growth_year": null,
            "eps_4q": null,
            "eps_4q_growth_year": null,
            "roe": null,
            "roe_4q": 0,
            "gross_profit": null,
            "gross_margin": null,
            "gross_margin_4q_avg": 0,
            "net_income": null,
            "net_income_4q": null,
            "revenue": null,
            "revenue_4q": null,
            "common_shares": 214500,
            "book_valuer_per_share": 28.04,
            "book_valuer_per_share_4q_avg": 12.9,
            "equity": 601526,
            "current_ratio": 220.61,
            "debt_ratio": 45.86,
            "inventory_turnover_ratio": null,
            "account_receivable_turnover_ratio": null,
            "reinvestment_rate": null,
            "research_to_sale_ratio": null,
            "price_fair": 360.5,
            "eps_avg_yearly": 10.3,
            "eps_latest_yearly": 8.24,
            "eps_growth_yearly": 576.03
        },
        "20121": {
            "year_quarter": 20121,
            "year": 2012,
            "quarter": 1,
            "eps": null,
            "eps_growth_year": null,
            "eps_4q": null,
            "eps_4q_growth_year": null,
            "roe": null,
            "roe_4q": 0,
            "gross_profit": 95295,
            "gross_margin": null,
            "gross_margin_4q_avg": 0,
            "net_income": 58935,
            "net_income_4q": null,
            "revenue": 404148,
            "revenue_4q": null,
            "common_shares": 239500,
            "book_valuer_per_share": null,
            "book_valuer_per_share_4q_avg": 12.9,
            "equity": 858827,
            "current_ratio": null,
            "debt_ratio": null,
            "inventory_turnover_ratio": null,
            "account_receivable_turnover_ratio": null,
            "reinvestment_rate": null,
            "research_to_sale_ratio": null,
            "price_fair": 360.5,
            "eps_avg_yearly": 10.3,
            "eps_latest_yearly": 8.24,
            "eps_growth_yearly": 576.03
        },
        "20122": {
            "year_quarter": 20122,
            "year": 2012,
            "quarter": 2,
            "eps": null,
            "eps_growth_year": null,
            "eps_4q": null,
            "eps_4q_growth_year": null,
            "roe": null,
            "roe_4q": 0,
            "gross_profit": 90992,
            "gross_margin": null,
            "gross_margin_4q_avg": 0,
            "net_income": 58298,
            "net_income_4q": null,
            "revenue": 415442,
            "revenue_4q": null,
            "common_shares": 239500,
            "book_valuer_per_share": 33.39,
            "book_valuer_per_share_4q_avg": 15.36,
            "equity": 799786,
            "current_ratio": 308.34,
            "debt_ratio": 35.65,
            "inventory_turnover_ratio": null,
            "account_receivable_turnover_ratio": null,
            "reinvestment_rate": null,
            "research_to_sale_ratio": null,
            "price_fair": 360.5,
            "eps_avg_yearly": 10.3,
            "eps_latest_yearly": 8.24,
            "eps_growth_yearly": 576.03
        },
        "20123": {
            "year_quarter": 20123,
            "year": 2012,
            "quarter": 3,
            "eps": null,
            "eps_growth_year": null,
            "eps_4q": null,
            "eps_4q_growth_year": null,
            "roe": null,
            "roe_4q": 0,
            "gross_profit": 80389,
            "gross_margin": null,
            "gross_margin_4q_avg": 0,
            "net_income": 34082,
            "net_income_4q": null,
            "revenue": 352883,
            "revenue_4q": null,
            "common_shares": 251475,
            "book_valuer_per_share": null,
            "book_valuer_per_share_4q_avg": 15.36,
            "equity": 831852,
            "current_ratio": null,
            "debt_ratio": null,
            "inventory_turnover_ratio": null,
            "account_receivable_turnover_ratio": null,
            "reinvestment_rate": null,
            "research_to_sale_ratio": null,
            "price_fair": 360.5,
            "eps_avg_yearly": 10.3,
            "eps_latest_yearly": 8.24,
            "eps_growth_yearly": 576.03
        },
        "20124": {
            "year_quarter": 20124,
            "year": 2012,
            "quarter": 4,
            "eps": null,
            "eps_growth_year": null,
            "eps_4q": null,
            "eps_4q_growth_year": null,
            "roe": null,
            "roe_4q": 0,
            "gross_profit": 77032,
            "gross_margin": null,
            "gross_margin_4q_avg": 0,
            "net_income": 33406,
            "net_income_4q": null,
            "revenue": 347588,
            "revenue_4q": null,
            "common_shares": 251475,
            "book_valuer_per_share": 34.45,
            "book_valuer_per_share_4q_avg": 16.96,
            "equity": 866336,
            "current_ratio": 328.86,
            "debt_ratio": 38.67,
            "inventory_turnover_ratio": null,
            "account_receivable_turnover_ratio": null,
            "reinvestment_rate": null,
            "research_to_sale_ratio": null,
            "price_fair": 360.5,
            "eps_avg_yearly": 10.3,
            "eps_latest_yearly": 8.24,
            "eps_growth_yearly": 576.03
        },
        "20131": {
            "year_quarter": 20131,
            "year": 2013,
            "quarter": 1,
            "eps": 0.89,
            "eps_growth_year": null,
            "eps_4q": 2.13,
            "eps_4q_growth_year": null,
            "roe": 5.97,
            "roe_4q": 5.97,
            "gross_profit": 77069,
            "gross_margin": 20.29,
            "gross_margin_4q_avg": 5.07,
            "net_income": 53441,
            "net_income_4q": null,
            "revenue": 379815,
            "revenue_4q": null,
            "common_shares": 251475,
            "book_valuer_per_share": 36.72,
            "book_valuer_per_share_4q_avg": 26.14,
            "equity": 923421,
            "current_ratio": 316.33,
            "debt_ratio": 38.97,
            "inventory_turnover_ratio": 0.66,
            "account_receivable_turnover_ratio": 1.19,
            "reinvestment_rate": null,
            "research_to_sale_ratio": 0.43,
            "price_fair": 360.5,
            "eps_avg_yearly": 10.3,
            "eps_latest_yearly": 8.24,
            "eps_growth_yearly": 576.03
        },
        "20132": {
            "year_quarter": 20132,
            "year": 2013,
            "quarter": 2,
            "eps": 0.58,
            "eps_growth_year": null,
            "eps_4q": 1.47,
            "eps_4q_growth_year": null,
            "roe": 3.9,
            "roe_4q": 9.87,
            "gross_profit": 76038,
            "gross_margin": 18.14,
            "gross_margin_4q_avg": 9.61,
            "net_income": 35277,
            "net_income_4q": null,
            "revenue": 419247,
            "revenue_4q": null,
            "common_shares": 603540,
            "book_valuer_per_share": 14.66,
            "book_valuer_per_share_4q_avg": 21.46,
            "equity": 884753,
            "current_ratio": 252.95,
            "debt_ratio": 44.33,
            "inventory_turnover_ratio": 0.7,
            "account_receivable_turnover_ratio": 1.5,
            "reinvestment_rate": null,
            "research_to_sale_ratio": 0.38,
            "price_fair": 267.4,
            "eps_avg_yearly": 7.64,
            "eps_latest_yearly": 2.32,
            "eps_growth_yearly": 337.58
        },
        "20133": {
            "year_quarter": 20133,
            "year": 2013,
            "quarter": 3,
            "eps": 0.72,
            "eps_growth_year": null,
            "eps_4q": 2.19,
            "eps_4q_growth_year": null,
            "roe": 4.82,
            "roe_4q": 14.690000000000001,
            "gross_profit": 89767,
            "gross_margin": 18.41,
            "gross_margin_4q_avg": 14.21,
            "net_income": 43648,
            "net_income_4q": null,
            "revenue": 487651,
            "revenue_4q": null,
            "common_shares": 603540,
            "book_valuer_per_share": 15.32,
            "book_valuer_per_share_4q_avg": 25.29,
            "equity": 924587,
            "current_ratio": 285.5,
            "debt_ratio": 40.66,
            "inventory_turnover_ratio": 0.79,
            "account_receivable_turnover_ratio": 1.74,
            "reinvestment_rate": null,
            "research_to_sale_ratio": 0.31,
            "price_fair": 225.75,
            "eps_avg_yearly": 6.45,
            "eps_latest_yearly": 2.88,
            "eps_growth_yearly": 277.32
        },
        "20134": {
            "year_quarter": 20134,
            "year": 2013,
            "quarter": 4,
            "eps": 0.31,
            "eps_growth_year": null,
            "eps_4q": 2.26,
            "eps_4q_growth_year": null,
            "roe": 1.93,
            "roe_4q": 16.62,
            "gross_profit": 69650,
            "gross_margin": 15.8,
            "gross_margin_4q_avg": 18.16,
            "net_income": 21080,
            "net_income_4q": null,
            "revenue": 440908,
            "revenue_4q": null,
            "common_shares": 678990,
            "book_valuer_per_share": 18.62,
            "book_valuer_per_share_4q_avg": 21.33,
            "equity": 1263958,
            "current_ratio": 415.41,
            "debt_ratio": 29.47,
            "inventory_turnover_ratio": 0.81,
            "account_receivable_turnover_ratio": 1.49,
            "reinvestment_rate": null,
            "research_to_sale_ratio": 0.42,
            "price_fair": 11.01,
            "eps_avg_yearly": 3.67,
            "eps_latest_yearly": 1.24,
            "eps_growth_yearly": -91.62
        },
        "20141": {
            "year_quarter": 20141,
            "year": 2014,
            "quarter": 1,
            "eps": 0.33,
            "eps_growth_year": -62.92,
            "eps_4q": 1.8,
            "eps_4q_growth_year": -15.17,
            "roe": 1.75,
            "roe_4q": 12.4,
            "gross_profit": 58029,
            "gross_margin": 14.57,
            "gross_margin_4q_avg": 16.73,
            "net_income": 22392,
            "net_income_4q": null,
            "revenue": 398234,
            "revenue_4q": null,
            "common_shares": 678990,
            "book_valuer_per_share": 19.04,
            "book_valuer_per_share_4q_avg": 16.91,
            "equity": 1292841,
            "current_ratio": 477.04,
            "debt_ratio": 26.9,
            "inventory_turnover_ratio": 0.81,
            "account_receivable_turnover_ratio": 1.57,
            "reinvestment_rate": null,
            "research_to_sale_ratio": 0.56,
            "price_fair": 9.6,
            "eps_avg_yearly": 3.2,
            "eps_latest_yearly": 1.32,
            "eps_growth_yearly": -68.14
        },
        "20142": {
            "year_quarter": 20142,
            "year": 2014,
            "quarter": 2,
            "eps": 0.13,
            "eps_growth_year": -77.76,
            "eps_4q": 1.41,
            "eps_4q_growth_year": -4.15,
            "roe": 0.7,
            "roe_4q": 9.2,
            "gross_profit": 58537,
            "gross_margin": 14.75,
            "gross_margin_4q_avg": 15.88,
            "net_income": 8542,
            "net_income_4q": null,
            "revenue": 396856,
            "revenue_4q": null,
            "common_shares": 678990,
            "book_valuer_per_share": 17.08,
            "book_valuer_per_share_4q_avg": 17.52,
            "equity": 1159676,
            "current_ratio": 361.47,
            "debt_ratio": 30.96,
            "inventory_turnover_ratio": 0.94,
            "account_receivable_turnover_ratio": 1.74,
            "reinvestment_rate": null,
            "research_to_sale_ratio": 0.3,
            "price_fair": 8.26,
            "eps_avg_yearly": 2.75,
            "eps_latest_yearly": 0.52,
            "eps_growth_yearly": -97.19
        },
        "20143": {
            "year_quarter": 20143,
            "year": 2014,
            "quarter": 3,
            "eps": -0.26,
            "eps_growth_year": -136.11,
            "eps_4q": 0.5,
            "eps_4q_growth_year": -77.13,
            "roe": -1.56,
            "roe_4q": 2.82,
            "gross_profit": 5572,
            "gross_margin": 2.04,
            "gross_margin_4q_avg": 11.79,
            "net_income": -17955,
            "net_income_4q": null,
            "revenue": 273734,
            "revenue_4q": null,
            "common_shares": 678990,
            "book_valuer_per_share": 16.89,
            "book_valuer_per_share_4q_avg": 17.91,
            "equity": 1147095,
            "current_ratio": 507.33,
            "debt_ratio": 25.11,
            "inventory_turnover_ratio": 0.77,
            "account_receivable_turnover_ratio": 1.46,
            "reinvestment_rate": null,
            "research_to_sale_ratio": 0.62,
            "price_fair": 8.26,
            "eps_avg_yearly": 2.75,
            "eps_latest_yearly": 0.52,
            "eps_growth_yearly": -97.19
        },
        "20144": {
            "year_quarter": 20144,
            "year": 2014,
            "quarter": 4,
            "eps": -0.03,
            "eps_growth_year": -109.24,
            "eps_4q": 0.16,
            "eps_4q_growth_year": -92.81,
            "roe": -0.17,
            "roe_4q": 0.72,
            "gross_profit": 31859,
            "gross_margin": 9.18,
            "gross_margin_4q_avg": 10.14,
            "net_income": -1947,
            "net_income_4q": null,
            "revenue": 347004,
            "revenue_4q": null,
            "common_shares": 678990,
            "book_valuer_per_share": 17.49,
            "book_valuer_per_share_4q_avg": 17.63,
            "equity": 1187798,
            "current_ratio": 675.62,
            "debt_ratio": 26.53,
            "inventory_turnover_ratio": 0.87,
            "account_receivable_turnover_ratio": 1.98,
            "reinvestment_rate": null,
            "research_to_sale_ratio": 0.4,
            "price_fair": 4.97,
            "eps_avg_yearly": 1.66,
            "eps_latest_yearly": 0.52,
            "eps_growth_yearly": -97.43
        },
        "20151": {
            "year_quarter": 20151,
            "year": 2015,
            "quarter": 1,
            "eps": -0.13,
            "eps_growth_year": -139.39,
            "eps_4q": -0.29,
            "eps_4q_growth_year": -116.27,
            "roe": -0.72,
            "roe_4q": -1.7500000000000002,
            "gross_profit": 31773,
            "gross_margin": 8.42,
            "gross_margin_4q_avg": 8.6,
            "net_income": -8551,
            "net_income_4q": null,
            "revenue": 377455,
            "revenue_4q": null,
            "common_shares": 678990,
            "book_valuer_per_share": 17.3,
            "book_valuer_per_share_4q_avg": 17.19,
            "equity": 1174334,
            "current_ratio": 621.27,
            "debt_ratio": 27.49,
            "inventory_turnover_ratio": 0.99,
            "account_receivable_turnover_ratio": 1.79,
            "reinvestment_rate": null,
            "research_to_sale_ratio": 0.18,
            "price_fair": 4.97,
            "eps_avg_yearly": 1.66,
            "eps_latest_yearly": 0.52,
            "eps_growth_yearly": -97.43
        },
        "20152": {
            "year_quarter": 20152,
            "year": 2015,
            "quarter": 2,
            "eps": -0.28,
            "eps_growth_year": -315.38,
            "eps_4q": -0.7,
            "eps_4q_growth_year": -149.61,
            "roe": -1.71,
            "roe_4q": -4.16,
            "gross_profit": 53714,
            "gross_margin": 16.62,
            "gross_margin_4q_avg": 9.07,
            "net_income": -19006,
            "net_income_4q": null,
            "revenue": 323131,
            "revenue_4q": null,
            "common_shares": 678990,
            "book_valuer_per_share": 15.41,
            "book_valuer_per_share_4q_avg": 16.77,
            "equity": 1046130,
            "current_ratio": 231.84,
            "debt_ratio": 39.92,
            "inventory_turnover_ratio": 0.74,
            "account_receivable_turnover_ratio": 1.42,
            "reinvestment_rate": null,
            "research_to_sale_ratio": 6.24,
            "price_fair": 4.97,
            "eps_avg_yearly": 1.66,
            "eps_latest_yearly": 0.52,
            "eps_growth_yearly": -97.43
        },
        "20153": {
            "year_quarter": 20153,
            "year": 2015,
            "quarter": 3,
            "eps": 0.28,
            "eps_growth_year": null,
            "eps_4q": -0.15,
            "eps_4q_growth_year": -130.32,
            "roe": 1.81,
            "roe_4q": -0.7899999999999999,
            "gross_profit": 57946,
            "gross_margin": 15.95,
            "gross_margin_4q_avg": 12.54,
            "net_income": 19298,
            "net_income_4q": null,
            "revenue": 363302,
            "revenue_4q": null,
            "common_shares": 678990,
            "book_valuer_per_share": 16.18,
            "book_valuer_per_share_4q_avg": 16.6,
            "equity": 1085509,
            "current_ratio": 251.38,
            "debt_ratio": 38.1,
            "inventory_turnover_ratio": 0.78,
            "account_receivable_turnover_ratio": 1.5,
            "reinvestment_rate": null,
            "research_to_sale_ratio": 2.55,
            "price_fair": 4.97,
            "eps_avg_yearly": 1.66,
            "eps_latest_yearly": 0.52,
            "eps_growth_yearly": -97.43
        },
        "20154": {
            "year_quarter": 20154,
            "year": 2015,
            "quarter": 4,
            "eps": -0.27,
            "eps_growth_year": null,
            "eps_4q": -0.4,
            "eps_4q_growth_year": -344.42,
            "roe": -1.71,
            "roe_4q": -2.33,
            "gross_profit": 51875,
            "gross_margin": 13.17,
            "gross_margin_4q_avg": 13.54,
            "net_income": -18346,
            "net_income_4q": null,
            "revenue": 394026,
            "revenue_4q": null,
            "common_shares": 678990,
            "book_valuer_per_share": 15.8,
            "book_valuer_per_share_4q_avg": 16.17,
            "equity": 1058615,
            "current_ratio": 244.24,
            "debt_ratio": 39.49,
            "inventory_turnover_ratio": 0.82,
            "account_receivable_turnover_ratio": 1.48,
            "reinvestment_rate": 83.92,
            "research_to_sale_ratio": 2.26,
            "price_fair": 4.97,
            "eps_avg_yearly": 1.66,
            "eps_latest_yearly": 0.52,
            "eps_growth_yearly": -97.43
        },
        "20161": {
            "year_quarter": 20161,
            "year": 2016,
            "quarter": 1,
            "eps": 0.33,
            "eps_growth_year": null,
            "eps_4q": 0.07,
            "eps_4q_growth_year": null,
            "roe": 2.14,
            "roe_4q": 0.5300000000000002,
            "gross_profit": 69748,
            "gross_margin": 18.56,
            "gross_margin_4q_avg": 16.08,
            "net_income": 22636,
            "net_income_4q": null,
            "revenue": 375847,
            "revenue_4q": null,
            "common_shares": 678990,
            "book_valuer_per_share": 15.94,
            "book_valuer_per_share_4q_avg": 15.83,
            "equity": 1059839,
            "current_ratio": 273.14,
            "debt_ratio": 49.06,
            "inventory_turnover_ratio": 0.7,
            "account_receivable_turnover_ratio": 1.43,
            "reinvestment_rate": 105.65,
            "research_to_sale_ratio": 2.58,
            "price_fair": 4.97,
            "eps_avg_yearly": 1.66,
            "eps_latest_yearly": 0.52,
            "eps_growth_yearly": -97.43
        },
        "20162": {
            "year_quarter": 20162,
            "year": 2016,
            "quarter": 2,
            "eps": 0.55,
            "eps_growth_year": null,
            "eps_4q": 0.92,
            "eps_4q_growth_year": null,
            "roe": 3.99,
            "roe_4q": 6.23,
            "gross_profit": 136495,
            "gross_margin": 19.35,
            "gross_margin_4q_avg": 16.76,
            "net_income": 42174,
            "net_income_4q": null,
            "revenue": 705489,
            "revenue_4q": null,
            "common_shares": 678990,
            "book_valuer_per_share": 15.85,
            "book_valuer_per_share_4q_avg": 15.94,
            "equity": 1053701,
            "current_ratio": 113.7,
            "debt_ratio": 60.13,
            "inventory_turnover_ratio": 1.09,
            "account_receivable_turnover_ratio": 2.1,
            "reinvestment_rate": 111.3,
            "research_to_sale_ratio": 1.54,
            "price_fair": 5.24,
            "eps_avg_yearly": 1.75,
            "eps_latest_yearly": 2.2,
            "eps_growth_yearly": -36.75
        },
        "20163": {
            "year_quarter": 20163,
            "year": 2016,
            "quarter": 3,
            "eps": 0.81,
            "eps_growth_year": 189.29,
            "eps_4q": 1.41,
            "eps_4q_growth_year": null,
            "roe": 5.02,
            "roe_4q": 9.440000000000001,
            "gross_profit": 160622,
            "gross_margin": 23.54,
            "gross_margin_4q_avg": 18.66,
            "net_income": 54295,
            "net_income_4q": null,
            "revenue": 682396,
            "revenue_4q": null,
            "common_shares": 694065,
            "book_valuer_per_share": 16.36,
            "book_valuer_per_share_4q_avg": 15.99,
            "equity": 1111175,
            "current_ratio": 118.1,
            "debt_ratio": 58.38,
            "inventory_turnover_ratio": 0.86,
            "account_receivable_turnover_ratio": 1.63,
            "reinvestment_rate": 112.72,
            "research_to_sale_ratio": 1.83,
            "price_fair": 5.88,
            "eps_avg_yearly": 1.96,
            "eps_latest_yearly": 3.24,
            "eps_growth_yearly": -4.49
        },
        "20164": {
            "year_quarter": 20164,
            "year": 2016,
            "quarter": 4,
            "eps": 0.33,
            "eps_growth_year": null,
            "eps_4q": 1.99,
            "eps_4q_growth_year": null,
            "roe": 1.98,
            "roe_4q": 13.13,
            "gross_profit": 106542,
            "gross_margin": 18.32,
            "gross_margin_4q_avg": 19.94,
            "net_income": 22761,
            "net_income_4q": null,
            "revenue": 581676,
            "revenue_4q": null,
            "common_shares": 708990,
            "book_valuer_per_share": 17.33,
            "book_valuer_per_share_4q_avg": 16.37,
            "equity": 1193309,
            "current_ratio": 123.86,
            "debt_ratio": 55.32,
            "inventory_turnover_ratio": 0.78,
            "account_receivable_turnover_ratio": 1.33,
            "reinvestment_rate": 14.77,
            "research_to_sale_ratio": 1.81,
            "price_fair": 5.64,
            "eps_avg_yearly": 1.88,
            "eps_latest_yearly": 1.32,
            "eps_growth_yearly": -33.56
        },
        "20171": {
            "year_quarter": 20171,
            "year": 2017,
            "quarter": 1,
            "eps": 0.08,
            "eps_growth_year": -75.76,
            "eps_4q": 1.72,
            "eps_4q_growth_year": 2402.69,
            "roe": 0.51,
            "roe_4q": 11.5,
            "gross_profit": 130364,
            "gross_margin": 19.16,
            "gross_margin_4q_avg": 20.09,
            "net_income": 5897,
            "net_income_4q": null,
            "revenue": 680471,
            "revenue_4q": null,
            "common_shares": 718567,
            "book_valuer_per_share": 16.36,
            "book_valuer_per_share_4q_avg": 16.48,
            "equity": 1140646,
            "current_ratio": 118.17,
            "debt_ratio": 58.5,
            "inventory_turnover_ratio": 0.82,
            "account_receivable_turnover_ratio": 1.38,
            "reinvestment_rate": 133.04,
            "research_to_sale_ratio": 1.59,
            "price_fair": 5.12,
            "eps_avg_yearly": 1.71,
            "eps_latest_yearly": 0.32,
            "eps_growth_yearly": -63.5
        },
        "20172": {
            "year_quarter": 20172,
            "year": 2017,
            "quarter": 2,
            "eps": 0.58,
            "eps_growth_year": 5.45,
            "eps_4q": 1.69,
            "eps_4q_growth_year": 84.18,
            "roe": 3.19,
            "roe_4q": 10.7,
            "gross_profit": 198632,
            "gross_margin": 19.38,
            "gross_margin_4q_avg": 20.1,
            "net_income": 67115,
            "net_income_4q": null,
            "revenue": 1024885,
            "revenue_4q": null,
            "common_shares": 718567,
            "book_valuer_per_share": 16.23,
            "book_valuer_per_share_4q_avg": 16.57,
            "equity": 3062448,
            "current_ratio": 137.25,
            "debt_ratio": 62,
            "inventory_turnover_ratio": 0.57,
            "account_receivable_turnover_ratio": 0.83,
            "reinvestment_rate": 493.89,
            "research_to_sale_ratio": 1.22,
            "price_fair": 59.73,
            "eps_avg_yearly": 1.71,
            "eps_latest_yearly": 2.32,
            "eps_growth_yearly": 229.76
        },
        "20173": {
            "year_quarter": 20173,
            "year": 2017,
            "quarter": 3,
            "eps": 0.28,
            "eps_growth_year": -65.43,
            "eps_4q": 1.22,
            "eps_4q_growth_year": -13.46,
            "roe": 2.57,
            "roe_4q": 8.25,
            "gross_profit": 528640,
            "gross_margin": 26.13,
            "gross_margin_4q_avg": 20.75,
            "net_income": 80621,
            "net_income_4q": null,
            "revenue": 2022768,
            "revenue_4q": null,
            "common_shares": 805723,
            "book_valuer_per_share": 15.29,
            "book_valuer_per_share_4q_avg": 16.3,
            "equity": 3212606,
            "current_ratio": 151.11,
            "debt_ratio": 58.91,
            "inventory_turnover_ratio": 0.7,
            "account_receivable_turnover_ratio": 1.07,
            "reinvestment_rate": 545.4,
            "research_to_sale_ratio": 1.31,
            "price_fair": 52.89,
            "eps_avg_yearly": 1.51,
            "eps_latest_yearly": 1.12,
            "eps_growth_yearly": 196.04
        },
        "20174": {
            "year_quarter": 20174,
            "year": 2017,
            "quarter": 4,
            "eps": 0.14,
            "eps_growth_year": -57.94,
            "eps_4q": 1.06,
            "eps_4q_growth_year": -46.59,
            "roe": 0.37,
            "roe_4q": 6.64,
            "gross_profit": 453011,
            "gross_margin": 24.58,
            "gross_margin_4q_avg": 22.31,
            "net_income": 12467,
            "net_income_4q": null,
            "revenue": 1843211,
            "revenue_4q": null,
            "common_shares": 812596,
            "book_valuer_per_share": 15.27,
            "book_valuer_per_share_4q_avg": 15.79,
            "equity": 3535687,
            "current_ratio": 138.79,
            "debt_ratio": 57.95,
            "inventory_turnover_ratio": 0.63,
            "account_receivable_turnover_ratio": 1.02,
            "reinvestment_rate": 767.78,
            "research_to_sale_ratio": 1.63,
            "price_fair": 50.24,
            "eps_avg_yearly": 1.44,
            "eps_latest_yearly": 0.56,
            "eps_growth_yearly": 199.13
        },
        "20181": {
            "year_quarter": 20181,
            "year": 2018,
            "quarter": 1,
            "eps": 0.52,
            "eps_growth_year": 550,
            "eps_4q": 1.49,
            "eps_4q_growth_year": -13.53,
            "roe": 1.7,
            "roe_4q": 7.83,
            "gross_profit": 470090,
            "gross_margin": 22.67,
            "gross_margin_4q_avg": 23.19,
            "net_income": 61036,
            "net_income_4q": null,
            "revenue": 2073908,
            "revenue_4q": null,
            "common_shares": 819537,
            "book_valuer_per_share": 15.66,
            "book_valuer_per_share_4q_avg": 15.61,
            "equity": 3629748,
            "current_ratio": 137.53,
            "debt_ratio": 57.5,
            "inventory_turnover_ratio": 0.66,
            "account_receivable_turnover_ratio": 1.13,
            "reinvestment_rate": 693.24,
            "research_to_sale_ratio": 1.36,
            "price_fair": 53.2,
            "eps_avg_yearly": 1.52,
            "eps_latest_yearly": 2.08,
            "eps_growth_yearly": 316.9
        },
        "20182": {
            "year_quarter": 20182,
            "year": 2018,
            "quarter": 2,
            "eps": 1.02,
            "eps_growth_year": 75.86,
            "eps_4q": 1.91,
            "eps_4q_growth_year": 13.36,
            "roe": 3.18,
            "roe_4q": 7.82,
            "gross_profit": 559956,
            "gross_margin": 25.11,
            "gross_margin_4q_avg": 24.62,
            "net_income": 116171,
            "net_income_4q": null,
            "revenue": 2229928,
            "revenue_4q": null,
            "common_shares": 821805,
            "book_valuer_per_share": 16.46,
            "book_valuer_per_share_4q_avg": 15.67,
            "equity": 3670836,
            "current_ratio": 133.33,
            "debt_ratio": 59.68,
            "inventory_turnover_ratio": 0.63,
            "account_receivable_turnover_ratio": 1.11,
            "reinvestment_rate": 520.97,
            "research_to_sale_ratio": 1.24,
            "price_fair": 67.04,
            "eps_avg_yearly": 1.92,
            "eps_latest_yearly": 4.08,
            "eps_growth_yearly": 386.57
        },
        "20183": {
            "year_quarter": 20183,
            "year": 2018,
            "quarter": 3,
            "eps": 0.91,
            "eps_growth_year": 225,
            "eps_4q": 2.58,
            "eps_4q_growth_year": 111.03,
            "roe": 2.03,
            "roe_4q": 7.28,
            "gross_profit": 534631,
            "gross_margin": 24.77,
            "gross_margin_4q_avg": 24.28,
            "net_income": 76143,
            "net_income_4q": null,
            "revenue": 2158717,
            "revenue_4q": null,
            "common_shares": 821875,
            "book_valuer_per_share": 17.33,
            "book_valuer_per_share_4q_avg": 16.18,
            "equity": 3831065,
            "current_ratio": 139.33,
            "debt_ratio": 57.59,
            "inventory_turnover_ratio": 0.58,
            "account_receivable_turnover_ratio": 1,
            "reinvestment_rate": 397.51,
            "research_to_sale_ratio": 1.31,
            "price_fair": 73.08,
            "eps_avg_yearly": 2.09,
            "eps_latest_yearly": 3.64,
            "eps_growth_yearly": 343.6
        },
        "20184": {
            "year_quarter": 20184,
            "year": 2018,
            "quarter": 4,
            "eps": 0.59,
            "eps_growth_year": 328,
            "eps_4q": 3.07,
            "eps_4q_growth_year": 189.11,
            "roe": 0.98,
            "roe_4q": 7.89,
            "gross_profit": 405010,
            "gross_margin": 19.85,
            "gross_margin_4q_avg": 23.1,
            "net_income": 37825,
            "net_income_4q": null,
            "revenue": 2039873,
            "revenue_4q": null,
            "common_shares": 821875,
            "book_valuer_per_share": 17.94,
            "book_valuer_per_share_4q_avg": 16.85,
            "equity": 3865155,
            "current_ratio": 139.65,
            "debt_ratio": 57.42,
            "inventory_turnover_ratio": 0.6,
            "account_receivable_turnover_ratio": 0.96,
            "reinvestment_rate": 350,
            "research_to_sale_ratio": 1.38,
            "price_fair": 73.95,
            "eps_avg_yearly": 2.11,
            "eps_latest_yearly": 2.36,
            "eps_growth_yearly": 299.58
        },
        "20191": {
            "year_quarter": 20191,
            "year": 2019,
            "quarter": 1,
            "eps": 0.56,
            "eps_growth_year": 7.69,
            "eps_4q": 3.1,
            "eps_4q_growth_year": 107.74,
            "roe": 1.24,
            "roe_4q": 7.43,
            "gross_profit": 394939,
            "gross_margin": 22.71,
            "gross_margin_4q_avg": 23.11,
            "net_income": 48494,
            "net_income_4q": null,
            "revenue": 1739128,
            "revenue_4q": null,
            "common_shares": 822794,
            "book_valuer_per_share": 18.62,
            "book_valuer_per_share_4q_avg": 17.59,
            "equity": 3936238,
            "current_ratio": 140.43,
            "debt_ratio": 56.82,
            "inventory_turnover_ratio": 0.5,
            "account_receivable_turnover_ratio": 0.89,
            "reinvestment_rate": 317.32,
            "research_to_sale_ratio": 1.56,
            "price_fair": 74.32,
            "eps_avg_yearly": 2.12,
            "eps_latest_yearly": 2.24,
            "eps_growth_yearly": 272.92
        },
        "20192": {
            "year_quarter": 20192,
            "year": 2019,
            "quarter": 2,
            "eps": 0.44,
            "eps_growth_year": -56.86,
            "eps_4q": 2.5,
            "eps_4q_growth_year": 30.61,
            "roe": -0.82,
            "roe_4q": 3.4299999999999997,
            "gross_profit": 429106,
            "gross_margin": 23.27,
            "gross_margin_4q_avg": 22.65,
            "net_income": -31799,
            "net_income_4q": null,
            "revenue": 1844139,
            "revenue_4q": null,
            "common_shares": 830744,
            "book_valuer_per_share": 16.96,
            "book_valuer_per_share_4q_avg": 17.71,
            "equity": 3826062,
            "current_ratio": 138.69,
            "debt_ratio": 59.25,
            "inventory_turnover_ratio": 0.52,
            "account_receivable_turnover_ratio": 0.99,
            "reinvestment_rate": 209.78,
            "research_to_sale_ratio": 1.43,
            "price_fair": 73.34,
            "eps_avg_yearly": 2.1,
            "eps_latest_yearly": 1.76,
            "eps_growth_yearly": 245.33
        },
        "20193": {
            "year_quarter": 20193,
            "year": 2019,
            "quarter": 3,
            "eps": 2.62,
            "eps_growth_year": 187.91,
            "eps_4q": 4.16,
            "eps_4q_growth_year": 61.57,
            "roe": 4.21,
            "roe_4q": 5.609999999999999,
            "gross_profit": 491112,
            "gross_margin": 23.36,
            "gross_margin_4q_avg": 22.3,
            "net_income": 163069,
            "net_income_4q": null,
            "revenue": 2102246,
            "revenue_4q": null,
            "common_shares": 839945,
            "book_valuer_per_share": 19.61,
            "book_valuer_per_share_4q_avg": 18.28,
            "equity": 3928834,
            "current_ratio": 137.1,
            "debt_ratio": 55.99,
            "inventory_turnover_ratio": 0.6,
            "account_receivable_turnover_ratio": 1.13,
            "reinvestment_rate": 159.28,
            "research_to_sale_ratio": 1.28,
            "price_fair": 94.3,
            "eps_avg_yearly": 2.69,
            "eps_latest_yearly": 10.48,
            "eps_growth_yearly": 369.36
        },
        "20194": {
            "year_quarter": 20194,
            "year": 2019,
            "quarter": 4,
            "eps": 0.39,
            "eps_growth_year": -35.24,
            "eps_4q": 3.97,
            "eps_4q_growth_year": 29.22,
            "roe": -1.51,
            "roe_4q": 3.12,
            "gross_profit": 455272,
            "gross_margin": 21.59,
            "gross_margin_4q_avg": 22.73,
            "net_income": -58747,
            "net_income_4q": null,
            "revenue": 2108786,
            "revenue_4q": null,
            "common_shares": 834516,
            "book_valuer_per_share": 19.69,
            "book_valuer_per_share_4q_avg": 18.72,
            "equity": 3846990,
            "current_ratio": 158.79,
            "debt_ratio": 53.27,
            "inventory_turnover_ratio": 0.69,
            "account_receivable_turnover_ratio": 1.2,
            "reinvestment_rate": 151.08,
            "research_to_sale_ratio": 1.64,
            "price_fair": 91.65,
            "eps_avg_yearly": 2.62,
            "eps_latest_yearly": 1.56,
            "eps_growth_yearly": 322.04
        },
        "20201": {
            "year_quarter": 20201,
            "year": 2020,
            "quarter": 1,
            "eps": 0.45,
            "eps_growth_year": -19.64,
            "eps_4q": 3.88,
            "eps_4q_growth_year": 25.11,
            "roe": 0.63,
            "roe_4q": 2.5100000000000002,
            "gross_profit": 442318,
            "gross_margin": 28.04,
            "gross_margin_4q_avg": 24.07,
            "net_income": 24384,
            "net_income_4q": null,
            "revenue": 1577288,
            "revenue_4q": null,
            "common_shares": 834516,
            "book_valuer_per_share": 20.26,
            "book_valuer_per_share_4q_avg": 19.13,
            "equity": 3866358,
            "current_ratio": 155.02,
            "debt_ratio": 53.41,
            "inventory_turnover_ratio": 0.51,
            "account_receivable_turnover_ratio": 0.96,
            "reinvestment_rate": 146.88,
            "research_to_sale_ratio": 1.7,
            "price_fair": 89.86,
            "eps_avg_yearly": 2.57,
            "eps_latest_yearly": 1.8,
            "eps_growth_yearly": 305.76
        },
        "20202": {
            "year_quarter": 20202,
            "year": 2020,
            "quarter": 2,
            "eps": -1.34,
            "eps_growth_year": -404.55,
            "eps_4q": 2.1,
            "eps_4q_growth_year": -15.85,
            "roe": -5.05,
            "roe_4q": -1.7199999999999998,
            "gross_profit": 116426,
            "gross_margin": 14.08,
            "gross_margin_4q_avg": 21.77,
            "net_income": -132045,
            "net_income_4q": null,
            "revenue": 826836,
            "revenue_4q": null,
            "common_shares": 834516,
            "book_valuer_per_share": 16.55,
            "book_valuer_per_share_4q_avg": 19.03,
            "equity": 1361183,
            "current_ratio": 145.8,
            "debt_ratio": 58.88,
            "inventory_turnover_ratio": 0.45,
            "account_receivable_turnover_ratio": 0.81,
            "reinvestment_rate": 14.51,
            "research_to_sale_ratio": 1.78,
            "price_fair": 90.72,
            "eps_avg_yearly": 2.59,
            "eps_latest_yearly": 1.8,
            "eps_growth_yearly": 308.37
        },
        "20203": {
            "year_quarter": 20203,
            "year": 2020,
            "quarter": 3,
            "eps": 0.02,
            "eps_growth_year": -99.24,
            "eps_4q": -0.48,
            "eps_4q_growth_year": -111.52,
            "roe": 0.14,
            "roe_4q": -5.79,
            "gross_profit": 57565,
            "gross_margin": 11.77,
            "gross_margin_4q_avg": 18.87,
            "net_income": 1814,
            "net_income_4q": null,
            "revenue": 489103,
            "revenue_4q": null,
            "common_shares": 834516,
            "book_valuer_per_share": 15.95,
            "book_valuer_per_share_4q_avg": 18.11,
            "equity": 1311552,
            "current_ratio": 143.65,
            "debt_ratio": 59.94,
            "inventory_turnover_ratio": 0.52,
            "account_receivable_turnover_ratio": 1.09,
            "reinvestment_rate": 23.85,
            "research_to_sale_ratio": 1.14,
            "price_fair": 89.1,
            "eps_avg_yearly": 2.55,
            "eps_latest_yearly": 1.8,
            "eps_growth_yearly": 316.89
        },
        "20204": {
            "year_quarter": 20204,
            "year": 2020,
            "quarter": 4,
            "eps": -0.91,
            "eps_growth_year": -336.86,
            "eps_4q": -1.78,
            "eps_4q_growth_year": -144.78,
            "roe": -5.95,
            "roe_4q": -10.229999999999999,
            "gross_profit": 41042,
            "gross_margin": 8.47,
            "gross_margin_4q_avg": 15.59,
            "net_income": -75029,
            "net_income_4q": null,
            "revenue": 484651,
            "revenue_4q": null,
            "common_shares": 834516,
            "book_valuer_per_share": 14.7,
            "book_valuer_per_share_4q_avg": 16.87,
            "equity": 1208928,
            "current_ratio": 138.98,
            "debt_ratio": 60.21,
            "inventory_turnover_ratio": 0.59,
            "account_receivable_turnover_ratio": 1.2,
            "reinvestment_rate": 28.17,
            "research_to_sale_ratio": 0.93,
            "price_fair": 92.4,
            "eps_avg_yearly": 2.64,
            "eps_latest_yearly": 1.8,
            "eps_growth_yearly": 359.5
        },
        "20211": {
            "year_quarter": 20211,
            "year": 2021,
            "quarter": 1,
            "eps": 0.4,
            "eps_growth_year": -11.11,
            "eps_4q": -1.83,
            "eps_4q_growth_year": -147.24,
            "roe": 2.67,
            "roe_4q": -8.19,
            "gross_profit": 49192,
            "gross_margin": 11.34,
            "gross_margin_4q_avg": 11.42,
            "net_income": 32750,
            "net_income_4q": null,
            "revenue": 433611,
            "revenue_4q": null,
            "common_shares": 834516,
            "book_valuer_per_share": 15.09,
            "book_valuer_per_share_4q_avg": 15.57,
            "equity": 1240996,
            "current_ratio": 152.38,
            "debt_ratio": 58.17,
            "inventory_turnover_ratio": 0.54,
            "account_receivable_turnover_ratio": 1.32,
            "reinvestment_rate": 27.61,
            "research_to_sale_ratio": 1.19,
            "price_fair": 99.17,
            "eps_avg_yearly": 2.83,
            "eps_latest_yearly": 1.8,
            "eps_growth_yearly": 414.71
        },
        "20212": {
            "year_quarter": 20212,
            "year": 2021,
            "quarter": 2,
            "eps": 0.52,
            "eps_growth_year": null,
            "eps_4q": 0.03,
            "eps_4q_growth_year": -98.56,
            "roe": 3.45,
            "roe_4q": 0.30999999999999994,
            "gross_profit": 144201,
            "gross_margin": 21.03,
            "gross_margin_4q_avg": 13.15,
            "net_income": 42959,
            "net_income_4q": null,
            "revenue": 685818,
            "revenue_4q": null,
            "common_shares": 834516,
            "book_valuer_per_share": 15.18,
            "book_valuer_per_share_4q_avg": 15.23,
            "equity": 1248100,
            "current_ratio": 153.4,
            "debt_ratio": 58.49,
            "inventory_turnover_ratio": 0.76,
            "account_receivable_turnover_ratio": 1.76,
            "reinvestment_rate": -151.86,
            "research_to_sale_ratio": 0.77,
            "price_fair": 98.47,
            "eps_avg_yearly": 2.81,
            "eps_latest_yearly": 2.08,
            "eps_growth_yearly": 216.37
        },
        "20213": {
            "year_quarter": 20213,
            "year": 2021,
            "quarter": 3,
            "eps": 0.25,
            "eps_growth_year": 1150,
            "eps_4q": 0.26,
            "eps_4q_growth_year": null,
            "roe": 1.67,
            "roe_4q": 1.8399999999999999,
            "gross_profit": 47258,
            "gross_margin": 9,
            "gross_margin_4q_avg": 12.46,
            "net_income": 20699,
            "net_income_4q": null,
            "revenue": 525097,
            "revenue_4q": null,
            "common_shares": 834516,
            "book_valuer_per_share": 14.89,
            "book_valuer_per_share_4q_avg": 14.97,
            "equity": 1224695,
            "current_ratio": 153.14,
            "debt_ratio": 57.14,
            "inventory_turnover_ratio": 0.7,
            "account_receivable_turnover_ratio": 1.2,
            "reinvestment_rate": -150.71,
            "research_to_sale_ratio": 0.95,
            "price_fair": 98.12,
            "eps_avg_yearly": 2.8,
            "eps_latest_yearly": 1,
            "eps_growth_yearly": 216.31
        },
        "20214": {
            "year_quarter": 20214,
            "year": 2021,
            "quarter": 4,
            "eps": 0.12,
            "eps_growth_year": null,
            "eps_4q": 1.29,
            "eps_4q_growth_year": null,
            "roe": 0.81,
            "roe_4q": 8.6,
            "gross_profit": 77071,
            "gross_margin": 17,
            "gross_margin_4q_avg": 14.59,
            "net_income": 9898,
            "net_income_4q": null,
            "revenue": 453422,
            "revenue_4q": null,
            "common_shares": 834544,
            "book_valuer_per_share": 14.75,
            "book_valuer_per_share_4q_avg": 14.98,
            "equity": 1213042,
            "current_ratio": 100.2,
            "debt_ratio": 59.59,
            "inventory_turnover_ratio": 0.52,
            "account_receivable_turnover_ratio": 1.17,
            "reinvestment_rate": -230.47,
            "research_to_sale_ratio": 1.09,
            "price_fair": 97.88,
            "eps_avg_yearly": 2.8,
            "eps_latest_yearly": 0.48,
            "eps_growth_yearly": 215.64
        },
        "20221": {
            "year_quarter": 20221,
            "year": 2022,
            "quarter": 1,
            "eps": 0.22,
            "eps_growth_year": -45,
            "eps_4q": 1.12,
            "eps_4q_growth_year": null,
            "roe": 1.45,
            "roe_4q": 7.38,
            "gross_profit": 87739,
            "gross_margin": 16.19,
            "gross_margin_4q_avg": 15.81,
            "net_income": 18307,
            "net_income_4q": null,
            "revenue": 542068,
            "revenue_4q": null,
            "common_shares": 833544,
            "book_valuer_per_share": 16.03,
            "book_valuer_per_share_4q_avg": 15.21,
            "equity": 1318295,
            "current_ratio": 143.79,
            "debt_ratio": 59.62,
            "inventory_turnover_ratio": 0.55,
            "account_receivable_turnover_ratio": 1.21,
            "reinvestment_rate": -232.92,
            "research_to_sale_ratio": 0.46,
            "price_fair": 94.38,
            "eps_avg_yearly": 2.7,
            "eps_latest_yearly": 0.88,
            "eps_growth_yearly": 152.94
        },
        "20222": {
            "year_quarter": 20222,
            "year": 2022,
            "quarter": 2,
            "eps": 0.26,
            "eps_growth_year": -50,
            "eps_4q": 0.86,
            "eps_4q_growth_year": 2721.62,
            "roe": 1.61,
            "roe_4q": 5.54,
            "gross_profit": 80554,
            "gross_margin": 13.01,
            "gross_margin_4q_avg": 13.8,
            "net_income": 21470,
            "net_income_4q": null,
            "revenue": 619304,
            "revenue_4q": null,
            "common_shares": 833544,
            "book_valuer_per_share": 16.44,
            "book_valuer_per_share_4q_avg": 15.53,
            "equity": 1351918,
            "current_ratio": 137.93,
            "debt_ratio": 60.18,
            "inventory_turnover_ratio": 0.57,
            "account_receivable_turnover_ratio": 1.21,
            "reinvestment_rate": -261.78,
            "research_to_sale_ratio": 0.36,
            "price_fair": 85.52,
            "eps_avg_yearly": 2.44,
            "eps_latest_yearly": 1.04,
            "eps_growth_yearly": 126.95
        },
        "20223": {
            "year_quarter": 20223,
            "year": 2022,
            "quarter": 3,
            "eps": 0.03,
            "eps_growth_year": -88,
            "eps_4q": 0.63,
            "eps_4q_growth_year": 142.59,
            "roe": 0.16,
            "roe_4q": 4.029999999999999,
            "gross_profit": 83111,
            "gross_margin": 12.48,
            "gross_margin_4q_avg": 14.67,
            "net_income": 2190,
            "net_income_4q": null,
            "revenue": 665932,
            "revenue_4q": null,
            "common_shares": 833544,
            "book_valuer_per_share": 17.78,
            "book_valuer_per_share_4q_avg": 16.25,
            "equity": 1462195,
            "current_ratio": 139.72,
            "debt_ratio": 60.76,
            "inventory_turnover_ratio": 0.54,
            "account_receivable_turnover_ratio": 1.18,
            "reinvestment_rate": -307.15,
            "research_to_sale_ratio": 0.25,
            "price_fair": 75.25,
            "eps_avg_yearly": 2.15,
            "eps_latest_yearly": 0.12,
            "eps_growth_yearly": 101.06
        },
        "20224": {
            "year_quarter": 20224,
            "year": 2022,
            "quarter": 4,
            "eps": 0.7,
            "eps_growth_year": 481.39,
            "eps_4q": 1.21,
            "eps_4q_growth_year": -6.39,
            "roe": 3.92,
            "roe_4q": 7.140000000000001,
            "gross_profit": 206731,
            "gross_margin": 21.78,
            "gross_margin_4q_avg": 15.87,
            "net_income": 57546,
            "net_income_4q": null,
            "revenue": 949376,
            "revenue_4q": null,
            "common_shares": 833544,
            "book_valuer_per_share": 17.93,
            "book_valuer_per_share_4q_avg": 17.05,
            "equity": 1474179,
            "current_ratio": 147.29,
            "debt_ratio": 58.25,
            "inventory_turnover_ratio": 0.67,
            "account_receivable_turnover_ratio": 1.43,
            "reinvestment_rate": -296.71,
            "research_to_sale_ratio": 0.13,
            "price_fair": 76.53,
            "eps_avg_yearly": 2.19,
            "eps_latest_yearly": 2.8,
            "eps_growth_yearly": 857.23
        },
        "20231": {
            "year_quarter": 20231,
            "year": 2023,
            "quarter": 1,
            "eps": 0.31,
            "eps_growth_year": 40.91,
            "eps_4q": 1.22,
            "eps_4q_growth_year": 9.31,
            "roe": 1.64,
            "roe_4q": 7.33,
            "gross_profit": 94943,
            "gross_margin": 11.43,
            "gross_margin_4q_avg": 14.68,
            "net_income": 25343,
            "net_income_4q": null,
            "revenue": 830490,
            "revenue_4q": null,
            "common_shares": 883754,
            "book_valuer_per_share": 18.61,
            "book_valuer_per_share_4q_avg": 17.69,
            "equity": 1623787,
            "current_ratio": 162,
            "debt_ratio": 53.36,
            "inventory_turnover_ratio": 0.72,
            "account_receivable_turnover_ratio": 1.23,
            "reinvestment_rate": -321.06,
            "research_to_sale_ratio": 0.06,
            "price_fair": 73.62,
            "eps_avg_yearly": 2.1,
            "eps_latest_yearly": 1.24,
            "eps_growth_yearly": 840.35
        },
        "20232": {
            "year_quarter": 20232,
            "year": 2023,
            "quarter": 2,
            "eps": 0.4,
            "eps_growth_year": 53.85,
            "eps_4q": 1.31,
            "eps_4q_growth_year": 52.52,
            "roe": 2.07,
            "roe_4q": 7.79,
            "gross_profit": 144572,
            "gross_margin": 16.85,
            "gross_margin_4q_avg": 15.64,
            "net_income": 35989,
            "net_income_4q": null,
            "revenue": 857892,
            "revenue_4q": null,
            "common_shares": 938743,
            "book_valuer_per_share": 19.92,
            "book_valuer_per_share_4q_avg": 18.56,
            "equity": 1847262,
            "current_ratio": 226.3,
            "debt_ratio": 48.82,
            "inventory_turnover_ratio": 0.7,
            "account_receivable_turnover_ratio": 1.23,
            "reinvestment_rate": -277.1,
            "research_to_sale_ratio": 0.06,
            "price_fair": 73.15,
            "eps_avg_yearly": 2.09,
            "eps_latest_yearly": 1.6,
            "eps_growth_yearly": 857.17
        }
    },
    "months": {
        "2009-12": {
            "month": "2009-12",
            "price": "48.68",
            "revenue": 89590
        },
        "2010-01": {
            "month": "2010-01",
            "price": "55.39",
            "revenue": 67479
        },
        "2010-02": {
            "month": "2010-02",
            "price": "56.86",
            "revenue": 51780
        },
        "2010-03": {
            "month": "2010-03",
            "price": "55.37",
            "revenue": 141965
        },
        "2010-04": {
            "month": "2010-04",
            "price": "71.64",
            "revenue": 83984
        },
        "2010-05": {
            "month": "2010-05",
            "price": "81.71",
            "revenue": 70439
        },
        "2010-06": {
            "month": "2010-06",
            "price": "82.78",
            "revenue": 163047
        },
        "2010-07": {
            "month": "2010-07",
            "price": "109.63",
            "revenue": 126592
        },
        "2010-08": {
            "month": "2010-08",
            "price": "128.61",
            "revenue": 102937
        },
        "2010-09": {
            "month": "2010-09",
            "price": "142.55",
            "revenue": 110676
        },
        "2010-10": {
            "month": "2010-10",
            "price": "133.13",
            "revenue": 121363
        },
        "2010-11": {
            "month": "2010-11",
            "price": "111.40",
            "revenue": 107608
        },
        "2010-12": {
            "month": "2010-12",
            "price": "99.69",
            "revenue": 103423
        },
        "2011-01": {
            "month": "2011-01",
            "price": "110.93",
            "revenue": 95344
        },
        "2011-02": {
            "month": "2011-02",
            "price": "98.03",
            "revenue": 122875
        },
        "2011-03": {
            "month": "2011-03",
            "price": "98.35",
            "revenue": 120785
        },
        "2011-04": {
            "month": "2011-04",
            "price": "92.16",
            "revenue": 135664
        },
        "2011-05": {
            "month": "2011-05",
            "price": "103.28",
            "revenue": 144710
        },
        "2011-06": {
            "month": "2011-06",
            "price": "104.35",
            "revenue": 133627
        },
        "2011-07": {
            "month": "2011-07",
            "price": "95.90",
            "revenue": 131850
        },
        "2011-08": {
            "month": "2011-08",
            "price": "89.69",
            "revenue": 100418
        },
        "2011-09": {
            "month": "2011-09",
            "price": "85.46",
            "revenue": 116939
        },
        "2011-10": {
            "month": "2011-10",
            "price": "78.34",
            "revenue": 157581
        },
        "2011-11": {
            "month": "2011-11",
            "price": "78.72",
            "revenue": 146855
        },
        "2011-12": {
            "month": "2011-12",
            "price": "70.68",
            "revenue": 235119
        },
        "2012-01": {
            "month": "2012-01",
            "price": "79.42",
            "revenue": 120423
        },
        "2012-02": {
            "month": "2012-02",
            "price": "90.45",
            "revenue": 124717
        },
        "2012-03": {
            "month": "2012-03",
            "price": "100.85",
            "revenue": 156474
        },
        "2012-04": {
            "month": "2012-04",
            "price": "117.44",
            "revenue": 137271
        },
        "2012-05": {
            "month": "2012-05",
            "price": "113.92",
            "revenue": 145504
        },
        "2012-06": {
            "month": "2012-06",
            "price": "106.43",
            "revenue": 129062
        },
        "2012-07": {
            "month": "2012-07",
            "price": "102.20",
            "revenue": 133264
        },
        "2012-08": {
            "month": "2012-08",
            "price": "88.32",
            "revenue": 115308
        },
        "2012-09": {
            "month": "2012-09",
            "price": "87.17",
            "revenue": 103534
        },
        "2012-10": {
            "month": "2012-10",
            "price": "80.85",
            "revenue": 91804
        },
        "2012-11": {
            "month": "2012-11",
            "price": "71.20",
            "revenue": 122634
        },
        "2012-12": {
            "month": "2012-12",
            "price": "69.81",
            "revenue": 135226
        },
        "2013-01": {
            "month": "2013-01",
            "price": "72.96",
            "revenue": 138077
        },
        "2013-02": {
            "month": "2013-02",
            "price": "76.05",
            "revenue": 129040
        },
        "2013-03": {
            "month": "2013-03",
            "price": "109.18",
            "revenue": 134301
        },
        "2013-04": {
            "month": "2013-04",
            "price": "109.08",
            "revenue": 128751
        },
        "2013-05": {
            "month": "2013-05",
            "price": "96.24",
            "revenue": 130382
        },
        "2013-06": {
            "month": "2013-06",
            "price": "43.10",
            "revenue": 148621
        },
        "2013-07": {
            "month": "2013-07",
            "price": "41.14",
            "revenue": 148675
        },
        "2013-08": {
            "month": "2013-08",
            "price": "39.82",
            "revenue": 156785
        },
        "2013-09": {
            "month": "2013-09",
            "price": "42.25",
            "revenue": 160837
        },
        "2013-10": {
            "month": "2013-10",
            "price": "49.25",
            "revenue": 157804
        },
        "2013-11": {
            "month": "2013-11",
            "price": "44.91",
            "revenue": 142792
        },
        "2013-12": {
            "month": "2013-12",
            "price": "48.02",
            "revenue": 157175
        },
        "2014-01": {
            "month": "2014-01",
            "price": "57.79",
            "revenue": 159063
        },
        "2014-02": {
            "month": "2014-02",
            "price": "60.62",
            "revenue": 110366
        },
        "2014-03": {
            "month": "2014-03",
            "price": "61.28",
            "revenue": 123802
        },
        "2014-04": {
            "month": "2014-04",
            "price": "52.31",
            "revenue": 143504
        },
        "2014-05": {
            "month": "2014-05",
            "price": "51.12",
            "revenue": 131604
        },
        "2014-06": {
            "month": "2014-06",
            "price": "51.00",
            "revenue": 130429
        },
        "2014-07": {
            "month": "2014-07",
            "price": "52.69",
            "revenue": 110089
        },
        "2014-08": {
            "month": "2014-08",
            "price": "44.66",
            "revenue": 77474
        },
        "2014-09": {
            "month": "2014-09",
            "price": "37.88",
            "revenue": 87373
        },
        "2014-10": {
            "month": "2014-10",
            "price": "33.18",
            "revenue": 95615
        },
        "2014-11": {
            "month": "2014-11",
            "price": "29.36",
            "revenue": 115294
        },
        "2014-12": {
            "month": "2014-12",
            "price": "32.04",
            "revenue": 121851
        },
        "2015-01": {
            "month": "2015-01",
            "price": "33.27",
            "revenue": 129866
        },
        "2015-02": {
            "month": "2015-02",
            "price": "31.02",
            "revenue": 105115
        },
        "2015-03": {
            "month": "2015-03",
            "price": "33.21",
            "revenue": 143889
        },
        "2015-04": {
            "month": "2015-04",
            "price": "34.19",
            "revenue": 107269
        },
        "2015-05": {
            "month": "2015-05",
            "price": "30.86",
            "revenue": 90508
        },
        "2015-06": {
            "month": "2015-06",
            "price": "22.79",
            "revenue": 128049
        },
        "2015-07": {
            "month": "2015-07",
            "price": "19.07",
            "revenue": 110325
        },
        "2015-08": {
            "month": "2015-08",
            "price": "14.64",
            "revenue": 104147
        },
        "2015-09": {
            "month": "2015-09",
            "price": "17.69",
            "revenue": 142105
        },
        "2015-10": {
            "month": "2015-10",
            "price": "21.99",
            "revenue": 103486
        },
        "2015-11": {
            "month": "2015-11",
            "price": "22.26",
            "revenue": 122243
        },
        "2015-12": {
            "month": "2015-12",
            "price": "21.26",
            "revenue": 158701
        },
        "2016-01": {
            "month": "2016-01",
            "price": "19.77",
            "revenue": 101546
        },
        "2016-02": {
            "month": "2016-02",
            "price": "22.09",
            "revenue": 107818
        },
        "2016-03": {
            "month": "2016-03",
            "price": "29.50",
            "revenue": 159044
        },
        "2016-04": {
            "month": "2016-04",
            "price": "43.60",
            "revenue": 205689
        },
        "2016-05": {
            "month": "2016-05",
            "price": "42.08",
            "revenue": 242193
        },
        "2016-06": {
            "month": "2016-06",
            "price": "49.45",
            "revenue": 278212
        },
        "2016-07": {
            "month": "2016-07",
            "price": "50.25",
            "revenue": 228993
        },
        "2016-08": {
            "month": "2016-08",
            "price": "44.24",
            "revenue": 212974
        },
        "2016-09": {
            "month": "2016-09",
            "price": "40.04",
            "revenue": 252547
        },
        "2016-10": {
            "month": "2016-10",
            "price": "39.20",
            "revenue": 224409
        },
        "2016-11": {
            "month": "2016-11",
            "price": "34.52",
            "revenue": 201985
        },
        "2016-12": {
            "month": "2016-12",
            "price": "35.88",
            "revenue": 194053
        },
        "2017-01": {
            "month": "2017-01",
            "price": "32.88",
            "revenue": 192368
        },
        "2017-02": {
            "month": "2017-02",
            "price": "35.65",
            "revenue": 210680
        },
        "2017-03": {
            "month": "2017-03",
            "price": "38.12",
            "revenue": 262220
        },
        "2017-04": {
            "month": "2017-04",
            "price": "37.56",
            "revenue": 200215
        },
        "2017-05": {
            "month": "2017-05",
            "price": "33.24",
            "revenue": 191627
        },
        "2017-06": {
            "month": "2017-06",
            "price": "32.59",
            "revenue": 643734
        },
        "2017-07": {
            "month": "2017-07",
            "price": "30.91",
            "revenue": 698252
        },
        "2017-08": {
            "month": "2017-08",
            "price": "33.04",
            "revenue": 719881
        },
        "2017-09": {
            "month": "2017-09",
            "price": "35.01",
            "revenue": 623405
        },
        "2017-10": {
            "month": "2017-10",
            "price": "34.08",
            "revenue": 585026
        },
        "2017-11": {
            "month": "2017-11",
            "price": "33.71",
            "revenue": 644302
        },
        "2017-12": {
            "month": "2017-12",
            "price": "36.11",
            "revenue": 607687
        },
        "2018-01": {
            "month": "2018-01",
            "price": "35.28",
            "revenue": 566941
        },
        "2018-02": {
            "month": "2018-02",
            "price": "33.25",
            "revenue": 628829
        },
        "2018-03": {
            "month": "2018-03",
            "price": "34.38",
            "revenue": 878630
        },
        "2018-04": {
            "month": "2018-04",
            "price": "35.33",
            "revenue": 719129
        },
        "2018-05": {
            "month": "2018-05",
            "price": "36.46",
            "revenue": 653356
        },
        "2018-06": {
            "month": "2018-06",
            "price": "37.51",
            "revenue": 843407
        },
        "2018-07": {
            "month": "2018-07",
            "price": "35.16",
            "revenue": 718349
        },
        "2018-08": {
            "month": "2018-08",
            "price": "35.29",
            "revenue": 730658
        },
        "2018-09": {
            "month": "2018-09",
            "price": "33.67",
            "revenue": 723254
        },
        "2018-10": {
            "month": "2018-10",
            "price": "29.15",
            "revenue": 639696
        },
        "2018-11": {
            "month": "2018-11",
            "price": "29.40",
            "revenue": 668991
        },
        "2018-12": {
            "month": "2018-12",
            "price": "29.60",
            "revenue": 706077
        },
        "2019-01": {
            "month": "2019-01",
            "price": "30.28",
            "revenue": 590124
        },
        "2019-02": {
            "month": "2019-02",
            "price": "31.78",
            "revenue": 483406
        },
        "2019-03": {
            "month": "2019-03",
            "price": "35.27",
            "revenue": 669478
        },
        "2019-04": {
            "month": "2019-04",
            "price": "36.61",
            "revenue": 565112
        },
        "2019-05": {
            "month": "2019-05",
            "price": "36.14",
            "revenue": 608370
        },
        "2019-06": {
            "month": "2019-06",
            "price": "35.55",
            "revenue": 661766
        },
        "2019-07": {
            "month": "2019-07",
            "price": "34.43",
            "revenue": 652205
        },
        "2019-08": {
            "month": "2019-08",
            "price": "32.80",
            "revenue": 682198
        },
        "2019-09": {
            "month": "2019-09",
            "price": "33.13",
            "revenue": 766522
        },
        "2019-10": {
            "month": "2019-10",
            "price": "34.82",
            "revenue": 739638
        },
        "2019-11": {
            "month": "2019-11",
            "price": "34.70",
            "revenue": 697802
        },
        "2019-12": {
            "month": "2019-12",
            "price": "33.95",
            "revenue": 674002
        },
        "2020-01": {
            "month": "2020-01",
            "price": "32.74",
            "revenue": 468063
        },
        "2020-02": {
            "month": "2020-02",
            "price": "29.40",
            "revenue": 547889
        },
        "2020-03": {
            "month": "2020-03",
            "price": "25.54",
            "revenue": 581388
        },
        "2020-04": {
            "month": "2020-04",
            "price": "26.02",
            "revenue": 327068
        },
        "2020-05": {
            "month": "2020-05",
            "price": "26.89",
            "revenue": 318985
        },
        "2020-06": {
            "month": "2020-06",
            "price": "27.88",
            "revenue": 160830
        },
        "2020-07": {
            "month": "2020-07",
            "price": "24.45",
            "revenue": 147391
        },
        "2020-08": {
            "month": "2020-08",
            "price": "21.65",
            "revenue": 151815
        },
        "2020-09": {
            "month": "2020-09",
            "price": "21.08",
            "revenue": 192048
        },
        "2020-10": {
            "month": "2020-10",
            "price": "21.06",
            "revenue": 170961
        },
        "2020-11": {
            "month": "2020-11",
            "price": "23.04",
            "revenue": 174484
        },
        "2020-12": {
            "month": "2020-12",
            "price": "25.35",
            "revenue": 136786
        },
        "2021-01": {
            "month": "2021-01",
            "price": "23.21",
            "revenue": 113713
        },
        "2021-02": {
            "month": "2021-02",
            "price": "23.38",
            "revenue": 131857
        },
        "2021-03": {
            "month": "2021-03",
            "price": "23.89",
            "revenue": 186815
        },
        "2021-04": {
            "month": "2021-04",
            "price": "24.93",
            "revenue": 212799
        },
        "2021-05": {
            "month": "2021-05",
            "price": "22.28",
            "revenue": 233729
        },
        "2021-06": {
            "month": "2021-06",
            "price": "23.37",
            "revenue": 240752
        },
        "2021-07": {
            "month": "2021-07",
            "price": "26.17",
            "revenue": 161578
        },
        "2021-08": {
            "month": "2021-08",
            "price": "24.82",
            "revenue": 179681
        },
        "2021-09": {
            "month": "2021-09",
            "price": "24.83",
            "revenue": 183010
        },
        "2021-10": {
            "month": "2021-10",
            "price": "23.52",
            "revenue": 148622
        },
        "2021-11": {
            "month": "2021-11",
            "price": "32.93",
            "revenue": 156622
        },
        "2021-12": {
            "month": "2021-12",
            "price": "31.99",
            "revenue": 168831
        },
        "2022-01": {
            "month": "2022-01",
            "price": "29.07",
            "revenue": 149756
        },
        "2022-02": {
            "month": "2022-02",
            "price": "28.20",
            "revenue": 158182
        },
        "2022-03": {
            "month": "2022-03",
            "price": "28.40",
            "revenue": 235429
        },
        "2022-04": {
            "month": "2022-04",
            "price": "28.07",
            "revenue": 180047
        },
        "2022-05": {
            "month": "2022-05",
            "price": "24.60",
            "revenue": 158450
        },
        "2022-06": {
            "month": "2022-06",
            "price": "23.50",
            "revenue": 276271
        },
        "2022-07": {
            "month": "2022-07",
            "price": "22.77",
            "revenue": 177944
        },
        "2022-08": {
            "month": "2022-08",
            "price": "26.01",
            "revenue": 246987
        },
        "2022-09": {
            "month": "2022-09",
            "price": "23.83",
            "revenue": 282715
        },
        "2022-10": {
            "month": "2022-10",
            "price": "21.97",
            "revenue": 264905
        },
        "2022-11": {
            "month": "2022-11",
            "price": "23.36",
            "revenue": 309678
        },
        "2022-12": {
            "month": "2022-12",
            "price": "27.24",
            "revenue": 379139
        },
        "2023-01": {
            "month": "2023-01",
            "price": "27.49",
            "revenue": 226122
        },
        "2023-02": {
            "month": "2023-02",
            "price": "29.37",
            "revenue": 302429
        },
        "2023-03": {
            "month": "2023-03",
            "price": "31.99",
            "revenue": 301848
        },
        "2023-04": {
            "month": "2023-04",
            "price": "33.70",
            "revenue": 268815
        },
        "2023-05": {
            "month": "2023-05",
            "price": "34.36",
            "revenue": 262691
        },
        "2023-06": {
            "month": "2023-06",
            "price": "39.18",
            "revenue": 326477
        },
        "2023-07": {
            "month": "2023-07",
            "price": "41.16",
            "revenue": 269708
        },
        "2023-08": {
            "month": "2023-08",
            "price": "39.42",
            "revenue": 300399
        },
        "2023-09": {
            "month": "2023-09",
            "price": "38.88",
            "revenue": 269465
        }
    }
}
