{
    "summary": {
        "stock_name": "新唐",
        "stock_id": "4919",
        "category": "半導體",
        "main_business": "一般IC產品<br>六吋晶圓廠產品生產，測試及代工業務",
        "website_url": "http://www.nuvoton.com",
        "ceo": "楊欣龍",
        "pe_ratio": 25,
        "report_year_from": 2009,
        "report_year_to": 2023,
        "age": 15,
        "eps_negative_percentage": 0,
        "eps_growth_avg": {
            "last_all": 13.23,
            "last_2y": 26.7,
            "last_4y": 4.91,
            "last_8y": 11.99,
            "last_12y": 7.1,
            "last_16y": null,
            "last_20y": null,
            "at_2006_last_3y": null,
            "at_2007_last_3y": null,
            "at_2008_last_3y": null,
            "at_2009_last_3y": null,
            "at_2010_last_3y": null,
            "at_2011_last_3y": null,
            "at_2012_last_3y": null,
            "at_2013_last_3y": 11.31,
            "at_2014_last_3y": -3.91,
            "at_2015_last_3y": 14.54,
            "at_2016_last_3y": 10.18,
            "at_2017_last_3y": 28,
            "at_2018_last_3y": 20.83,
            "at_2019_last_3y": 4.74,
            "at_2020_last_3y": -9.92,
            "at_2021_last_3y": 11.95,
            "at_2022_last_3y": 21,
            "at_2023_last_3y": 13.14,
            "at_2024_last_3y": 13.14,
            "at_2006_last_all": null,
            "at_2007_last_all": null,
            "at_2008_last_all": null,
            "at_2009_last_all": null,
            "at_2010_last_all": null,
            "at_2011_last_all": 27.74,
            "at_2012_last_all": 34.67,
            "at_2013_last_all": 11.31,
            "at_2014_last_all": 15.45,
            "at_2015_last_all": 18.94,
            "at_2016_last_all": 20.68,
            "at_2017_last_all": 19.66,
            "at_2018_last_all": 17.84,
            "at_2019_last_all": 13.26,
            "at_2020_last_all": 9.55,
            "at_2021_last_all": 17.09,
            "at_2022_last_all": 18.82,
            "at_2023_last_all": 13.23,
            "at_2024_last_all": 13.23
        },
        "latest_eps": 5.78,
        "latest_price": 142,
        "latest_roe": 14.93,
        "latest_gross_margin": 41.88,
        "latest_equity": 16062620,
        "latest_revenue": 8969569,
        "latest_gross_profit": 3756414,
        "latest_net_income": 599160,
        "latest_debt_ratio": 50.98,
        "latest_current_ratio": 214.81,
        "latest_account_receivable_turnover_ratio": 1.97,
        "latest_inventory_turnover_ratio": 0.62,
        "latest_reinvestment_rate": 70.72,
        "latest_research_to_sale_ratio": 25.05
    },
    "eps_dividends": {
        "2001": {
            "cash": 0,
            "stock": 0,
            "eps": 0
        },
        "2002": {
            "cash": 0,
            "stock": 0,
            "eps": 0
        },
        "2003": {
            "cash": 0,
            "stock": 0,
            "eps": 0
        },
        "2004": {
            "cash": 0,
            "stock": 0,
            "eps": 0
        },
        "2005": {
            "cash": 0,
            "stock": 0,
            "eps": 0
        },
        "2006": {
            "cash": 0,
            "stock": 0,
            "eps": 0
        },
        "2007": {
            "cash": 0,
            "stock": 0,
            "eps": 0
        },
        "2008": {
            "cash": 0,
            "stock": 0,
            "eps": 0
        },
        "2009": {
            "cash": 0,
            "stock": 0,
            "eps": 1.69
        },
        "2010": {
            "cash": 1.7,
            "stock": 0.2,
            "eps": 3.26
        },
        "2011": {
            "cash": 4.7,
            "stock": 0,
            "eps": 2.04
        },
        "2012": {
            "cash": 0,
            "stock": 0,
            "eps": 3.03
        },
        "2013": {
            "cash": 1.7,
            "stock": 0,
            "eps": 1.25
        },
        "2014": {
            "cash": 1.2,
            "stock": 0,
            "eps": 1.65
        },
        "2015": {
            "cash": 1.2,
            "stock": 0,
            "eps": 2.25
        },
        "2016": {
            "cash": 1.8,
            "stock": 0,
            "eps": 2.95
        },
        "2017": {
            "cash": 2.4,
            "stock": 0,
            "eps": 3.32
        },
        "2018": {
            "cash": 2.5,
            "stock": 0,
            "eps": 3.43
        },
        "2019": {
            "cash": 2.5,
            "stock": 0,
            "eps": 2.47
        },
        "2020": {
            "cash": 1.2,
            "stock": 0,
            "eps": 1.79
        },
        "2021": {
            "cash": 0.8,
            "stock": 0,
            "eps": 7.21
        },
        "2022": {
            "cash": 5,
            "stock": 0,
            "eps": 10.06
        },
        "2023": {
            "cash": 14,
            "stock": 0,
            "eps": 4.08
        }
    },
    "dividends": {
        "2010-01-28": {
            "cash": 1.7,
            "stock": 0.2
        },
        "2011-01-01": {
            "cash": 1.7,
            "stock": 0
        },
        "2011-04-27": {
            "cash": 3,
            "stock": 0
        },
        "2013-02-01": {
            "cash": 1.7,
            "stock": 0
        },
        "2014-09-12": {
            "cash": 1.2,
            "stock": 0
        },
        "2015-09-11": {
            "cash": 1.2,
            "stock": 0
        },
        "2016-09-09": {
            "cash": 1.8,
            "stock": 0
        },
        "2017-09-08": {
            "cash": 2.4,
            "stock": 0
        },
        "2018-09-14": {
            "cash": 2.5,
            "stock": 0
        },
        "2019-09-12": {
            "cash": 2.5,
            "stock": 0
        },
        "2020-09-11": {
            "cash": 1.2,
            "stock": 0
        },
        "2021-09-10": {
            "cash": 0.8,
            "stock": 0
        },
        "2022-08-26": {
            "cash": 5,
            "stock": 0
        },
        "2023-03-07": {
            "cash": 7,
            "stock": 0
        },
        "2023-08-25": {
            "cash": 7,
            "stock": 0
        }
    },
    "prices": {
        "200101": "無",
        "200102": "無",
        "200103": "無",
        "200104": "無",
        "200105": "無",
        "200106": "無",
        "200107": "無",
        "200108": "無",
        "200109": "無",
        "200110": "無",
        "200111": "無",
        "200112": "無",
        "200201": "無",
        "200202": "無",
        "200203": "無",
        "200204": "無",
        "200205": "無",
        "200206": "無",
        "200207": "無",
        "200208": "無",
        "200209": "無",
        "200210": "無",
        "200211": "無",
        "200212": "無",
        "200301": "無",
        "200302": "無",
        "200303": "無",
        "200304": "無",
        "200305": "無",
        "200306": "無",
        "200307": "無",
        "200308": "無",
        "200309": "無",
        "200310": "無",
        "200311": "無",
        "200312": "無",
        "200401": "無",
        "200402": "無",
        "200403": "無",
        "200404": "無",
        "200405": "無",
        "200406": "無",
        "200407": "無",
        "200408": "無",
        "200409": "無",
        "200410": "無",
        "200411": "無",
        "200412": "無",
        "200501": "無",
        "200502": "無",
        "200503": "無",
        "200504": "無",
        "200505": "無",
        "200506": "無",
        "200507": "無",
        "200508": "無",
        "200509": "無",
        "200510": "無",
        "200511": "無",
        "200512": "無",
        "200601": "無",
        "200602": "無",
        "200603": "無",
        "200604": "無",
        "200605": "無",
        "200606": "無",
        "200607": "無",
        "200608": "無",
        "200609": "無",
        "200610": "無",
        "200611": "無",
        "200612": "無",
        "200701": "無",
        "200702": "無",
        "200703": "無",
        "200704": "無",
        "200705": "無",
        "200706": "無",
        "200707": "無",
        "200708": "無",
        "200709": "無",
        "200710": "無",
        "200711": "無",
        "200712": "無",
        "200801": "無",
        "200802": "無",
        "200803": "無",
        "200804": "無",
        "200805": "無",
        "200806": "無",
        "200807": "無",
        "200808": "無",
        "200809": "無",
        "200810": "無",
        "200811": "無",
        "200812": "無",
        "200901": "無",
        "200902": "無",
        "200903": "無",
        "200904": "無",
        "200905": "無",
        "200906": "無",
        "200907": "無",
        "200908": "無",
        "200909": "無",
        "200910": "無",
        "200911": "無",
        "200912": "無",
        "201001": "38.85",
        "201002": "45.54",
        "201003": "46.78",
        "201004": "50.20",
        "201005": "56.96",
        "201006": "57.90",
        "201007": "55.80",
        "201008": "59.81",
        "201009": "58.10",
        "201010": "54.43",
        "201011": "55.80",
        "201012": "58.81",
        "201101": "54.85",
        "201102": "54.81",
        "201103": "49.48",
        "201104": "45.58",
        "201105": "45.76",
        "201106": "47.30",
        "201107": "39.72",
        "201108": "31.11",
        "201109": "27.62",
        "201110": "25.79",
        "201111": "25.84",
        "201112": "21.48",
        "201201": "22.01",
        "201202": "29.47",
        "201203": "31.10",
        "201204": "31.00",
        "201205": "31.47",
        "201206": "29.57",
        "201207": "32.19",
        "201208": "39.12",
        "201209": "38.63",
        "201210": "33.18",
        "201211": "28.90",
        "201212": "30.80",
        "201301": "34.48",
        "201302": "34.92",
        "201303": "36.13",
        "201304": "34.60",
        "201305": "32.86",
        "201306": "31.71",
        "201307": "29.79",
        "201308": "26.19",
        "201309": "26.92",
        "201310": "24.48",
        "201311": "23.13",
        "201312": "24.80",
        "201401": "26.96",
        "201402": "27.84",
        "201403": "29.62",
        "201404": "30.75",
        "201405": "32.40",
        "201406": "32.38",
        "201407": "33.95",
        "201408": "32.71",
        "201409": "32.16",
        "201410": "28.55",
        "201411": "25.85",
        "201412": "27.78",
        "201501": "28.62",
        "201502": "28.18",
        "201503": "29.29",
        "201504": "29.38",
        "201505": "28.98",
        "201506": "26.58",
        "201507": "25.31",
        "201508": "22.52",
        "201509": "23.30",
        "201510": "26.39",
        "201511": "28.82",
        "201512": "32.49",
        "201601": "28.34",
        "201602": "32.23",
        "201603": "33.18",
        "201604": "32.39",
        "201605": "30.14",
        "201606": "31.60",
        "201607": "33.80",
        "201608": "38.25",
        "201609": "38.46",
        "201610": "36.96",
        "201611": "36.03",
        "201612": "37.66",
        "201701": "39.58",
        "201702": "46.12",
        "201703": "45.28",
        "201704": "42.34",
        "201705": "42.56",
        "201706": "44.92",
        "201707": "50.17",
        "201708": "53.72",
        "201709": "57.80",
        "201710": "69.76",
        "201711": "74.54",
        "201712": "63.20",
        "201801": "67.36",
        "201802": "71.38",
        "201803": "72.62",
        "201804": "63.37",
        "201805": "59.99",
        "201806": "66.18",
        "201807": "60.99",
        "201808": "57.70",
        "201809": "47.03",
        "201810": "37.72",
        "201811": "39.14",
        "201812": "42.03",
        "201901": "43.74",
        "201902": "47.71",
        "201903": "49.84",
        "201904": "51.53",
        "201905": "46.08",
        "201906": "44.46",
        "201907": "49.80",
        "201908": "48.49",
        "201909": "50.92",
        "201910": "49.36",
        "201911": "47.04",
        "201912": "46.81",
        "202001": "45.73",
        "202002": "41.82",
        "202003": "35.01",
        "202004": "35.55",
        "202005": "37.42",
        "202006": "38.68",
        "202007": "43.47",
        "202008": "44.94",
        "202009": "43.96",
        "202010": "44.41",
        "202011": "42.91",
        "202012": "46.93",
        "202101": "45.78",
        "202102": "45.66",
        "202103": "46.14",
        "202104": "67.73",
        "202105": "66.82",
        "202106": "82.12",
        "202107": "121.71",
        "202108": "144.34",
        "202109": "136.40",
        "202110": "128.90",
        "202111": "135.93",
        "202112": "144.66",
        "202201": "135.92",
        "202202": "142.93",
        "202203": "156.46",
        "202204": "160.08",
        "202205": "166.60",
        "202206": "160.52",
        "202207": "118.69",
        "202208": "118.78",
        "202209": "117.10",
        "202210": "103.08",
        "202211": "115.11",
        "202212": "120.41",
        "202301": "123.27",
        "202302": "147.19",
        "202303": "148.78",
        "202304": "142.53",
        "202305": "127.52",
        "202306": "129.30",
        "202307": "136.71",
        "202308": "124.52",
        "202309": "128.12",
        "202310": "128.30",
        "202311": "136.14",
        "202312": "142.55"
    },
    "quarters": {
        "20011": {
            "year_quarter": 20011,
            "year": 2001,
            "quarter": 1,
            "eps": null,
            "eps_growth_year": null,
            "eps_4q": null,
            "eps_4q_growth_year": null,
            "roe": null,
            "roe_4q": 0,
            "gross_profit": null,
            "gross_margin": null,
            "gross_margin_4q_avg": 0,
            "net_income": null,
            "net_income_4q": null,
            "revenue": null,
            "revenue_4q": null,
            "common_shares": null,
            "book_valuer_per_share": null,
            "book_valuer_per_share_4q_avg": 0,
            "equity": null,
            "current_ratio": null,
            "debt_ratio": null,
            "inventory_turnover_ratio": null,
            "account_receivable_turnover_ratio": null,
            "reinvestment_rate": null,
            "research_to_sale_ratio": null,
            "price_fair": 0,
            "eps_avg_yearly": 0,
            "eps_latest_yearly": 0,
            "eps_growth_yearly": 0
        },
        "20012": {
            "year_quarter": 20012,
            "year": 2001,
            "quarter": 2,
            "eps": null,
            "eps_growth_year": null,
            "eps_4q": null,
            "eps_4q_growth_year": null,
            "roe": null,
            "roe_4q": 0,
            "gross_profit": null,
            "gross_margin": null,
            "gross_margin_4q_avg": 0,
            "net_income": null,
            "net_income_4q": null,
            "revenue": null,
            "revenue_4q": null,
            "common_shares": null,
            "book_valuer_per_share": null,
            "book_valuer_per_share_4q_avg": 0,
            "equity": null,
            "current_ratio": null,
            "debt_ratio": null,
            "inventory_turnover_ratio": null,
            "account_receivable_turnover_ratio": null,
            "reinvestment_rate": null,
            "research_to_sale_ratio": null,
            "price_fair": 0,
            "eps_avg_yearly": 0,
            "eps_latest_yearly": 0,
            "eps_growth_yearly": 0
        },
        "20013": {
            "year_quarter": 20013,
            "year": 2001,
            "quarter": 3,
            "eps": null,
            "eps_growth_year": null,
            "eps_4q": null,
            "eps_4q_growth_year": null,
            "roe": null,
            "roe_4q": 0,
            "gross_profit": null,
            "gross_margin": null,
            "gross_margin_4q_avg": 0,
            "net_income": null,
            "net_income_4q": null,
            "revenue": null,
            "revenue_4q": null,
            "common_shares": null,
            "book_valuer_per_share": null,
            "book_valuer_per_share_4q_avg": 0,
            "equity": null,
            "current_ratio": null,
            "debt_ratio": null,
            "inventory_turnover_ratio": null,
            "account_receivable_turnover_ratio": null,
            "reinvestment_rate": null,
            "research_to_sale_ratio": null,
            "price_fair": 0,
            "eps_avg_yearly": 0,
            "eps_latest_yearly": 0,
            "eps_growth_yearly": 0
        },
        "20014": {
            "year_quarter": 20014,
            "year": 2001,
            "quarter": 4,
            "eps": null,
            "eps_growth_year": null,
            "eps_4q": null,
            "eps_4q_growth_year": null,
            "roe": null,
            "roe_4q": 0,
            "gross_profit": null,
            "gross_margin": null,
            "gross_margin_4q_avg": 0,
            "net_income": null,
            "net_income_4q": null,
            "revenue": null,
            "revenue_4q": null,
            "common_shares": null,
            "book_valuer_per_share": null,
            "book_valuer_per_share_4q_avg": 0,
            "equity": null,
            "current_ratio": null,
            "debt_ratio": null,
            "inventory_turnover_ratio": null,
            "account_receivable_turnover_ratio": null,
            "reinvestment_rate": null,
            "research_to_sale_ratio": null,
            "price_fair": 0,
            "eps_avg_yearly": 0,
            "eps_latest_yearly": 0,
            "eps_growth_yearly": 0
        },
        "20021": {
            "year_quarter": 20021,
            "year": 2002,
            "quarter": 1,
            "eps": null,
            "eps_growth_year": null,
            "eps_4q": null,
            "eps_4q_growth_year": null,
            "roe": null,
            "roe_4q": 0,
            "gross_profit": null,
            "gross_margin": null,
            "gross_margin_4q_avg": 0,
            "net_income": null,
            "net_income_4q": null,
            "revenue": null,
            "revenue_4q": null,
            "common_shares": null,
            "book_valuer_per_share": null,
            "book_valuer_per_share_4q_avg": 0,
            "equity": null,
            "current_ratio": null,
            "debt_ratio": null,
            "inventory_turnover_ratio": null,
            "account_receivable_turnover_ratio": null,
            "reinvestment_rate": null,
            "research_to_sale_ratio": null,
            "price_fair": 0,
            "eps_avg_yearly": 0,
            "eps_latest_yearly": 0,
            "eps_growth_yearly": 0
        },
        "20022": {
            "year_quarter": 20022,
            "year": 2002,
            "quarter": 2,
            "eps": null,
            "eps_growth_year": null,
            "eps_4q": null,
            "eps_4q_growth_year": null,
            "roe": null,
            "roe_4q": 0,
            "gross_profit": null,
            "gross_margin": null,
            "gross_margin_4q_avg": 0,
            "net_income": null,
            "net_income_4q": null,
            "revenue": null,
            "revenue_4q": null,
            "common_shares": null,
            "book_valuer_per_share": null,
            "book_valuer_per_share_4q_avg": 0,
            "equity": null,
            "current_ratio": null,
            "debt_ratio": null,
            "inventory_turnover_ratio": null,
            "account_receivable_turnover_ratio": null,
            "reinvestment_rate": null,
            "research_to_sale_ratio": null,
            "price_fair": 0,
            "eps_avg_yearly": 0,
            "eps_latest_yearly": 0,
            "eps_growth_yearly": 0
        },
        "20023": {
            "year_quarter": 20023,
            "year": 2002,
            "quarter": 3,
            "eps": null,
            "eps_growth_year": null,
            "eps_4q": null,
            "eps_4q_growth_year": null,
            "roe": null,
            "roe_4q": 0,
            "gross_profit": null,
            "gross_margin": null,
            "gross_margin_4q_avg": 0,
            "net_income": null,
            "net_income_4q": null,
            "revenue": null,
            "revenue_4q": null,
            "common_shares": null,
            "book_valuer_per_share": null,
            "book_valuer_per_share_4q_avg": 0,
            "equity": null,
            "current_ratio": null,
            "debt_ratio": null,
            "inventory_turnover_ratio": null,
            "account_receivable_turnover_ratio": null,
            "reinvestment_rate": null,
            "research_to_sale_ratio": null,
            "price_fair": 0,
            "eps_avg_yearly": 0,
            "eps_latest_yearly": 0,
            "eps_growth_yearly": 0
        },
        "20024": {
            "year_quarter": 20024,
            "year": 2002,
            "quarter": 4,
            "eps": null,
            "eps_growth_year": null,
            "eps_4q": null,
            "eps_4q_growth_year": null,
            "roe": null,
            "roe_4q": 0,
            "gross_profit": null,
            "gross_margin": null,
            "gross_margin_4q_avg": 0,
            "net_income": null,
            "net_income_4q": null,
            "revenue": null,
            "revenue_4q": null,
            "common_shares": null,
            "book_valuer_per_share": null,
            "book_valuer_per_share_4q_avg": 0,
            "equity": null,
            "current_ratio": null,
            "debt_ratio": null,
            "inventory_turnover_ratio": null,
            "account_receivable_turnover_ratio": null,
            "reinvestment_rate": null,
            "research_to_sale_ratio": null,
            "price_fair": 0,
            "eps_avg_yearly": 0,
            "eps_latest_yearly": 0,
            "eps_growth_yearly": 0
        },
        "20031": {
            "year_quarter": 20031,
            "year": 2003,
            "quarter": 1,
            "eps": null,
            "eps_growth_year": null,
            "eps_4q": null,
            "eps_4q_growth_year": null,
            "roe": null,
            "roe_4q": 0,
            "gross_profit": null,
            "gross_margin": null,
            "gross_margin_4q_avg": 0,
            "net_income": null,
            "net_income_4q": null,
            "revenue": null,
            "revenue_4q": null,
            "common_shares": null,
            "book_valuer_per_share": null,
            "book_valuer_per_share_4q_avg": 0,
            "equity": null,
            "current_ratio": null,
            "debt_ratio": null,
            "inventory_turnover_ratio": null,
            "account_receivable_turnover_ratio": null,
            "reinvestment_rate": null,
            "research_to_sale_ratio": null,
            "price_fair": 0,
            "eps_avg_yearly": 0,
            "eps_latest_yearly": 0,
            "eps_growth_yearly": 0
        },
        "20032": {
            "year_quarter": 20032,
            "year": 2003,
            "quarter": 2,
            "eps": null,
            "eps_growth_year": null,
            "eps_4q": null,
            "eps_4q_growth_year": null,
            "roe": null,
            "roe_4q": 0,
            "gross_profit": null,
            "gross_margin": null,
            "gross_margin_4q_avg": 0,
            "net_income": null,
            "net_income_4q": null,
            "revenue": null,
            "revenue_4q": null,
            "common_shares": null,
            "book_valuer_per_share": null,
            "book_valuer_per_share_4q_avg": 0,
            "equity": null,
            "current_ratio": null,
            "debt_ratio": null,
            "inventory_turnover_ratio": null,
            "account_receivable_turnover_ratio": null,
            "reinvestment_rate": null,
            "research_to_sale_ratio": null,
            "price_fair": 0,
            "eps_avg_yearly": 0,
            "eps_latest_yearly": 0,
            "eps_growth_yearly": 0
        },
        "20033": {
            "year_quarter": 20033,
            "year": 2003,
            "quarter": 3,
            "eps": null,
            "eps_growth_year": null,
            "eps_4q": null,
            "eps_4q_growth_year": null,
            "roe": null,
            "roe_4q": 0,
            "gross_profit": null,
            "gross_margin": null,
            "gross_margin_4q_avg": 0,
            "net_income": null,
            "net_income_4q": null,
            "revenue": null,
            "revenue_4q": null,
            "common_shares": null,
            "book_valuer_per_share": null,
            "book_valuer_per_share_4q_avg": 0,
            "equity": null,
            "current_ratio": null,
            "debt_ratio": null,
            "inventory_turnover_ratio": null,
            "account_receivable_turnover_ratio": null,
            "reinvestment_rate": null,
            "research_to_sale_ratio": null,
            "price_fair": 0,
            "eps_avg_yearly": 0,
            "eps_latest_yearly": 0,
            "eps_growth_yearly": 0
        },
        "20034": {
            "year_quarter": 20034,
            "year": 2003,
            "quarter": 4,
            "eps": null,
            "eps_growth_year": null,
            "eps_4q": null,
            "eps_4q_growth_year": null,
            "roe": null,
            "roe_4q": 0,
            "gross_profit": null,
            "gross_margin": null,
            "gross_margin_4q_avg": 0,
            "net_income": null,
            "net_income_4q": null,
            "revenue": null,
            "revenue_4q": null,
            "common_shares": null,
            "book_valuer_per_share": null,
            "book_valuer_per_share_4q_avg": 0,
            "equity": null,
            "current_ratio": null,
            "debt_ratio": null,
            "inventory_turnover_ratio": null,
            "account_receivable_turnover_ratio": null,
            "reinvestment_rate": null,
            "research_to_sale_ratio": null,
            "price_fair": 0,
            "eps_avg_yearly": 0,
            "eps_latest_yearly": 0,
            "eps_growth_yearly": 0
        },
        "20041": {
            "year_quarter": 20041,
            "year": 2004,
            "quarter": 1,
            "eps": null,
            "eps_growth_year": null,
            "eps_4q": null,
            "eps_4q_growth_year": null,
            "roe": null,
            "roe_4q": 0,
            "gross_profit": null,
            "gross_margin": null,
            "gross_margin_4q_avg": 0,
            "net_income": null,
            "net_income_4q": null,
            "revenue": null,
            "revenue_4q": null,
            "common_shares": null,
            "book_valuer_per_share": null,
            "book_valuer_per_share_4q_avg": 0,
            "equity": null,
            "current_ratio": null,
            "debt_ratio": null,
            "inventory_turnover_ratio": null,
            "account_receivable_turnover_ratio": null,
            "reinvestment_rate": null,
            "research_to_sale_ratio": null,
            "price_fair": 0,
            "eps_avg_yearly": 0,
            "eps_latest_yearly": 0,
            "eps_growth_yearly": 0
        },
        "20042": {
            "year_quarter": 20042,
            "year": 2004,
            "quarter": 2,
            "eps": null,
            "eps_growth_year": null,
            "eps_4q": null,
            "eps_4q_growth_year": null,
            "roe": null,
            "roe_4q": 0,
            "gross_profit": null,
            "gross_margin": null,
            "gross_margin_4q_avg": 0,
            "net_income": null,
            "net_income_4q": null,
            "revenue": null,
            "revenue_4q": null,
            "common_shares": null,
            "book_valuer_per_share": null,
            "book_valuer_per_share_4q_avg": 0,
            "equity": null,
            "current_ratio": null,
            "debt_ratio": null,
            "inventory_turnover_ratio": null,
            "account_receivable_turnover_ratio": null,
            "reinvestment_rate": null,
            "research_to_sale_ratio": null,
            "price_fair": 0,
            "eps_avg_yearly": 0,
            "eps_latest_yearly": 0,
            "eps_growth_yearly": 0
        },
        "20043": {
            "year_quarter": 20043,
            "year": 2004,
            "quarter": 3,
            "eps": null,
            "eps_growth_year": null,
            "eps_4q": null,
            "eps_4q_growth_year": null,
            "roe": null,
            "roe_4q": 0,
            "gross_profit": null,
            "gross_margin": null,
            "gross_margin_4q_avg": 0,
            "net_income": null,
            "net_income_4q": null,
            "revenue": null,
            "revenue_4q": null,
            "common_shares": null,
            "book_valuer_per_share": null,
            "book_valuer_per_share_4q_avg": 0,
            "equity": null,
            "current_ratio": null,
            "debt_ratio": null,
            "inventory_turnover_ratio": null,
            "account_receivable_turnover_ratio": null,
            "reinvestment_rate": null,
            "research_to_sale_ratio": null,
            "price_fair": 0,
            "eps_avg_yearly": 0,
            "eps_latest_yearly": 0,
            "eps_growth_yearly": 0
        },
        "20044": {
            "year_quarter": 20044,
            "year": 2004,
            "quarter": 4,
            "eps": null,
            "eps_growth_year": null,
            "eps_4q": null,
            "eps_4q_growth_year": null,
            "roe": null,
            "roe_4q": 0,
            "gross_profit": null,
            "gross_margin": null,
            "gross_margin_4q_avg": 0,
            "net_income": null,
            "net_income_4q": null,
            "revenue": null,
            "revenue_4q": null,
            "common_shares": null,
            "book_valuer_per_share": null,
            "book_valuer_per_share_4q_avg": 0,
            "equity": null,
            "current_ratio": null,
            "debt_ratio": null,
            "inventory_turnover_ratio": null,
            "account_receivable_turnover_ratio": null,
            "reinvestment_rate": null,
            "research_to_sale_ratio": null,
            "price_fair": 0,
            "eps_avg_yearly": 0,
            "eps_latest_yearly": 0,
            "eps_growth_yearly": 0
        },
        "20051": {
            "year_quarter": 20051,
            "year": 2005,
            "quarter": 1,
            "eps": null,
            "eps_growth_year": null,
            "eps_4q": null,
            "eps_4q_growth_year": null,
            "roe": null,
            "roe_4q": 0,
            "gross_profit": null,
            "gross_margin": null,
            "gross_margin_4q_avg": 0,
            "net_income": null,
            "net_income_4q": null,
            "revenue": null,
            "revenue_4q": null,
            "common_shares": null,
            "book_valuer_per_share": null,
            "book_valuer_per_share_4q_avg": 0,
            "equity": null,
            "current_ratio": null,
            "debt_ratio": null,
            "inventory_turnover_ratio": null,
            "account_receivable_turnover_ratio": null,
            "reinvestment_rate": null,
            "research_to_sale_ratio": null,
            "price_fair": 0,
            "eps_avg_yearly": 0,
            "eps_latest_yearly": 0,
            "eps_growth_yearly": 0
        },
        "20052": {
            "year_quarter": 20052,
            "year": 2005,
            "quarter": 2,
            "eps": null,
            "eps_growth_year": null,
            "eps_4q": null,
            "eps_4q_growth_year": null,
            "roe": null,
            "roe_4q": 0,
            "gross_profit": null,
            "gross_margin": null,
            "gross_margin_4q_avg": 0,
            "net_income": null,
            "net_income_4q": null,
            "revenue": null,
            "revenue_4q": null,
            "common_shares": null,
            "book_valuer_per_share": null,
            "book_valuer_per_share_4q_avg": 0,
            "equity": null,
            "current_ratio": null,
            "debt_ratio": null,
            "inventory_turnover_ratio": null,
            "account_receivable_turnover_ratio": null,
            "reinvestment_rate": null,
            "research_to_sale_ratio": null,
            "price_fair": 0,
            "eps_avg_yearly": 0,
            "eps_latest_yearly": 0,
            "eps_growth_yearly": 0
        },
        "20053": {
            "year_quarter": 20053,
            "year": 2005,
            "quarter": 3,
            "eps": null,
            "eps_growth_year": null,
            "eps_4q": null,
            "eps_4q_growth_year": null,
            "roe": null,
            "roe_4q": 0,
            "gross_profit": null,
            "gross_margin": null,
            "gross_margin_4q_avg": 0,
            "net_income": null,
            "net_income_4q": null,
            "revenue": null,
            "revenue_4q": null,
            "common_shares": null,
            "book_valuer_per_share": null,
            "book_valuer_per_share_4q_avg": 0,
            "equity": null,
            "current_ratio": null,
            "debt_ratio": null,
            "inventory_turnover_ratio": null,
            "account_receivable_turnover_ratio": null,
            "reinvestment_rate": null,
            "research_to_sale_ratio": null,
            "price_fair": 0,
            "eps_avg_yearly": 0,
            "eps_latest_yearly": 0,
            "eps_growth_yearly": 0
        },
        "20054": {
            "year_quarter": 20054,
            "year": 2005,
            "quarter": 4,
            "eps": null,
            "eps_growth_year": null,
            "eps_4q": null,
            "eps_4q_growth_year": null,
            "roe": null,
            "roe_4q": 0,
            "gross_profit": null,
            "gross_margin": null,
            "gross_margin_4q_avg": 0,
            "net_income": null,
            "net_income_4q": null,
            "revenue": null,
            "revenue_4q": null,
            "common_shares": null,
            "book_valuer_per_share": null,
            "book_valuer_per_share_4q_avg": 0,
            "equity": null,
            "current_ratio": null,
            "debt_ratio": null,
            "inventory_turnover_ratio": null,
            "account_receivable_turnover_ratio": null,
            "reinvestment_rate": null,
            "research_to_sale_ratio": null,
            "price_fair": 0,
            "eps_avg_yearly": 0,
            "eps_latest_yearly": 0,
            "eps_growth_yearly": 0
        },
        "20061": {
            "year_quarter": 20061,
            "year": 2006,
            "quarter": 1,
            "eps": null,
            "eps_growth_year": null,
            "eps_4q": null,
            "eps_4q_growth_year": null,
            "roe": null,
            "roe_4q": 0,
            "gross_profit": null,
            "gross_margin": null,
            "gross_margin_4q_avg": 0,
            "net_income": null,
            "net_income_4q": null,
            "revenue": null,
            "revenue_4q": null,
            "common_shares": null,
            "book_valuer_per_share": null,
            "book_valuer_per_share_4q_avg": 0,
            "equity": null,
            "current_ratio": null,
            "debt_ratio": null,
            "inventory_turnover_ratio": null,
            "account_receivable_turnover_ratio": null,
            "reinvestment_rate": null,
            "research_to_sale_ratio": null,
            "price_fair": 0,
            "eps_avg_yearly": 0,
            "eps_latest_yearly": 0,
            "eps_growth_yearly": 0
        },
        "20062": {
            "year_quarter": 20062,
            "year": 2006,
            "quarter": 2,
            "eps": null,
            "eps_growth_year": null,
            "eps_4q": null,
            "eps_4q_growth_year": null,
            "roe": null,
            "roe_4q": 0,
            "gross_profit": null,
            "gross_margin": null,
            "gross_margin_4q_avg": 0,
            "net_income": null,
            "net_income_4q": null,
            "revenue": null,
            "revenue_4q": null,
            "common_shares": null,
            "book_valuer_per_share": null,
            "book_valuer_per_share_4q_avg": 0,
            "equity": null,
            "current_ratio": null,
            "debt_ratio": null,
            "inventory_turnover_ratio": null,
            "account_receivable_turnover_ratio": null,
            "reinvestment_rate": null,
            "research_to_sale_ratio": null,
            "price_fair": 0,
            "eps_avg_yearly": 0,
            "eps_latest_yearly": 0,
            "eps_growth_yearly": 0
        },
        "20063": {
            "year_quarter": 20063,
            "year": 2006,
            "quarter": 3,
            "eps": null,
            "eps_growth_year": null,
            "eps_4q": null,
            "eps_4q_growth_year": null,
            "roe": null,
            "roe_4q": 0,
            "gross_profit": null,
            "gross_margin": null,
            "gross_margin_4q_avg": 0,
            "net_income": null,
            "net_income_4q": null,
            "revenue": null,
            "revenue_4q": null,
            "common_shares": null,
            "book_valuer_per_share": null,
            "book_valuer_per_share_4q_avg": 0,
            "equity": null,
            "current_ratio": null,
            "debt_ratio": null,
            "inventory_turnover_ratio": null,
            "account_receivable_turnover_ratio": null,
            "reinvestment_rate": null,
            "research_to_sale_ratio": null,
            "price_fair": 0,
            "eps_avg_yearly": 0,
            "eps_latest_yearly": 0,
            "eps_growth_yearly": 0
        },
        "20064": {
            "year_quarter": 20064,
            "year": 2006,
            "quarter": 4,
            "eps": null,
            "eps_growth_year": null,
            "eps_4q": null,
            "eps_4q_growth_year": null,
            "roe": null,
            "roe_4q": 0,
            "gross_profit": null,
            "gross_margin": null,
            "gross_margin_4q_avg": 0,
            "net_income": null,
            "net_income_4q": null,
            "revenue": null,
            "revenue_4q": null,
            "common_shares": null,
            "book_valuer_per_share": null,
            "book_valuer_per_share_4q_avg": 0,
            "equity": null,
            "current_ratio": null,
            "debt_ratio": null,
            "inventory_turnover_ratio": null,
            "account_receivable_turnover_ratio": null,
            "reinvestment_rate": null,
            "research_to_sale_ratio": null,
            "price_fair": 0,
            "eps_avg_yearly": 0,
            "eps_latest_yearly": 0,
            "eps_growth_yearly": 0
        },
        "20071": {
            "year_quarter": 20071,
            "year": 2007,
            "quarter": 1,
            "eps": null,
            "eps_growth_year": null,
            "eps_4q": null,
            "eps_4q_growth_year": null,
            "roe": null,
            "roe_4q": 0,
            "gross_profit": null,
            "gross_margin": null,
            "gross_margin_4q_avg": 0,
            "net_income": null,
            "net_income_4q": null,
            "revenue": null,
            "revenue_4q": null,
            "common_shares": null,
            "book_valuer_per_share": null,
            "book_valuer_per_share_4q_avg": 0,
            "equity": null,
            "current_ratio": null,
            "debt_ratio": null,
            "inventory_turnover_ratio": null,
            "account_receivable_turnover_ratio": null,
            "reinvestment_rate": null,
            "research_to_sale_ratio": null,
            "price_fair": 0,
            "eps_avg_yearly": 0,
            "eps_latest_yearly": 0,
            "eps_growth_yearly": 0
        },
        "20072": {
            "year_quarter": 20072,
            "year": 2007,
            "quarter": 2,
            "eps": null,
            "eps_growth_year": null,
            "eps_4q": null,
            "eps_4q_growth_year": null,
            "roe": null,
            "roe_4q": 0,
            "gross_profit": null,
            "gross_margin": null,
            "gross_margin_4q_avg": 0,
            "net_income": null,
            "net_income_4q": null,
            "revenue": null,
            "revenue_4q": null,
            "common_shares": null,
            "book_valuer_per_share": null,
            "book_valuer_per_share_4q_avg": 0,
            "equity": null,
            "current_ratio": null,
            "debt_ratio": null,
            "inventory_turnover_ratio": null,
            "account_receivable_turnover_ratio": null,
            "reinvestment_rate": null,
            "research_to_sale_ratio": null,
            "price_fair": 0,
            "eps_avg_yearly": 0,
            "eps_latest_yearly": 0,
            "eps_growth_yearly": 0
        },
        "20073": {
            "year_quarter": 20073,
            "year": 2007,
            "quarter": 3,
            "eps": null,
            "eps_growth_year": null,
            "eps_4q": null,
            "eps_4q_growth_year": null,
            "roe": null,
            "roe_4q": 0,
            "gross_profit": null,
            "gross_margin": null,
            "gross_margin_4q_avg": 0,
            "net_income": null,
            "net_income_4q": null,
            "revenue": null,
            "revenue_4q": null,
            "common_shares": null,
            "book_valuer_per_share": null,
            "book_valuer_per_share_4q_avg": 0,
            "equity": null,
            "current_ratio": null,
            "debt_ratio": null,
            "inventory_turnover_ratio": null,
            "account_receivable_turnover_ratio": null,
            "reinvestment_rate": null,
            "research_to_sale_ratio": null,
            "price_fair": 0,
            "eps_avg_yearly": 0,
            "eps_latest_yearly": 0,
            "eps_growth_yearly": 0
        },
        "20074": {
            "year_quarter": 20074,
            "year": 2007,
            "quarter": 4,
            "eps": null,
            "eps_growth_year": null,
            "eps_4q": null,
            "eps_4q_growth_year": null,
            "roe": null,
            "roe_4q": 0,
            "gross_profit": null,
            "gross_margin": null,
            "gross_margin_4q_avg": 0,
            "net_income": null,
            "net_income_4q": null,
            "revenue": null,
            "revenue_4q": null,
            "common_shares": null,
            "book_valuer_per_share": null,
            "book_valuer_per_share_4q_avg": 0,
            "equity": null,
            "current_ratio": null,
            "debt_ratio": null,
            "inventory_turnover_ratio": null,
            "account_receivable_turnover_ratio": null,
            "reinvestment_rate": null,
            "research_to_sale_ratio": null,
            "price_fair": 0,
            "eps_avg_yearly": 0,
            "eps_latest_yearly": 0,
            "eps_growth_yearly": 0
        },
        "20081": {
            "year_quarter": 20081,
            "year": 2008,
            "quarter": 1,
            "eps": null,
            "eps_growth_year": null,
            "eps_4q": null,
            "eps_4q_growth_year": null,
            "roe": null,
            "roe_4q": 0,
            "gross_profit": null,
            "gross_margin": null,
            "gross_margin_4q_avg": 0,
            "net_income": null,
            "net_income_4q": null,
            "revenue": null,
            "revenue_4q": null,
            "common_shares": null,
            "book_valuer_per_share": null,
            "book_valuer_per_share_4q_avg": 0,
            "equity": null,
            "current_ratio": null,
            "debt_ratio": null,
            "inventory_turnover_ratio": null,
            "account_receivable_turnover_ratio": null,
            "reinvestment_rate": null,
            "research_to_sale_ratio": null,
            "price_fair": 0,
            "eps_avg_yearly": 0,
            "eps_latest_yearly": 0,
            "eps_growth_yearly": 0
        },
        "20082": {
            "year_quarter": 20082,
            "year": 2008,
            "quarter": 2,
            "eps": null,
            "eps_growth_year": null,
            "eps_4q": null,
            "eps_4q_growth_year": null,
            "roe": null,
            "roe_4q": 0,
            "gross_profit": null,
            "gross_margin": null,
            "gross_margin_4q_avg": 0,
            "net_income": null,
            "net_income_4q": null,
            "revenue": null,
            "revenue_4q": null,
            "common_shares": null,
            "book_valuer_per_share": null,
            "book_valuer_per_share_4q_avg": 0,
            "equity": null,
            "current_ratio": null,
            "debt_ratio": null,
            "inventory_turnover_ratio": null,
            "account_receivable_turnover_ratio": null,
            "reinvestment_rate": null,
            "research_to_sale_ratio": null,
            "price_fair": 0,
            "eps_avg_yearly": 0,
            "eps_latest_yearly": 0,
            "eps_growth_yearly": 0
        },
        "20083": {
            "year_quarter": 20083,
            "year": 2008,
            "quarter": 3,
            "eps": null,
            "eps_growth_year": null,
            "eps_4q": null,
            "eps_4q_growth_year": null,
            "roe": null,
            "roe_4q": 0,
            "gross_profit": null,
            "gross_margin": null,
            "gross_margin_4q_avg": 0,
            "net_income": null,
            "net_income_4q": null,
            "revenue": null,
            "revenue_4q": null,
            "common_shares": null,
            "book_valuer_per_share": null,
            "book_valuer_per_share_4q_avg": 0,
            "equity": null,
            "current_ratio": null,
            "debt_ratio": null,
            "inventory_turnover_ratio": null,
            "account_receivable_turnover_ratio": null,
            "reinvestment_rate": null,
            "research_to_sale_ratio": null,
            "price_fair": 0,
            "eps_avg_yearly": 0,
            "eps_latest_yearly": 0,
            "eps_growth_yearly": 0
        },
        "20084": {
            "year_quarter": 20084,
            "year": 2008,
            "quarter": 4,
            "eps": null,
            "eps_growth_year": null,
            "eps_4q": null,
            "eps_4q_growth_year": null,
            "roe": null,
            "roe_4q": 0,
            "gross_profit": null,
            "gross_margin": null,
            "gross_margin_4q_avg": 0,
            "net_income": null,
            "net_income_4q": null,
            "revenue": null,
            "revenue_4q": null,
            "common_shares": 2500000,
            "book_valuer_per_share": 10.67,
            "book_valuer_per_share_4q_avg": 2.67,
            "equity": 2666401,
            "current_ratio": 180.13,
            "debt_ratio": 44.71,
            "inventory_turnover_ratio": null,
            "account_receivable_turnover_ratio": null,
            "reinvestment_rate": null,
            "research_to_sale_ratio": null,
            "price_fair": 0,
            "eps_avg_yearly": 0,
            "eps_latest_yearly": 0,
            "eps_growth_yearly": 0
        },
        "20091": {
            "year_quarter": 20091,
            "year": 2009,
            "quarter": 1,
            "eps": -0.22,
            "eps_growth_year": null,
            "eps_4q": null,
            "eps_4q_growth_year": null,
            "roe": -2.2,
            "roe_4q": -2.2,
            "gross_profit": 565261,
            "gross_margin": 41.22,
            "gross_margin_4q_avg": 10.31,
            "net_income": -58148,
            "net_income_4q": null,
            "revenue": 1371465,
            "revenue_4q": null,
            "common_shares": 2500000,
            "book_valuer_per_share": 10.51,
            "book_valuer_per_share_4q_avg": 5.3,
            "equity": 2627363,
            "current_ratio": 199.72,
            "debt_ratio": 39.49,
            "inventory_turnover_ratio": 0.99,
            "account_receivable_turnover_ratio": 3.46,
            "reinvestment_rate": null,
            "research_to_sale_ratio": null,
            "price_fair": 0,
            "eps_avg_yearly": 0,
            "eps_latest_yearly": 0,
            "eps_growth_yearly": 0
        },
        "20092": {
            "year_quarter": 20092,
            "year": 2009,
            "quarter": 2,
            "eps": 0.94,
            "eps_growth_year": null,
            "eps_4q": null,
            "eps_4q_growth_year": null,
            "roe": 8.63,
            "roe_4q": 6.430000000000001,
            "gross_profit": 802691,
            "gross_margin": 39.94,
            "gross_margin_4q_avg": 20.29,
            "net_income": 235913,
            "net_income_4q": null,
            "revenue": 2009685,
            "revenue_4q": null,
            "common_shares": 2500000,
            "book_valuer_per_share": 11.37,
            "book_valuer_per_share_4q_avg": 8.14,
            "equity": 2841317,
            "current_ratio": 210.11,
            "debt_ratio": 37.29,
            "inventory_turnover_ratio": 1.51,
            "account_receivable_turnover_ratio": 3.67,
            "reinvestment_rate": null,
            "research_to_sale_ratio": null,
            "price_fair": 0,
            "eps_avg_yearly": 0,
            "eps_latest_yearly": 0,
            "eps_growth_yearly": 0
        },
        "20093": {
            "year_quarter": 20093,
            "year": 2009,
            "quarter": 3,
            "eps": 0.61,
            "eps_growth_year": null,
            "eps_4q": null,
            "eps_4q_growth_year": null,
            "roe": 6.2,
            "roe_4q": 12.630000000000003,
            "gross_profit": 757623,
            "gross_margin": 37.67,
            "gross_margin_4q_avg": 29.71,
            "net_income": 162164,
            "net_income_4q": null,
            "revenue": 2011213,
            "revenue_4q": null,
            "common_shares": 2000700,
            "book_valuer_per_share": 11.95,
            "book_valuer_per_share_4q_avg": 11.13,
            "equity": 2391335,
            "current_ratio": 159.71,
            "debt_ratio": 48.95,
            "inventory_turnover_ratio": 1.61,
            "account_receivable_turnover_ratio": 1.86,
            "reinvestment_rate": null,
            "research_to_sale_ratio": null,
            "price_fair": 7.32,
            "eps_avg_yearly": 2.44,
            "eps_latest_yearly": 2.44,
            "eps_growth_yearly": -140.43
        },
        "20094": {
            "year_quarter": 20094,
            "year": 2009,
            "quarter": 4,
            "eps": 0.36,
            "eps_growth_year": null,
            "eps_4q": 2.14,
            "eps_4q_growth_year": null,
            "roe": 3.6,
            "roe_4q": 16.23,
            "gross_profit": 660543,
            "gross_margin": 38.87,
            "gross_margin_4q_avg": 39.43,
            "net_income": 87550,
            "net_income_4q": null,
            "revenue": 1699333,
            "revenue_4q": null,
            "common_shares": 2000700,
            "book_valuer_per_share": 12.37,
            "book_valuer_per_share_4q_avg": 11.55,
            "equity": 2474761,
            "current_ratio": 196.69,
            "debt_ratio": 41.07,
            "inventory_turnover_ratio": 1.45,
            "account_receivable_turnover_ratio": 3.87,
            "reinvestment_rate": null,
            "research_to_sale_ratio": null,
            "price_fair": 5.82,
            "eps_avg_yearly": 1.94,
            "eps_latest_yearly": 1.44,
            "eps_growth_yearly": -152.18
        },
        "20101": {
            "year_quarter": 20101,
            "year": 2010,
            "quarter": 1,
            "eps": null,
            "eps_growth_year": null,
            "eps_4q": null,
            "eps_4q_growth_year": null,
            "roe": null,
            "roe_4q": 18.43,
            "gross_profit": 792124,
            "gross_margin": null,
            "gross_margin_4q_avg": 29.12,
            "net_income": 176449,
            "net_income_4q": null,
            "revenue": 1902321,
            "revenue_4q": null,
            "common_shares": 2000700,
            "book_valuer_per_share": 13.23,
            "book_valuer_per_share_4q_avg": 12.23,
            "equity": 2647687,
            "current_ratio": 196.51,
            "debt_ratio": 42.49,
            "inventory_turnover_ratio": null,
            "account_receivable_turnover_ratio": null,
            "reinvestment_rate": null,
            "research_to_sale_ratio": null,
            "price_fair": 5.82,
            "eps_avg_yearly": 1.94,
            "eps_latest_yearly": 1.44,
            "eps_growth_yearly": -152.18
        },
        "20102": {
            "year_quarter": 20102,
            "year": 2010,
            "quarter": 2,
            "eps": 1.44,
            "eps_growth_year": 53.32,
            "eps_4q": 2.64,
            "eps_4q_growth_year": null,
            "roe": 11.29,
            "roe_4q": 21.09,
            "gross_profit": 996231,
            "gross_margin": 43.9,
            "gross_margin_4q_avg": 30.11,
            "net_income": 299131,
            "net_income_4q": null,
            "revenue": 2269225,
            "revenue_4q": null,
            "common_shares": 2075544,
            "book_valuer_per_share": 12.78,
            "book_valuer_per_share_4q_avg": 12.58,
            "equity": 2653372,
            "current_ratio": 189.1,
            "debt_ratio": 44.71,
            "inventory_turnover_ratio": 1.43,
            "account_receivable_turnover_ratio": 3.84,
            "reinvestment_rate": null,
            "research_to_sale_ratio": null,
            "price_fair": 5.82,
            "eps_avg_yearly": 1.94,
            "eps_latest_yearly": 1.44,
            "eps_growth_yearly": -152.18
        },
        "20103": {
            "year_quarter": 20103,
            "year": 2010,
            "quarter": 3,
            "eps": 1.36,
            "eps_growth_year": 122.74,
            "eps_4q": 3.22,
            "eps_4q_growth_year": null,
            "roe": 10.12,
            "roe_4q": 25.009999999999998,
            "gross_profit": 913478,
            "gross_margin": 43.74,
            "gross_margin_4q_avg": 31.63,
            "net_income": 282010,
            "net_income_4q": null,
            "revenue": 2088612,
            "revenue_4q": null,
            "common_shares": 2075544,
            "book_valuer_per_share": 14.06,
            "book_valuer_per_share_4q_avg": 13.11,
            "equity": 2917278,
            "current_ratio": 199.66,
            "debt_ratio": 42.61,
            "inventory_turnover_ratio": 1.17,
            "account_receivable_turnover_ratio": 1.89,
            "reinvestment_rate": null,
            "research_to_sale_ratio": 22.79,
            "price_fair": 9.32,
            "eps_avg_yearly": 3.11,
            "eps_latest_yearly": 5.44,
            "eps_growth_yearly": -108.86
        },
        "20104": {
            "year_quarter": 20104,
            "year": 2010,
            "quarter": 4,
            "eps": 0.46,
            "eps_growth_year": 27.74,
            "eps_4q": 3.26,
            "eps_4q_growth_year": 52.57,
            "roe": 3.25,
            "roe_4q": 24.659999999999997,
            "gross_profit": 651288,
            "gross_margin": 38.74,
            "gross_margin_4q_avg": 31.6,
            "net_income": 95450,
            "net_income_4q": null,
            "revenue": 1680996,
            "revenue_4q": null,
            "common_shares": 2075544,
            "book_valuer_per_share": 14.28,
            "book_valuer_per_share_4q_avg": 13.59,
            "equity": 2963424,
            "current_ratio": 240.22,
            "debt_ratio": 36.51,
            "inventory_turnover_ratio": 1.02,
            "account_receivable_turnover_ratio": 1.77,
            "reinvestment_rate": null,
            "research_to_sale_ratio": 24.34,
            "price_fair": 8.37,
            "eps_avg_yearly": 2.79,
            "eps_latest_yearly": 1.84,
            "eps_growth_yearly": -147.82
        },
        "20111": {
            "year_quarter": 20111,
            "year": 2011,
            "quarter": 1,
            "eps": 0.29,
            "eps_growth_year": null,
            "eps_4q": 3.55,
            "eps_4q_growth_year": null,
            "roe": 2.03,
            "roe_4q": 26.689999999999998,
            "gross_profit": 649381,
            "gross_margin": 38.7,
            "gross_margin_4q_avg": 41.27,
            "net_income": 60804,
            "net_income_4q": null,
            "revenue": 1678191,
            "revenue_4q": null,
            "common_shares": 2075544,
            "book_valuer_per_share": 14.64,
            "book_valuer_per_share_4q_avg": 13.94,
            "equity": 3037608,
            "current_ratio": 224.72,
            "debt_ratio": 39.42,
            "inventory_turnover_ratio": 1.02,
            "account_receivable_turnover_ratio": 1.82,
            "reinvestment_rate": null,
            "research_to_sale_ratio": 25.83,
            "price_fair": 7.39,
            "eps_avg_yearly": 2.46,
            "eps_latest_yearly": 1.16,
            "eps_growth_yearly": -147.82
        },
        "20112": {
            "year_quarter": 20112,
            "year": 2011,
            "quarter": 2,
            "eps": 1.01,
            "eps_growth_year": -30.02,
            "eps_4q": 3.12,
            "eps_4q_growth_year": 17.99,
            "roe": 7.41,
            "roe_4q": 22.81,
            "gross_profit": 857728,
            "gross_margin": 39.17,
            "gross_margin_4q_avg": 40.09,
            "net_income": 209339,
            "net_income_4q": null,
            "revenue": 2189839,
            "revenue_4q": null,
            "common_shares": 2075544,
            "book_valuer_per_share": 12.6,
            "book_valuer_per_share_4q_avg": 13.9,
            "equity": 2615116,
            "current_ratio": 179.65,
            "debt_ratio": 48.86,
            "inventory_turnover_ratio": 1.31,
            "account_receivable_turnover_ratio": 2.05,
            "reinvestment_rate": null,
            "research_to_sale_ratio": 19.72,
            "price_fair": 95.43,
            "eps_avg_yearly": 2.73,
            "eps_latest_yearly": 4.04,
            "eps_growth_yearly": 42.33
        },
        "20113": {
            "year_quarter": 20113,
            "year": 2011,
            "quarter": 3,
            "eps": 0.52,
            "eps_growth_year": -61.37,
            "eps_4q": 2.29,
            "eps_4q_growth_year": -29.03,
            "roe": 4.06,
            "roe_4q": 16.75,
            "gross_profit": 692800,
            "gross_margin": 36.38,
            "gross_margin_4q_avg": 38.25,
            "net_income": 108953,
            "net_income_4q": null,
            "revenue": 1904524,
            "revenue_4q": null,
            "common_shares": 2075544,
            "book_valuer_per_share": 13.29,
            "book_valuer_per_share_4q_avg": 13.7,
            "equity": 2757846,
            "current_ratio": 222.02,
            "debt_ratio": 40.23,
            "inventory_turnover_ratio": 1.3,
            "account_receivable_turnover_ratio": 1.72,
            "reinvestment_rate": null,
            "research_to_sale_ratio": 22.62,
            "price_fair": 48.9,
            "eps_avg_yearly": 2.63,
            "eps_latest_yearly": 2.08,
            "eps_growth_yearly": 8.56
        },
        "20114": {
            "year_quarter": 20114,
            "year": 2011,
            "quarter": 4,
            "eps": 0.22,
            "eps_growth_year": -51.13,
            "eps_4q": 2.05,
            "eps_4q_growth_year": -37.07,
            "roe": 1.68,
            "roe_4q": 15.179999999999998,
            "gross_profit": 605939,
            "gross_margin": 38.6,
            "gross_margin_4q_avg": 38.21,
            "net_income": 46650,
            "net_income_4q": null,
            "revenue": 1569862,
            "revenue_4q": null,
            "common_shares": 2075544,
            "book_valuer_per_share": 13.47,
            "book_valuer_per_share_4q_avg": 13.5,
            "equity": 2795150,
            "current_ratio": 252.72,
            "debt_ratio": 35.9,
            "inventory_turnover_ratio": 1.1,
            "account_receivable_turnover_ratio": 1.63,
            "reinvestment_rate": null,
            "research_to_sale_ratio": 25.31,
            "price_fair": 7.25,
            "eps_avg_yearly": 2.42,
            "eps_latest_yearly": 0.88,
            "eps_growth_yearly": -21.35
        },
        "20121": {
            "year_quarter": 20121,
            "year": 2012,
            "quarter": 1,
            "eps": 0.48,
            "eps_growth_year": 65.52,
            "eps_4q": 2.24,
            "eps_4q_growth_year": -36.98,
            "roe": 3.51,
            "roe_4q": 16.66,
            "gross_profit": 662048,
            "gross_margin": 40.39,
            "gross_margin_4q_avg": 38.64,
            "net_income": 99727,
            "net_income_4q": null,
            "revenue": 1638985,
            "revenue_4q": null,
            "common_shares": 2075544,
            "book_valuer_per_share": 13.88,
            "book_valuer_per_share_4q_avg": 13.31,
            "equity": 2880076,
            "current_ratio": 239.07,
            "debt_ratio": 38.19,
            "inventory_turnover_ratio": 1.16,
            "account_receivable_turnover_ratio": 1.86,
            "reinvestment_rate": null,
            "research_to_sale_ratio": 25.1,
            "price_fair": 82.6,
            "eps_avg_yearly": 2.36,
            "eps_latest_yearly": 1.92,
            "eps_growth_yearly": 33.54
        },
        "20122": {
            "year_quarter": 20122,
            "year": 2012,
            "quarter": 2,
            "eps": 1.49,
            "eps_growth_year": 47.41,
            "eps_4q": 2.72,
            "eps_4q_growth_year": -12.92,
            "roe": 10.81,
            "roe_4q": 20.06,
            "gross_profit": 947473,
            "gross_margin": 42.35,
            "gross_margin_4q_avg": 39.43,
            "net_income": 308577,
            "net_income_4q": null,
            "revenue": 2237233,
            "revenue_4q": null,
            "common_shares": 2075544,
            "book_valuer_per_share": 13.64,
            "book_valuer_per_share_4q_avg": 13.57,
            "equity": 2831517,
            "current_ratio": 201.7,
            "debt_ratio": 45.34,
            "inventory_turnover_ratio": 1.48,
            "account_receivable_turnover_ratio": 2.14,
            "reinvestment_rate": null,
            "research_to_sale_ratio": 20.81,
            "price_fair": 95.2,
            "eps_avg_yearly": 2.72,
            "eps_latest_yearly": 5.96,
            "eps_growth_yearly": 114.36
        },
        "20123": {
            "year_quarter": 20123,
            "year": 2012,
            "quarter": 3,
            "eps": 0.88,
            "eps_growth_year": 67.35,
            "eps_4q": 3.07,
            "eps_4q_growth_year": 34.29,
            "roe": 6.26,
            "roe_4q": 22.259999999999998,
            "gross_profit": 800376,
            "gross_margin": 41.36,
            "gross_margin_4q_avg": 40.68,
            "net_income": 182335,
            "net_income_4q": null,
            "revenue": 1935005,
            "revenue_4q": null,
            "common_shares": 2075544,
            "book_valuer_per_share": 14.44,
            "book_valuer_per_share_4q_avg": 13.86,
            "equity": 2996970,
            "current_ratio": 218.29,
            "debt_ratio": 39.45,
            "inventory_turnover_ratio": 1.16,
            "account_receivable_turnover_ratio": 1.72,
            "reinvestment_rate": null,
            "research_to_sale_ratio": 22.88,
            "price_fair": 97.75,
            "eps_avg_yearly": 2.79,
            "eps_latest_yearly": 3.52,
            "eps_growth_yearly": 89.07
        },
        "20124": {
            "year_quarter": 20124,
            "year": 2012,
            "quarter": 4,
            "eps": 0.18,
            "eps_growth_year": -20.55,
            "eps_4q": 3.02,
            "eps_4q_growth_year": 47.44,
            "roe": 1.23,
            "roe_4q": 21.810000000000002,
            "gross_profit": 604507,
            "gross_margin": 37.74,
            "gross_margin_4q_avg": 40.46,
            "net_income": 37064,
            "net_income_4q": null,
            "revenue": 1601566,
            "revenue_4q": null,
            "common_shares": 2075544,
            "book_valuer_per_share": 14.65,
            "book_valuer_per_share_4q_avg": 14.15,
            "equity": 3040488,
            "current_ratio": 236.61,
            "debt_ratio": 36.85,
            "inventory_turnover_ratio": 0.97,
            "account_receivable_turnover_ratio": 1.62,
            "reinvestment_rate": -4.3,
            "research_to_sale_ratio": 27.39,
            "price_fair": 91.7,
            "eps_avg_yearly": 2.62,
            "eps_latest_yearly": 0.72,
            "eps_growth_yearly": 55.13
        },
        "20131": {
            "year_quarter": 20131,
            "year": 2013,
            "quarter": 1,
            "eps": 0.32,
            "eps_growth_year": -33.33,
            "eps_4q": 2.86,
            "eps_4q_growth_year": 27.75,
            "roe": 2.19,
            "roe_4q": 20.490000000000002,
            "gross_profit": 666186,
            "gross_margin": 40.65,
            "gross_margin_4q_avg": 40.53,
            "net_income": 65625,
            "net_income_4q": null,
            "revenue": 1638644,
            "revenue_4q": null,
            "common_shares": 2075544,
            "book_valuer_per_share": 14.18,
            "book_valuer_per_share_4q_avg": 14.23,
            "equity": 2943442,
            "current_ratio": 241.52,
            "debt_ratio": 39.31,
            "inventory_turnover_ratio": 0.98,
            "account_receivable_turnover_ratio": 1.81,
            "reinvestment_rate": -1.63,
            "research_to_sale_ratio": 27.09,
            "price_fair": 88.09,
            "eps_avg_yearly": 2.52,
            "eps_latest_yearly": 1.28,
            "eps_growth_yearly": 74.83
        },
        "20132": {
            "year_quarter": 20132,
            "year": 2013,
            "quarter": 2,
            "eps": 0.55,
            "eps_growth_year": -63.01,
            "eps_4q": 1.93,
            "eps_4q_growth_year": -29.12,
            "roe": 4.05,
            "roe_4q": 13.73,
            "gross_profit": 802842,
            "gross_margin": 42.24,
            "gross_margin_4q_avg": 40.5,
            "net_income": 114666,
            "net_income_4q": null,
            "revenue": 1900549,
            "revenue_4q": null,
            "common_shares": 2075544,
            "book_valuer_per_share": 13.08,
            "book_valuer_per_share_4q_avg": 14.09,
            "equity": 2715708,
            "current_ratio": 194.56,
            "debt_ratio": 46.93,
            "inventory_turnover_ratio": 1.11,
            "account_receivable_turnover_ratio": 1.99,
            "reinvestment_rate": 1.03,
            "research_to_sale_ratio": 25.12,
            "price_fair": 87.3,
            "eps_avg_yearly": 2.49,
            "eps_latest_yearly": 2.2,
            "eps_growth_yearly": 90.02
        },
        "20133": {
            "year_quarter": 20133,
            "year": 2013,
            "quarter": 3,
            "eps": 0.26,
            "eps_growth_year": -70.4,
            "eps_4q": 1.31,
            "eps_4q_growth_year": -57.32,
            "roe": 1.99,
            "roe_4q": 9.46,
            "gross_profit": 700262,
            "gross_margin": 40.14,
            "gross_margin_4q_avg": 40.19,
            "net_income": 54629,
            "net_income_4q": null,
            "revenue": 1744452,
            "revenue_4q": null,
            "common_shares": 2075544,
            "book_valuer_per_share": 13.32,
            "book_valuer_per_share_4q_avg": 13.81,
            "equity": 2765403,
            "current_ratio": 233.63,
            "debt_ratio": 41.41,
            "inventory_turnover_ratio": 1.1,
            "account_receivable_turnover_ratio": 1.84,
            "reinvestment_rate": 3.2,
            "research_to_sale_ratio": 23.71,
            "price_fair": 83.8,
            "eps_avg_yearly": 2.39,
            "eps_latest_yearly": 1.04,
            "eps_growth_yearly": 84.98
        },
        "20134": {
            "year_quarter": 20134,
            "year": 2013,
            "quarter": 4,
            "eps": 0.12,
            "eps_growth_year": -34.45,
            "eps_4q": 1.25,
            "eps_4q_growth_year": -58.7,
            "roe": 0.87,
            "roe_4q": 9.1,
            "gross_profit": 616951,
            "gross_margin": 40.43,
            "gross_margin_4q_avg": 40.87,
            "net_income": 24295,
            "net_income_4q": null,
            "revenue": 1525804,
            "revenue_4q": null,
            "common_shares": 2075544,
            "book_valuer_per_share": 13.52,
            "book_valuer_per_share_4q_avg": 13.53,
            "equity": 2806719,
            "current_ratio": 225.37,
            "debt_ratio": 42.67,
            "inventory_turnover_ratio": 1.02,
            "account_receivable_turnover_ratio": 1.83,
            "reinvestment_rate": 7.17,
            "research_to_sale_ratio": 29.33,
            "price_fair": 81.4,
            "eps_avg_yearly": 2.33,
            "eps_latest_yearly": 0.48,
            "eps_growth_yearly": 81.31
        },
        "20141": {
            "year_quarter": 20141,
            "year": 2014,
            "quarter": 1,
            "eps": 0.21,
            "eps_growth_year": -34.38,
            "eps_4q": 1.15,
            "eps_4q_growth_year": -59.93,
            "roe": 1.56,
            "roe_4q": 8.469999999999999,
            "gross_profit": 692369,
            "gross_margin": 42.8,
            "gross_margin_4q_avg": 41.4,
            "net_income": 44241,
            "net_income_4q": null,
            "revenue": 1617630,
            "revenue_4q": null,
            "common_shares": 2075544,
            "book_valuer_per_share": 13.82,
            "book_valuer_per_share_4q_avg": 13.44,
            "equity": 2869156,
            "current_ratio": 224.61,
            "debt_ratio": 42.91,
            "inventory_turnover_ratio": 1.08,
            "account_receivable_turnover_ratio": 2.05,
            "reinvestment_rate": 11.91,
            "research_to_sale_ratio": 30.62,
            "price_fair": 77.93,
            "eps_avg_yearly": 2.23,
            "eps_latest_yearly": 0.84,
            "eps_growth_yearly": 95.89
        },
        "20142": {
            "year_quarter": 20142,
            "year": 2014,
            "quarter": 2,
            "eps": 0.87,
            "eps_growth_year": 58.18,
            "eps_4q": 1.46,
            "eps_4q_growth_year": -24.03,
            "roe": 6.38,
            "roe_4q": 10.799999999999999,
            "gross_profit": 828851,
            "gross_margin": 43.77,
            "gross_margin_4q_avg": 41.79,
            "net_income": 180479,
            "net_income_4q": null,
            "revenue": 1893628,
            "revenue_4q": null,
            "common_shares": 2075544,
            "book_valuer_per_share": 13.42,
            "book_valuer_per_share_4q_avg": 13.52,
            "equity": 2784791,
            "current_ratio": 208.82,
            "debt_ratio": 45.41,
            "inventory_turnover_ratio": 1.26,
            "account_receivable_turnover_ratio": 2.24,
            "reinvestment_rate": 9.73,
            "research_to_sale_ratio": 26.98,
            "price_fair": 80.68,
            "eps_avg_yearly": 2.31,
            "eps_latest_yearly": 3.48,
            "eps_growth_yearly": 168.46
        },
        "20143": {
            "year_quarter": 20143,
            "year": 2014,
            "quarter": 3,
            "eps": 0.42,
            "eps_growth_year": 61.54,
            "eps_4q": 1.62,
            "eps_4q_growth_year": 23.87,
            "roe": 3.11,
            "roe_4q": 11.92,
            "gross_profit": 737755,
            "gross_margin": 41.17,
            "gross_margin_4q_avg": 42.04,
            "net_income": 87904,
            "net_income_4q": null,
            "revenue": 1792067,
            "revenue_4q": null,
            "common_shares": 2075544,
            "book_valuer_per_share": 13.82,
            "book_valuer_per_share_4q_avg": 13.65,
            "equity": 2867904,
            "current_ratio": 234.16,
            "debt_ratio": 41.47,
            "inventory_turnover_ratio": 1.27,
            "account_receivable_turnover_ratio": 2.06,
            "reinvestment_rate": 9.31,
            "research_to_sale_ratio": 27.32,
            "price_fair": 72.45,
            "eps_avg_yearly": 2.07,
            "eps_latest_yearly": 1.68,
            "eps_growth_yearly": 156.92
        },
        "20144": {
            "year_quarter": 20144,
            "year": 2014,
            "quarter": 4,
            "eps": 0.15,
            "eps_growth_year": 25.4,
            "eps_4q": 1.65,
            "eps_4q_growth_year": 32.36,
            "roe": 1.05,
            "roe_4q": 12.1,
            "gross_profit": 637029,
            "gross_margin": 41.95,
            "gross_margin_4q_avg": 42.42,
            "net_income": 30466,
            "net_income_4q": null,
            "revenue": 1518552,
            "revenue_4q": null,
            "common_shares": 2075544,
            "book_valuer_per_share": 14.04,
            "book_valuer_per_share_4q_avg": 13.78,
            "equity": 2914069,
            "current_ratio": 247.15,
            "debt_ratio": 40.46,
            "inventory_turnover_ratio": 1.09,
            "account_receivable_turnover_ratio": 1.95,
            "reinvestment_rate": 11.21,
            "research_to_sale_ratio": 31.4,
            "price_fair": 69.74,
            "eps_avg_yearly": 1.99,
            "eps_latest_yearly": 0.6,
            "eps_growth_yearly": 157.4
        },
        "20151": {
            "year_quarter": 20151,
            "year": 2015,
            "quarter": 1,
            "eps": 0.46,
            "eps_growth_year": 119.05,
            "eps_4q": 1.9,
            "eps_4q_growth_year": 65.92,
            "roe": 3.24,
            "roe_4q": 13.780000000000001,
            "gross_profit": 720489,
            "gross_margin": 44.14,
            "gross_margin_4q_avg": 42.76,
            "net_income": 95766,
            "net_income_4q": null,
            "revenue": 1632293,
            "revenue_4q": null,
            "common_shares": 2075544,
            "book_valuer_per_share": 14.41,
            "book_valuer_per_share_4q_avg": 13.92,
            "equity": 2991442,
            "current_ratio": 247.74,
            "debt_ratio": 40.58,
            "inventory_turnover_ratio": 1.08,
            "account_receivable_turnover_ratio": 2.23,
            "reinvestment_rate": 11.3,
            "research_to_sale_ratio": 28.75,
            "price_fair": 71.23,
            "eps_avg_yearly": 2.04,
            "eps_latest_yearly": 1.84,
            "eps_growth_yearly": 218.3
        },
        "20152": {
            "year_quarter": 20152,
            "year": 2015,
            "quarter": 2,
            "eps": 0.77,
            "eps_growth_year": -11.49,
            "eps_4q": 1.8,
            "eps_4q_growth_year": 23.35,
            "roe": 5.44,
            "roe_4q": 12.84,
            "gross_profit": 793947,
            "gross_margin": 41.26,
            "gross_margin_4q_avg": 42.13,
            "net_income": 160399,
            "net_income_4q": null,
            "revenue": 1924091,
            "revenue_4q": null,
            "common_shares": 2075544,
            "book_valuer_per_share": 13.99,
            "book_valuer_per_share_4q_avg": 14.07,
            "equity": 2904411,
            "current_ratio": 210.66,
            "debt_ratio": 46.17,
            "inventory_turnover_ratio": 1.22,
            "account_receivable_turnover_ratio": 2.39,
            "reinvestment_rate": 12.42,
            "research_to_sale_ratio": 25.37,
            "price_fair": 69.13,
            "eps_avg_yearly": 1.98,
            "eps_latest_yearly": 3.08,
            "eps_growth_yearly": 173.08
        },
        "20153": {
            "year_quarter": 20153,
            "year": 2015,
            "quarter": 3,
            "eps": 0.71,
            "eps_growth_year": 69.05,
            "eps_4q": 2.1,
            "eps_4q_growth_year": 29.09,
            "roe": 4.94,
            "roe_4q": 14.670000000000002,
            "gross_profit": 815997,
            "gross_margin": 41.07,
            "gross_margin_4q_avg": 42.11,
            "net_income": 148286,
            "net_income_4q": null,
            "revenue": 1986624,
            "revenue_4q": null,
            "common_shares": 2075544,
            "book_valuer_per_share": 14.92,
            "book_valuer_per_share_4q_avg": 14.34,
            "equity": 3097722,
            "current_ratio": 241.25,
            "debt_ratio": 41.99,
            "inventory_turnover_ratio": 1.19,
            "account_receivable_turnover_ratio": 2.25,
            "reinvestment_rate": 13.92,
            "research_to_sale_ratio": 25.64,
            "price_fair": 70.79,
            "eps_avg_yearly": 2.02,
            "eps_latest_yearly": 2.84,
            "eps_growth_yearly": 183.26
        },
        "20154": {
            "year_quarter": 20154,
            "year": 2015,
            "quarter": 4,
            "eps": 0.31,
            "eps_growth_year": 111.94,
            "eps_4q": 2.26,
            "eps_4q_growth_year": 36.71,
            "roe": 2.08,
            "roe_4q": 15.700000000000001,
            "gross_profit": 719094,
            "gross_margin": 40.62,
            "gross_margin_4q_avg": 41.77,
            "net_income": 64571,
            "net_income_4q": null,
            "revenue": 1770379,
            "revenue_4q": null,
            "common_shares": 2075544,
            "book_valuer_per_share": 15.04,
            "book_valuer_per_share_4q_avg": 14.59,
            "equity": 3121801,
            "current_ratio": 246.44,
            "debt_ratio": 41.01,
            "inventory_turnover_ratio": 1.03,
            "account_receivable_turnover_ratio": 2.23,
            "reinvestment_rate": 12.77,
            "research_to_sale_ratio": 28.44,
            "price_fair": 71.58,
            "eps_avg_yearly": 2.05,
            "eps_latest_yearly": 1.24,
            "eps_growth_yearly": 183.6
        },
        "20161": {
            "year_quarter": 20161,
            "year": 2016,
            "quarter": 1,
            "eps": 0.38,
            "eps_growth_year": -17.39,
            "eps_4q": 2.18,
            "eps_4q_growth_year": 14.57,
            "roe": 2.5,
            "roe_4q": 14.96,
            "gross_profit": 769094,
            "gross_margin": 41.52,
            "gross_margin_4q_avg": 41.12,
            "net_income": 78851,
            "net_income_4q": null,
            "revenue": 1852235,
            "revenue_4q": null,
            "common_shares": 2075544,
            "book_valuer_per_share": 15.39,
            "book_valuer_per_share_4q_avg": 14.84,
            "equity": 3194772,
            "current_ratio": 243.26,
            "debt_ratio": 41.26,
            "inventory_turnover_ratio": 1,
            "account_receivable_turnover_ratio": 2.9,
            "reinvestment_rate": 12.43,
            "research_to_sale_ratio": 28.4,
            "price_fair": 70.7,
            "eps_avg_yearly": 2.02,
            "eps_latest_yearly": 1.52,
            "eps_growth_yearly": 159.7
        },
        "20162": {
            "year_quarter": 20162,
            "year": 2016,
            "quarter": 2,
            "eps": 1.25,
            "eps_growth_year": 62.34,
            "eps_4q": 2.66,
            "eps_4q_growth_year": 47.32,
            "roe": 8.2,
            "roe_4q": 17.72,
            "gross_profit": 942673,
            "gross_margin": 42.41,
            "gross_margin_4q_avg": 41.41,
            "net_income": 260041,
            "net_income_4q": null,
            "revenue": 2222630,
            "revenue_4q": null,
            "common_shares": 2075544,
            "book_valuer_per_share": 15.18,
            "book_valuer_per_share_4q_avg": 15.13,
            "equity": 3151201,
            "current_ratio": 200.69,
            "debt_ratio": 46.77,
            "inventory_turnover_ratio": 1.11,
            "account_receivable_turnover_ratio": 3.47,
            "reinvestment_rate": 17.62,
            "research_to_sale_ratio": 25.62,
            "price_fair": 68.6,
            "eps_avg_yearly": 1.96,
            "eps_latest_yearly": 5,
            "eps_growth_yearly": 164.33
        },
        "20163": {
            "year_quarter": 20163,
            "year": 2016,
            "quarter": 3,
            "eps": 0.69,
            "eps_growth_year": -2.82,
            "eps_4q": 2.64,
            "eps_4q_growth_year": 25.86,
            "roe": 4.47,
            "roe_4q": 17.25,
            "gross_profit": 850551,
            "gross_margin": 39.57,
            "gross_margin_4q_avg": 41.03,
            "net_income": 143923,
            "net_income_4q": null,
            "revenue": 2149636,
            "revenue_4q": null,
            "common_shares": 2075544,
            "book_valuer_per_share": 15.84,
            "book_valuer_per_share_4q_avg": 15.36,
            "equity": 3287096,
            "current_ratio": 231.98,
            "debt_ratio": 41.27,
            "inventory_turnover_ratio": 1.11,
            "account_receivable_turnover_ratio": 2.77,
            "reinvestment_rate": 8.52,
            "research_to_sale_ratio": 25.94,
            "price_fair": 66.94,
            "eps_avg_yearly": 1.91,
            "eps_latest_yearly": 2.76,
            "eps_growth_yearly": 163.37
        },
        "20164": {
            "year_quarter": 20164,
            "year": 2016,
            "quarter": 4,
            "eps": 0.63,
            "eps_growth_year": 101.87,
            "eps_4q": 2.95,
            "eps_4q_growth_year": 30.73,
            "roe": 3.91,
            "roe_4q": 19.08,
            "gross_profit": 846002,
            "gross_margin": 40.19,
            "gross_margin_4q_avg": 40.92,
            "net_income": 130350,
            "net_income_4q": null,
            "revenue": 2104785,
            "revenue_4q": null,
            "common_shares": 2075544,
            "book_valuer_per_share": 16.28,
            "book_valuer_per_share_4q_avg": 15.67,
            "equity": 3378474,
            "current_ratio": 224.81,
            "debt_ratio": 42.72,
            "inventory_turnover_ratio": 1.08,
            "account_receivable_turnover_ratio": 2.52,
            "reinvestment_rate": 10.58,
            "research_to_sale_ratio": 26.72,
            "price_fair": 70.88,
            "eps_avg_yearly": 2.03,
            "eps_latest_yearly": 2.52,
            "eps_growth_yearly": 181.08
        },
        "20171": {
            "year_quarter": 20171,
            "year": 2017,
            "quarter": 1,
            "eps": 0.44,
            "eps_growth_year": 15.79,
            "eps_4q": 3.01,
            "eps_4q_growth_year": 38.34,
            "roe": 2.66,
            "roe_4q": 19.24,
            "gross_profit": 806477,
            "gross_margin": 37.99,
            "gross_margin_4q_avg": 40.04,
            "net_income": 91124,
            "net_income_4q": null,
            "revenue": 2122959,
            "revenue_4q": null,
            "common_shares": 2075544,
            "book_valuer_per_share": 16.69,
            "book_valuer_per_share_4q_avg": 16,
            "equity": 3464703,
            "current_ratio": 230.73,
            "debt_ratio": 41.12,
            "inventory_turnover_ratio": 0.99,
            "account_receivable_turnover_ratio": 2.62,
            "reinvestment_rate": 14,
            "research_to_sale_ratio": 26.04,
            "price_fair": 71.93,
            "eps_avg_yearly": 2.06,
            "eps_latest_yearly": 1.76,
            "eps_growth_yearly": 154.09
        },
        "20172": {
            "year_quarter": 20172,
            "year": 2017,
            "quarter": 2,
            "eps": 1.19,
            "eps_growth_year": -4.8,
            "eps_4q": 2.95,
            "eps_4q_growth_year": 11.14,
            "roe": 7.34,
            "roe_4q": 18.38,
            "gross_profit": 992241,
            "gross_margin": 41.24,
            "gross_margin_4q_avg": 39.75,
            "net_income": 247843,
            "net_income_4q": null,
            "revenue": 2406303,
            "revenue_4q": null,
            "common_shares": 2075544,
            "book_valuer_per_share": 15.86,
            "book_valuer_per_share_4q_avg": 16.17,
            "equity": 3290962,
            "current_ratio": 190.63,
            "debt_ratio": 46.86,
            "inventory_turnover_ratio": 0.94,
            "account_receivable_turnover_ratio": 2.74,
            "reinvestment_rate": 18.48,
            "research_to_sale_ratio": 25.21,
            "price_fair": 77.53,
            "eps_avg_yearly": 2.22,
            "eps_latest_yearly": 4.76,
            "eps_growth_yearly": 178.74
        },
        "20173": {
            "year_quarter": 20173,
            "year": 2017,
            "quarter": 3,
            "eps": 0.99,
            "eps_growth_year": 43.48,
            "eps_4q": 3.25,
            "eps_4q_growth_year": 23.1,
            "roe": 5.96,
            "roe_4q": 19.87,
            "gross_profit": 1017260,
            "gross_margin": 42.2,
            "gross_margin_4q_avg": 40.41,
            "net_income": 204539,
            "net_income_4q": null,
            "revenue": 2410436,
            "revenue_4q": null,
            "common_shares": 2075544,
            "book_valuer_per_share": 17.23,
            "book_valuer_per_share_4q_avg": 16.52,
            "equity": 3575708,
            "current_ratio": 220.88,
            "debt_ratio": 40.53,
            "inventory_turnover_ratio": 0.91,
            "account_receivable_turnover_ratio": 2.62,
            "reinvestment_rate": 20.8,
            "research_to_sale_ratio": 25.79,
            "price_fair": 83.91,
            "eps_avg_yearly": 2.4,
            "eps_latest_yearly": 3.96,
            "eps_growth_yearly": 187.72
        },
        "20174": {
            "year_quarter": 20174,
            "year": 2017,
            "quarter": 4,
            "eps": 0.7,
            "eps_growth_year": 10.95,
            "eps_4q": 3.32,
            "eps_4q_growth_year": 12.23,
            "roe": 4,
            "roe_4q": 19.96,
            "gross_profit": 916529,
            "gross_margin": 39.92,
            "gross_margin_4q_avg": 40.34,
            "net_income": 144627,
            "net_income_4q": null,
            "revenue": 2295684,
            "revenue_4q": null,
            "common_shares": 2075544,
            "book_valuer_per_share": 17.65,
            "book_valuer_per_share_4q_avg": 16.86,
            "equity": 3662961,
            "current_ratio": 223.89,
            "debt_ratio": 40.43,
            "inventory_turnover_ratio": 0.87,
            "account_receivable_turnover_ratio": 2.76,
            "reinvestment_rate": 17.89,
            "research_to_sale_ratio": 26.44,
            "price_fair": 88.99,
            "eps_avg_yearly": 2.54,
            "eps_latest_yearly": 2.8,
            "eps_growth_yearly": 193.86
        },
        "20181": {
            "year_quarter": 20181,
            "year": 2018,
            "quarter": 1,
            "eps": 0.48,
            "eps_growth_year": 9.09,
            "eps_4q": 3.36,
            "eps_4q_growth_year": 11.4,
            "roe": 2.67,
            "roe_4q": 19.97,
            "gross_profit": 858735,
            "gross_margin": 38.29,
            "gross_margin_4q_avg": 40.41,
            "net_income": 99730,
            "net_income_4q": null,
            "revenue": 2242575,
            "revenue_4q": null,
            "common_shares": 2075544,
            "book_valuer_per_share": 18.31,
            "book_valuer_per_share_4q_avg": 17.26,
            "equity": 3800393,
            "current_ratio": 239.64,
            "debt_ratio": 37.27,
            "inventory_turnover_ratio": 0.85,
            "account_receivable_turnover_ratio": 2.65,
            "reinvestment_rate": -9.97,
            "research_to_sale_ratio": 26.85,
            "price_fair": 91.35,
            "eps_avg_yearly": 2.61,
            "eps_latest_yearly": 1.92,
            "eps_growth_yearly": 167.25
        },
        "20182": {
            "year_quarter": 20182,
            "year": 2018,
            "quarter": 2,
            "eps": 1.26,
            "eps_growth_year": 5.88,
            "eps_4q": 3.42,
            "eps_4q_growth_year": 15.84,
            "roe": 7.17,
            "roe_4q": 19.8,
            "gross_profit": 1038337,
            "gross_margin": 38.68,
            "gross_margin_4q_avg": 39.77,
            "net_income": 261470,
            "net_income_4q": null,
            "revenue": 2684359,
            "revenue_4q": null,
            "common_shares": 2075544,
            "book_valuer_per_share": 16.84,
            "book_valuer_per_share_4q_avg": 17.51,
            "equity": 3494537,
            "current_ratio": 185.99,
            "debt_ratio": 46.76,
            "inventory_turnover_ratio": 0.99,
            "account_receivable_turnover_ratio": 2.73,
            "reinvestment_rate": -8.73,
            "research_to_sale_ratio": 24.13,
            "price_fair": 94.76,
            "eps_avg_yearly": 2.71,
            "eps_latest_yearly": 5.04,
            "eps_growth_yearly": 129.3
        },
        "20183": {
            "year_quarter": 20183,
            "year": 2018,
            "quarter": 3,
            "eps": 0.94,
            "eps_growth_year": -5.05,
            "eps_4q": 3.37,
            "eps_4q_growth_year": 3.9,
            "roe": 5.42,
            "roe_4q": 19.259999999999998,
            "gross_profit": 1041056,
            "gross_margin": 39.41,
            "gross_margin_4q_avg": 39.08,
            "net_income": 194334,
            "net_income_4q": null,
            "revenue": 2641839,
            "revenue_4q": null,
            "common_shares": 2075544,
            "book_valuer_per_share": 17.71,
            "book_valuer_per_share_4q_avg": 17.63,
            "equity": 3676733,
            "current_ratio": 227.14,
            "debt_ratio": 38.56,
            "inventory_turnover_ratio": 0.97,
            "account_receivable_turnover_ratio": 2.39,
            "reinvestment_rate": -6.29,
            "research_to_sale_ratio": 24.8,
            "price_fair": 99.31,
            "eps_avg_yearly": 2.84,
            "eps_latest_yearly": 3.76,
            "eps_growth_yearly": 135.89
        },
        "20184": {
            "year_quarter": 20184,
            "year": 2018,
            "quarter": 4,
            "eps": 0.75,
            "eps_growth_year": 7.24,
            "eps_4q": 3.42,
            "eps_4q_growth_year": 3.27,
            "roe": 4.19,
            "roe_4q": 19.450000000000003,
            "gross_profit": 975039,
            "gross_margin": 39.45,
            "gross_margin_4q_avg": 38.96,
            "net_income": 155099,
            "net_income_4q": null,
            "revenue": 2471448,
            "revenue_4q": null,
            "common_shares": 2075544,
            "book_valuer_per_share": 17.99,
            "book_valuer_per_share_4q_avg": 17.71,
            "equity": 3734366,
            "current_ratio": 232.76,
            "debt_ratio": 38.96,
            "inventory_turnover_ratio": 0.95,
            "account_receivable_turnover_ratio": 2.31,
            "reinvestment_rate": -5.55,
            "research_to_sale_ratio": 25.06,
            "price_fair": 104.56,
            "eps_avg_yearly": 2.99,
            "eps_latest_yearly": 3,
            "eps_growth_yearly": 146.9
        },
        "20191": {
            "year_quarter": 20191,
            "year": 2019,
            "quarter": 1,
            "eps": 0.15,
            "eps_growth_year": -68.75,
            "eps_4q": 3.09,
            "eps_4q_growth_year": -7.91,
            "roe": 0.81,
            "roe_4q": 17.59,
            "gross_profit": 791822,
            "gross_margin": 38.63,
            "gross_margin_4q_avg": 39.04,
            "net_income": 30727,
            "net_income_4q": null,
            "revenue": 2049821,
            "revenue_4q": null,
            "common_shares": 2075544,
            "book_valuer_per_share": 18.55,
            "book_valuer_per_share_4q_avg": 17.77,
            "equity": 3850787,
            "current_ratio": 241.26,
            "debt_ratio": 40.54,
            "inventory_turnover_ratio": 0.81,
            "account_receivable_turnover_ratio": 2.22,
            "reinvestment_rate": -4.22,
            "research_to_sale_ratio": 29.52,
            "price_fair": 101.85,
            "eps_avg_yearly": 2.91,
            "eps_latest_yearly": 0.6,
            "eps_growth_yearly": 75.24
        },
        "20192": {
            "year_quarter": 20192,
            "year": 2019,
            "quarter": 2,
            "eps": 0.88,
            "eps_growth_year": -30.16,
            "eps_4q": 2.72,
            "eps_4q_growth_year": -20.63,
            "roe": 5.02,
            "roe_4q": 15.44,
            "gross_profit": 1041750,
            "gross_margin": 40.31,
            "gross_margin_4q_avg": 39.45,
            "net_income": 183669,
            "net_income_4q": null,
            "revenue": 2584298,
            "revenue_4q": null,
            "common_shares": 2075544,
            "book_valuer_per_share": 16.69,
            "book_valuer_per_share_4q_avg": 17.74,
            "equity": 3463150,
            "current_ratio": 182.87,
            "debt_ratio": 49.34,
            "inventory_turnover_ratio": 1,
            "account_receivable_turnover_ratio": 2.72,
            "reinvestment_rate": -2.95,
            "research_to_sale_ratio": 28.01,
            "price_fair": 102.81,
            "eps_avg_yearly": 2.94,
            "eps_latest_yearly": 3.52,
            "eps_growth_yearly": 180.06
        },
        "20193": {
            "year_quarter": 20193,
            "year": 2019,
            "quarter": 3,
            "eps": 0.85,
            "eps_growth_year": -9.57,
            "eps_4q": 2.52,
            "eps_4q_growth_year": -25.37,
            "roe": 4.83,
            "roe_4q": 14.850000000000001,
            "gross_profit": 1177880,
            "gross_margin": 40.01,
            "gross_margin_4q_avg": 39.6,
            "net_income": 175740,
            "net_income_4q": null,
            "revenue": 2943699,
            "revenue_4q": null,
            "common_shares": 2075544,
            "book_valuer_per_share": 18.37,
            "book_valuer_per_share_4q_avg": 17.9,
            "equity": 3814374,
            "current_ratio": 201.89,
            "debt_ratio": 48.47,
            "inventory_turnover_ratio": 1.12,
            "account_receivable_turnover_ratio": 2.67,
            "reinvestment_rate": -3.91,
            "research_to_sale_ratio": 26.26,
            "price_fair": 104.04,
            "eps_avg_yearly": 2.97,
            "eps_latest_yearly": 3.4,
            "eps_growth_yearly": 181.15
        },
        "20194": {
            "year_quarter": 20194,
            "year": 2019,
            "quarter": 4,
            "eps": 0.59,
            "eps_growth_year": -21.67,
            "eps_4q": 1.94,
            "eps_4q_growth_year": -43.28,
            "roe": 3,
            "roe_4q": 13.66,
            "gross_profit": 1116437,
            "gross_margin": 40.02,
            "gross_margin_4q_avg": 39.74,
            "net_income": 168323,
            "net_income_4q": null,
            "revenue": 2789451,
            "revenue_4q": null,
            "common_shares": 2875544,
            "book_valuer_per_share": 25.71,
            "book_valuer_per_share_4q_avg": 19.83,
            "equity": 7392031,
            "current_ratio": 349.61,
            "debt_ratio": 33.74,
            "inventory_turnover_ratio": 1.04,
            "account_receivable_turnover_ratio": 2.5,
            "reinvestment_rate": -3.18,
            "research_to_sale_ratio": 25.85,
            "price_fair": 106.49,
            "eps_avg_yearly": 3.04,
            "eps_latest_yearly": 2.36,
            "eps_growth_yearly": 187.59
        },
        "20201": {
            "year_quarter": 20201,
            "year": 2020,
            "quarter": 1,
            "eps": 0.04,
            "eps_growth_year": -73.33,
            "eps_4q": 1.87,
            "eps_4q_growth_year": -39.37,
            "roe": 0.15,
            "roe_4q": 13,
            "gross_profit": 844063,
            "gross_margin": 39.57,
            "gross_margin_4q_avg": 39.98,
            "net_income": 11215,
            "net_income_4q": null,
            "revenue": 2133155,
            "revenue_4q": null,
            "common_shares": 2875544,
            "book_valuer_per_share": 25.49,
            "book_valuer_per_share_4q_avg": 21.57,
            "equity": 7331047,
            "current_ratio": 315.59,
            "debt_ratio": 34.91,
            "inventory_turnover_ratio": 0.72,
            "account_receivable_turnover_ratio": 2.14,
            "reinvestment_rate": -3.49,
            "research_to_sale_ratio": 30.82,
            "price_fair": 103.51,
            "eps_avg_yearly": 2.96,
            "eps_latest_yearly": 0.16,
            "eps_growth_yearly": 158.64
        },
        "20202": {
            "year_quarter": 20202,
            "year": 2020,
            "quarter": 2,
            "eps": 1.16,
            "eps_growth_year": 31.82,
            "eps_4q": 2.39,
            "eps_4q_growth_year": -11.93,
            "roe": 4.54,
            "roe_4q": 12.52,
            "gross_profit": 1262305,
            "gross_margin": 41.24,
            "gross_margin_4q_avg": 40.21,
            "net_income": 332676,
            "net_income_4q": null,
            "revenue": 3061142,
            "revenue_4q": null,
            "common_shares": 2875544,
            "book_valuer_per_share": 25.48,
            "book_valuer_per_share_4q_avg": 23.76,
            "equity": 7327374,
            "current_ratio": 358.41,
            "debt_ratio": 46.29,
            "inventory_turnover_ratio": 0.93,
            "account_receivable_turnover_ratio": 2.9,
            "reinvestment_rate": -6.52,
            "research_to_sale_ratio": 23.83,
            "price_fair": 102.73,
            "eps_avg_yearly": 2.94,
            "eps_latest_yearly": 4.64,
            "eps_growth_yearly": 801.4
        },
        "20203": {
            "year_quarter": 20203,
            "year": 2020,
            "quarter": 3,
            "eps": 0.41,
            "eps_growth_year": -51.76,
            "eps_4q": 2.13,
            "eps_4q_growth_year": -15.24,
            "roe": 1.59,
            "roe_4q": 9.280000000000001,
            "gross_profit": 2066302,
            "gross_margin": 36.87,
            "gross_margin_4q_avg": 39.43,
            "net_income": 119337,
            "net_income_4q": null,
            "revenue": 5604569,
            "revenue_4q": null,
            "common_shares": 2875544,
            "book_valuer_per_share": 26.63,
            "book_valuer_per_share_4q_avg": 25.83,
            "equity": 7658949,
            "current_ratio": 150.51,
            "debt_ratio": 74.8,
            "inventory_turnover_ratio": 0.87,
            "account_receivable_turnover_ratio": 2.11,
            "reinvestment_rate": 220.92,
            "research_to_sale_ratio": 23.42,
            "price_fair": 100.28,
            "eps_avg_yearly": 2.87,
            "eps_latest_yearly": 1.64,
            "eps_growth_yearly": 796.44
        },
        "20204": {
            "year_quarter": 20204,
            "year": 2020,
            "quarter": 4,
            "eps": 0.18,
            "eps_growth_year": -69.41,
            "eps_4q": 1.37,
            "eps_4q_growth_year": -29.37,
            "roe": 0.73,
            "roe_4q": 7.010000000000001,
            "gross_profit": 3534242,
            "gross_margin": 35.81,
            "gross_margin_4q_avg": 38.37,
            "net_income": 69557,
            "net_income_4q": null,
            "revenue": 9869190,
            "revenue_4q": null,
            "common_shares": 3759616,
            "book_valuer_per_share": 30.65,
            "book_valuer_per_share_4q_avg": 27.06,
            "equity": 11521368,
            "current_ratio": 158.96,
            "debt_ratio": 64.36,
            "inventory_turnover_ratio": 1.01,
            "account_receivable_turnover_ratio": 2.36,
            "reinvestment_rate": 223.64,
            "research_to_sale_ratio": 28.54,
            "price_fair": 96.34,
            "eps_avg_yearly": 2.75,
            "eps_latest_yearly": 0.72,
            "eps_growth_yearly": 784.59
        },
        "20211": {
            "year_quarter": 20211,
            "year": 2021,
            "quarter": 1,
            "eps": 0.7,
            "eps_growth_year": 1650,
            "eps_4q": 2.03,
            "eps_4q_growth_year": 8.19,
            "roe": 2.3,
            "roe_4q": 9.16,
            "gross_profit": 3919607,
            "gross_margin": 38.91,
            "gross_margin_4q_avg": 38.21,
            "net_income": 270596,
            "net_income_4q": null,
            "revenue": 10072480,
            "revenue_4q": null,
            "common_shares": 3883936,
            "book_valuer_per_share": 30.81,
            "book_valuer_per_share_4q_avg": 28.39,
            "equity": 11965549,
            "current_ratio": 166.96,
            "debt_ratio": 62.21,
            "inventory_turnover_ratio": 0.98,
            "account_receivable_turnover_ratio": 2.35,
            "reinvestment_rate": 190.57,
            "research_to_sale_ratio": 24.26,
            "price_fair": 98.61,
            "eps_avg_yearly": 2.82,
            "eps_latest_yearly": 2.8,
            "eps_growth_yearly": 864.35
        },
        "20212": {
            "year_quarter": 20212,
            "year": 2021,
            "quarter": 2,
            "eps": 2.36,
            "eps_growth_year": 103.45,
            "eps_4q": 3.41,
            "eps_4q_growth_year": 42.58,
            "roe": 7.41,
            "roe_4q": 12.030000000000001,
            "gross_profit": 4342429,
            "gross_margin": 40.91,
            "gross_margin_4q_avg": 38.13,
            "net_income": 939193,
            "net_income_4q": null,
            "revenue": 10614689,
            "revenue_4q": null,
            "common_shares": 3906736,
            "book_valuer_per_share": 34.28,
            "book_valuer_per_share_4q_avg": 30.59,
            "equity": 13392454,
            "current_ratio": 186.86,
            "debt_ratio": 56.95,
            "inventory_turnover_ratio": 1,
            "account_receivable_turnover_ratio": 2.38,
            "reinvestment_rate": 132.53,
            "research_to_sale_ratio": 22.39,
            "price_fair": 108.85,
            "eps_avg_yearly": 3.11,
            "eps_latest_yearly": 9.44,
            "eps_growth_yearly": 881.02
        },
        "20213": {
            "year_quarter": 20213,
            "year": 2021,
            "quarter": 3,
            "eps": 1.56,
            "eps_growth_year": 280.49,
            "eps_4q": 4.61,
            "eps_4q_growth_year": 115.84,
            "roe": 4.64,
            "roe_4q": 15.080000000000002,
            "gross_profit": 4265943,
            "gross_margin": 41.1,
            "gross_margin_4q_avg": 39.18,
            "net_income": 642263,
            "net_income_4q": null,
            "revenue": 10380154,
            "revenue_4q": null,
            "common_shares": 4100427,
            "book_valuer_per_share": 34.81,
            "book_valuer_per_share_4q_avg": 32.64,
            "equity": 14272361,
            "current_ratio": 194.71,
            "debt_ratio": 54.9,
            "inventory_turnover_ratio": 0.94,
            "account_receivable_turnover_ratio": 2.22,
            "reinvestment_rate": 111.61,
            "research_to_sale_ratio": 23.57,
            "price_fair": 113.84,
            "eps_avg_yearly": 3.25,
            "eps_latest_yearly": 6.24,
            "eps_growth_yearly": 876.75
        },
        "20214": {
            "year_quarter": 20214,
            "year": 2021,
            "quarter": 4,
            "eps": 2.59,
            "eps_growth_year": 1348.21,
            "eps_4q": 7.01,
            "eps_4q_growth_year": 410.71,
            "roe": 7.3,
            "roe_4q": 21.650000000000002,
            "gross_profit": 4328138,
            "gross_margin": 41.66,
            "gross_margin_4q_avg": 40.65,
            "net_income": 1088700,
            "net_income_4q": null,
            "revenue": 10388634,
            "revenue_4q": null,
            "common_shares": 4172101,
            "book_valuer_per_share": 37.28,
            "book_valuer_per_share_4q_avg": 34.3,
            "equity": 15554690,
            "current_ratio": 224.06,
            "debt_ratio": 54.79,
            "inventory_turnover_ratio": 0.89,
            "account_receivable_turnover_ratio": 2.32,
            "reinvestment_rate": 86.11,
            "research_to_sale_ratio": 21.03,
            "price_fair": 130.38,
            "eps_avg_yearly": 3.73,
            "eps_latest_yearly": 10.36,
            "eps_growth_yearly": 900.58
        },
        "20221": {
            "year_quarter": 20221,
            "year": 2022,
            "quarter": 1,
            "eps": 2.87,
            "eps_growth_year": 310,
            "eps_4q": 9.23,
            "eps_4q_growth_year": 355.08,
            "roe": 8,
            "roe_4q": 27.35,
            "gross_profit": 4701688,
            "gross_margin": 43.85,
            "gross_margin_4q_avg": 41.88,
            "net_income": 1203302,
            "net_income_4q": null,
            "revenue": 10722261,
            "revenue_4q": null,
            "common_shares": 4197653,
            "book_valuer_per_share": 34.64,
            "book_valuer_per_share_4q_avg": 35.25,
            "equity": 14539256,
            "current_ratio": 188.46,
            "debt_ratio": 60.22,
            "inventory_turnover_ratio": 0.83,
            "account_receivable_turnover_ratio": 2.52,
            "reinvestment_rate": 81.37,
            "research_to_sale_ratio": 21.23,
            "price_fair": 151.29,
            "eps_avg_yearly": 4.32,
            "eps_latest_yearly": 11.48,
            "eps_growth_yearly": 911.14
        },
        "20222": {
            "year_quarter": 20222,
            "year": 2022,
            "quarter": 2,
            "eps": 3.24,
            "eps_growth_year": 37.29,
            "eps_4q": 10.23,
            "eps_4q_growth_year": 199.86,
            "roe": 9.12,
            "roe_4q": 29.06,
            "gross_profit": 4689365,
            "gross_margin": 41.94,
            "gross_margin_4q_avg": 42.14,
            "net_income": 1359292,
            "net_income_4q": null,
            "revenue": 11180422,
            "revenue_4q": null,
            "common_shares": 4197653,
            "book_valuer_per_share": 36.4,
            "book_valuer_per_share_4q_avg": 35.78,
            "equity": 15277424,
            "current_ratio": 198.92,
            "debt_ratio": 57.93,
            "inventory_turnover_ratio": 0.86,
            "account_receivable_turnover_ratio": 2.42,
            "reinvestment_rate": 81.23,
            "research_to_sale_ratio": 21.13,
            "price_fair": 168.61,
            "eps_avg_yearly": 4.82,
            "eps_latest_yearly": 12.96,
            "eps_growth_yearly": 873.74
        },
        "20223": {
            "year_quarter": 20223,
            "year": 2022,
            "quarter": 3,
            "eps": 2.25,
            "eps_growth_year": 44.23,
            "eps_4q": 10.95,
            "eps_4q_growth_year": 137.74,
            "roe": 5.96,
            "roe_4q": 30.38,
            "gross_profit": 4286822,
            "gross_margin": 41.22,
            "gross_margin_4q_avg": 42.17,
            "net_income": 945210,
            "net_income_4q": null,
            "revenue": 10400498,
            "revenue_4q": null,
            "common_shares": 4197653,
            "book_valuer_per_share": 39.17,
            "book_valuer_per_share_4q_avg": 36.87,
            "equity": 16444100,
            "current_ratio": 232.26,
            "debt_ratio": 53.15,
            "inventory_turnover_ratio": 0.81,
            "account_receivable_turnover_ratio": 2.22,
            "reinvestment_rate": 75.74,
            "research_to_sale_ratio": 21.38,
            "price_fair": 180.08,
            "eps_avg_yearly": 5.15,
            "eps_latest_yearly": 9,
            "eps_growth_yearly": 872.45
        },
        "20224": {
            "year_quarter": 20224,
            "year": 2022,
            "quarter": 4,
            "eps": 1.7,
            "eps_growth_year": -34.51,
            "eps_4q": 10.06,
            "eps_4q_growth_year": 43.53,
            "roe": 4.19,
            "roe_4q": 27.27,
            "gross_profit": 3816454,
            "gross_margin": 39.88,
            "gross_margin_4q_avg": 41.72,
            "net_income": 712969,
            "net_income_4q": null,
            "revenue": 9569245,
            "revenue_4q": null,
            "common_shares": 4197653,
            "book_valuer_per_share": 41.85,
            "book_valuer_per_share_4q_avg": 38.02,
            "equity": 17565938,
            "current_ratio": 219.87,
            "debt_ratio": 52.33,
            "inventory_turnover_ratio": 0.71,
            "account_receivable_turnover_ratio": 2.16,
            "reinvestment_rate": 83.59,
            "research_to_sale_ratio": 23.43,
            "price_fair": 188.39,
            "eps_avg_yearly": 5.38,
            "eps_latest_yearly": 6.8,
            "eps_growth_yearly": 871.39
        },
        "20231": {
            "year_quarter": 20231,
            "year": 2023,
            "quarter": 1,
            "eps": 1.6,
            "eps_growth_year": -44.25,
            "eps_4q": 8.79,
            "eps_4q_growth_year": -4.76,
            "roe": 4.09,
            "roe_4q": 23.36,
            "gross_profit": 3610920,
            "gross_margin": 40.32,
            "gross_margin_4q_avg": 40.84,
            "net_income": 671601,
            "net_income_4q": null,
            "revenue": 8955812,
            "revenue_4q": null,
            "common_shares": 4197653,
            "book_valuer_per_share": 36.42,
            "book_valuer_per_share_4q_avg": 38.46,
            "equity": 15288889,
            "current_ratio": 178.32,
            "debt_ratio": 58.61,
            "inventory_turnover_ratio": 0.62,
            "account_receivable_turnover_ratio": 1.97,
            "reinvestment_rate": 81.35,
            "research_to_sale_ratio": 25.82,
            "price_fair": 201.08,
            "eps_avg_yearly": 5.75,
            "eps_latest_yearly": 6.4,
            "eps_growth_yearly": 889.92
        },
        "20232": {
            "year_quarter": 20232,
            "year": 2023,
            "quarter": 2,
            "eps": 1.05,
            "eps_growth_year": -67.59,
            "eps_4q": 6.61,
            "eps_4q_growth_year": -35.43,
            "roe": 2.89,
            "roe_4q": 17.130000000000003,
            "gross_profit": 3621601,
            "gross_margin": 40.45,
            "gross_margin_4q_avg": 40.47,
            "net_income": 442774,
            "net_income_4q": null,
            "revenue": 8953034,
            "revenue_4q": null,
            "common_shares": 4197653,
            "book_valuer_per_share": 36.48,
            "book_valuer_per_share_4q_avg": 38.48,
            "equity": 15311556,
            "current_ratio": 186.87,
            "debt_ratio": 57.12,
            "inventory_turnover_ratio": 0.62,
            "account_receivable_turnover_ratio": 1.93,
            "reinvestment_rate": 73.65,
            "research_to_sale_ratio": 25.54,
            "price_fair": 202.56,
            "eps_avg_yearly": 5.79,
            "eps_latest_yearly": 4.2,
            "eps_growth_yearly": 759.66
        },
        "20233": {
            "year_quarter": 20233,
            "year": 2023,
            "quarter": 3,
            "eps": 1.43,
            "eps_growth_year": -36.44,
            "eps_4q": 5.78,
            "eps_4q_growth_year": -47.21,
            "roe": 3.82,
            "roe_4q": 14.990000000000002,
            "gross_profit": 3756414,
            "gross_margin": 41.88,
            "gross_margin_4q_avg": 40.63,
            "net_income": 599160,
            "net_income_4q": null,
            "revenue": 8969569,
            "revenue_4q": null,
            "common_shares": 4197653,
            "book_valuer_per_share": 38.27,
            "book_valuer_per_share_4q_avg": 38.26,
            "equity": 16062620,
            "current_ratio": 214.81,
            "debt_ratio": 50.98,
            "inventory_turnover_ratio": 0.62,
            "account_receivable_turnover_ratio": 1.97,
            "reinvestment_rate": 70.72,
            "research_to_sale_ratio": 25.05,
            "price_fair": 207.64,
            "eps_avg_yearly": 5.93,
            "eps_latest_yearly": 5.72,
            "eps_growth_yearly": 769.56
        }
    },
    "months": {
        "2010-01": {
            "month": "2010-01",
            "price": "38.85",
            "revenue": 602730
        },
        "2010-02": {
            "month": "2010-02",
            "price": "45.54",
            "revenue": 585706
        },
        "2010-03": {
            "month": "2010-03",
            "price": "46.78",
            "revenue": 683369
        },
        "2010-04": {
            "month": "2010-04",
            "price": "50.20",
            "revenue": 723927
        },
        "2010-05": {
            "month": "2010-05",
            "price": "56.96",
            "revenue": 762999
        },
        "2010-06": {
            "month": "2010-06",
            "price": "57.90",
            "revenue": 747398
        },
        "2010-07": {
            "month": "2010-07",
            "price": "55.80",
            "revenue": 723756
        },
        "2010-08": {
            "month": "2010-08",
            "price": "59.81",
            "revenue": 692571
        },
        "2010-09": {
            "month": "2010-09",
            "price": "58.10",
            "revenue": 628081
        },
        "2010-10": {
            "month": "2010-10",
            "price": "54.43",
            "revenue": 564207
        },
        "2010-11": {
            "month": "2010-11",
            "price": "55.80",
            "revenue": 551934
        },
        "2010-12": {
            "month": "2010-12",
            "price": "58.81",
            "revenue": 527303
        },
        "2011-01": {
            "month": "2011-01",
            "price": "54.85",
            "revenue": 557761
        },
        "2011-02": {
            "month": "2011-02",
            "price": "54.81",
            "revenue": 524601
        },
        "2011-03": {
            "month": "2011-03",
            "price": "49.48",
            "revenue": 595829
        },
        "2011-04": {
            "month": "2011-04",
            "price": "45.58",
            "revenue": 711411
        },
        "2011-05": {
            "month": "2011-05",
            "price": "45.76",
            "revenue": 742385
        },
        "2011-06": {
            "month": "2011-06",
            "price": "47.30",
            "revenue": 736043
        },
        "2011-07": {
            "month": "2011-07",
            "price": "39.72",
            "revenue": 680735
        },
        "2011-08": {
            "month": "2011-08",
            "price": "31.11",
            "revenue": 637907
        },
        "2011-09": {
            "month": "2011-09",
            "price": "27.62",
            "revenue": 585882
        },
        "2011-10": {
            "month": "2011-10",
            "price": "25.79",
            "revenue": 521692
        },
        "2011-11": {
            "month": "2011-11",
            "price": "25.84",
            "revenue": 538728
        },
        "2011-12": {
            "month": "2011-12",
            "price": "21.48",
            "revenue": 509442
        },
        "2012-01": {
            "month": "2012-01",
            "price": "22.01",
            "revenue": 497141
        },
        "2012-02": {
            "month": "2012-02",
            "price": "29.47",
            "revenue": 529129
        },
        "2012-03": {
            "month": "2012-03",
            "price": "31.10",
            "revenue": 612715
        },
        "2012-04": {
            "month": "2012-04",
            "price": "31.00",
            "revenue": 739176
        },
        "2012-05": {
            "month": "2012-05",
            "price": "31.47",
            "revenue": 758473
        },
        "2012-06": {
            "month": "2012-06",
            "price": "29.57",
            "revenue": 739584
        },
        "2012-07": {
            "month": "2012-07",
            "price": "32.19",
            "revenue": 721252
        },
        "2012-08": {
            "month": "2012-08",
            "price": "39.12",
            "revenue": 645833
        },
        "2012-09": {
            "month": "2012-09",
            "price": "38.63",
            "revenue": 567920
        },
        "2012-10": {
            "month": "2012-10",
            "price": "33.18",
            "revenue": 529140
        },
        "2012-11": {
            "month": "2012-11",
            "price": "28.90",
            "revenue": 552374
        },
        "2012-12": {
            "month": "2012-12",
            "price": "30.80",
            "revenue": 520052
        },
        "2013-01": {
            "month": "2013-01",
            "price": "34.48",
            "revenue": 540098
        },
        "2013-02": {
            "month": "2013-02",
            "price": "34.92",
            "revenue": 522349
        },
        "2013-03": {
            "month": "2013-03",
            "price": "36.13",
            "revenue": 576197
        },
        "2013-04": {
            "month": "2013-04",
            "price": "34.60",
            "revenue": 640283
        },
        "2013-05": {
            "month": "2013-05",
            "price": "32.86",
            "revenue": 674900
        },
        "2013-06": {
            "month": "2013-06",
            "price": "31.71",
            "revenue": 585366
        },
        "2013-07": {
            "month": "2013-07",
            "price": "29.79",
            "revenue": 608445
        },
        "2013-08": {
            "month": "2013-08",
            "price": "26.19",
            "revenue": 587480
        },
        "2013-09": {
            "month": "2013-09",
            "price": "26.92",
            "revenue": 548527
        },
        "2013-10": {
            "month": "2013-10",
            "price": "24.48",
            "revenue": 521346
        },
        "2013-11": {
            "month": "2013-11",
            "price": "23.13",
            "revenue": 505025
        },
        "2013-12": {
            "month": "2013-12",
            "price": "24.80",
            "revenue": 499433
        },
        "2014-01": {
            "month": "2014-01",
            "price": "26.96",
            "revenue": 549278
        },
        "2014-02": {
            "month": "2014-02",
            "price": "27.84",
            "revenue": 521815
        },
        "2014-03": {
            "month": "2014-03",
            "price": "29.62",
            "revenue": 546537
        },
        "2014-04": {
            "month": "2014-04",
            "price": "30.75",
            "revenue": 620687
        },
        "2014-05": {
            "month": "2014-05",
            "price": "32.40",
            "revenue": 622890
        },
        "2014-06": {
            "month": "2014-06",
            "price": "32.38",
            "revenue": 650051
        },
        "2014-07": {
            "month": "2014-07",
            "price": "33.95",
            "revenue": 666272
        },
        "2014-08": {
            "month": "2014-08",
            "price": "32.71",
            "revenue": 578780
        },
        "2014-09": {
            "month": "2014-09",
            "price": "32.16",
            "revenue": 547015
        },
        "2014-10": {
            "month": "2014-10",
            "price": "28.55",
            "revenue": 488303
        },
        "2014-11": {
            "month": "2014-11",
            "price": "25.85",
            "revenue": 537273
        },
        "2014-12": {
            "month": "2014-12",
            "price": "27.78",
            "revenue": 492976
        },
        "2015-01": {
            "month": "2015-01",
            "price": "28.62",
            "revenue": 607632
        },
        "2015-02": {
            "month": "2015-02",
            "price": "28.18",
            "revenue": 439816
        },
        "2015-03": {
            "month": "2015-03",
            "price": "29.29",
            "revenue": 584845
        },
        "2015-04": {
            "month": "2015-04",
            "price": "29.38",
            "revenue": 626555
        },
        "2015-05": {
            "month": "2015-05",
            "price": "28.98",
            "revenue": 644503
        },
        "2015-06": {
            "month": "2015-06",
            "price": "26.58",
            "revenue": 653033
        },
        "2015-07": {
            "month": "2015-07",
            "price": "25.31",
            "revenue": 708007
        },
        "2015-08": {
            "month": "2015-08",
            "price": "22.52",
            "revenue": 659894
        },
        "2015-09": {
            "month": "2015-09",
            "price": "23.30",
            "revenue": 618723
        },
        "2015-10": {
            "month": "2015-10",
            "price": "26.39",
            "revenue": 592081
        },
        "2015-11": {
            "month": "2015-11",
            "price": "28.82",
            "revenue": 591701
        },
        "2015-12": {
            "month": "2015-12",
            "price": "32.49",
            "revenue": 586597
        },
        "2016-01": {
            "month": "2016-01",
            "price": "28.34",
            "revenue": 643873
        },
        "2016-02": {
            "month": "2016-02",
            "price": "32.23",
            "revenue": 531592
        },
        "2016-03": {
            "month": "2016-03",
            "price": "33.18",
            "revenue": 676770
        },
        "2016-04": {
            "month": "2016-04",
            "price": "32.39",
            "revenue": 731412
        },
        "2016-05": {
            "month": "2016-05",
            "price": "30.14",
            "revenue": 747451
        },
        "2016-06": {
            "month": "2016-06",
            "price": "31.60",
            "revenue": 743767
        },
        "2016-07": {
            "month": "2016-07",
            "price": "33.80",
            "revenue": 738221
        },
        "2016-08": {
            "month": "2016-08",
            "price": "38.25",
            "revenue": 699577
        },
        "2016-09": {
            "month": "2016-09",
            "price": "38.46",
            "revenue": 711838
        },
        "2016-10": {
            "month": "2016-10",
            "price": "36.96",
            "revenue": 711331
        },
        "2016-11": {
            "month": "2016-11",
            "price": "36.03",
            "revenue": 701656
        },
        "2016-12": {
            "month": "2016-12",
            "price": "37.66",
            "revenue": 691798
        },
        "2017-01": {
            "month": "2017-01",
            "price": "39.58",
            "revenue": 723615
        },
        "2017-02": {
            "month": "2017-02",
            "price": "46.12",
            "revenue": 638579
        },
        "2017-03": {
            "month": "2017-03",
            "price": "45.28",
            "revenue": 760765
        },
        "2017-04": {
            "month": "2017-04",
            "price": "42.34",
            "revenue": 759786
        },
        "2017-05": {
            "month": "2017-05",
            "price": "42.56",
            "revenue": 789755
        },
        "2017-06": {
            "month": "2017-06",
            "price": "44.92",
            "revenue": 856762
        },
        "2017-07": {
            "month": "2017-07",
            "price": "50.17",
            "revenue": 785818
        },
        "2017-08": {
            "month": "2017-08",
            "price": "53.72",
            "revenue": 822511
        },
        "2017-09": {
            "month": "2017-09",
            "price": "57.80",
            "revenue": 802107
        },
        "2017-10": {
            "month": "2017-10",
            "price": "69.76",
            "revenue": 773250
        },
        "2017-11": {
            "month": "2017-11",
            "price": "74.54",
            "revenue": 785487
        },
        "2017-12": {
            "month": "2017-12",
            "price": "63.20",
            "revenue": 736947
        },
        "2018-01": {
            "month": "2018-01",
            "price": "67.36",
            "revenue": 792371
        },
        "2018-02": {
            "month": "2018-02",
            "price": "71.38",
            "revenue": 627177
        },
        "2018-03": {
            "month": "2018-03",
            "price": "72.62",
            "revenue": 823027
        },
        "2018-04": {
            "month": "2018-04",
            "price": "63.37",
            "revenue": 879139
        },
        "2018-05": {
            "month": "2018-05",
            "price": "59.99",
            "revenue": 898808
        },
        "2018-06": {
            "month": "2018-06",
            "price": "66.18",
            "revenue": 906412
        },
        "2018-07": {
            "month": "2018-07",
            "price": "60.99",
            "revenue": 899711
        },
        "2018-08": {
            "month": "2018-08",
            "price": "57.70",
            "revenue": 904338
        },
        "2018-09": {
            "month": "2018-09",
            "price": "47.03",
            "revenue": 837790
        },
        "2018-10": {
            "month": "2018-10",
            "price": "37.72",
            "revenue": 815741
        },
        "2018-11": {
            "month": "2018-11",
            "price": "39.14",
            "revenue": 793275
        },
        "2018-12": {
            "month": "2018-12",
            "price": "42.03",
            "revenue": 862432
        },
        "2019-01": {
            "month": "2019-01",
            "price": "43.74",
            "revenue": 638922
        },
        "2019-02": {
            "month": "2019-02",
            "price": "47.71",
            "revenue": 584512
        },
        "2019-03": {
            "month": "2019-03",
            "price": "49.84",
            "revenue": 826387
        },
        "2019-04": {
            "month": "2019-04",
            "price": "51.53",
            "revenue": 785056
        },
        "2019-05": {
            "month": "2019-05",
            "price": "46.08",
            "revenue": 882445
        },
        "2019-06": {
            "month": "2019-06",
            "price": "44.46",
            "revenue": 916797
        },
        "2019-07": {
            "month": "2019-07",
            "price": "49.80",
            "revenue": 934944
        },
        "2019-08": {
            "month": "2019-08",
            "price": "48.49",
            "revenue": 981295
        },
        "2019-09": {
            "month": "2019-09",
            "price": "50.92",
            "revenue": 1027460
        },
        "2019-10": {
            "month": "2019-10",
            "price": "49.36",
            "revenue": 964621
        },
        "2019-11": {
            "month": "2019-11",
            "price": "47.04",
            "revenue": 882479
        },
        "2019-12": {
            "month": "2019-12",
            "price": "46.81",
            "revenue": 942351
        },
        "2020-01": {
            "month": "2020-01",
            "price": "45.73",
            "revenue": 700026
        },
        "2020-02": {
            "month": "2020-02",
            "price": "41.82",
            "revenue": 634815
        },
        "2020-03": {
            "month": "2020-03",
            "price": "35.01",
            "revenue": 798314
        },
        "2020-04": {
            "month": "2020-04",
            "price": "35.55",
            "revenue": 946207
        },
        "2020-05": {
            "month": "2020-05",
            "price": "37.42",
            "revenue": 1025400
        },
        "2020-06": {
            "month": "2020-06",
            "price": "38.68",
            "revenue": 1089535
        },
        "2020-07": {
            "month": "2020-07",
            "price": "43.47",
            "revenue": 1097276
        },
        "2020-08": {
            "month": "2020-08",
            "price": "44.94",
            "revenue": 1134860
        },
        "2020-09": {
            "month": "2020-09",
            "price": "43.96",
            "revenue": 3372433
        },
        "2020-10": {
            "month": "2020-10",
            "price": "44.41",
            "revenue": 3252543
        },
        "2020-11": {
            "month": "2020-11",
            "price": "42.91",
            "revenue": 3194149
        },
        "2020-12": {
            "month": "2020-12",
            "price": "46.93",
            "revenue": 3422498
        },
        "2021-01": {
            "month": "2021-01",
            "price": "45.78",
            "revenue": 3206926
        },
        "2021-02": {
            "month": "2021-02",
            "price": "45.66",
            "revenue": 2964098
        },
        "2021-03": {
            "month": "2021-03",
            "price": "46.14",
            "revenue": 3901456
        },
        "2021-04": {
            "month": "2021-04",
            "price": "67.73",
            "revenue": 3495440
        },
        "2021-05": {
            "month": "2021-05",
            "price": "66.82",
            "revenue": 3371012
        },
        "2021-06": {
            "month": "2021-06",
            "price": "82.12",
            "revenue": 3748237
        },
        "2021-07": {
            "month": "2021-07",
            "price": "121.71",
            "revenue": 3491742
        },
        "2021-08": {
            "month": "2021-08",
            "price": "144.34",
            "revenue": 3252233
        },
        "2021-09": {
            "month": "2021-09",
            "price": "136.40",
            "revenue": 3636179
        },
        "2021-10": {
            "month": "2021-10",
            "price": "128.90",
            "revenue": 3515823
        },
        "2021-11": {
            "month": "2021-11",
            "price": "135.93",
            "revenue": 3479936
        },
        "2021-12": {
            "month": "2021-12",
            "price": "144.66",
            "revenue": 3392875
        },
        "2022-01": {
            "month": "2022-01",
            "price": "135.92",
            "revenue": 3436678
        },
        "2022-02": {
            "month": "2022-02",
            "price": "142.93",
            "revenue": 3496246
        },
        "2022-03": {
            "month": "2022-03",
            "price": "156.46",
            "revenue": 3789337
        },
        "2022-04": {
            "month": "2022-04",
            "price": "160.08",
            "revenue": 3706647
        },
        "2022-05": {
            "month": "2022-05",
            "price": "166.60",
            "revenue": 3593790
        },
        "2022-06": {
            "month": "2022-06",
            "price": "160.52",
            "revenue": 3879985
        },
        "2022-07": {
            "month": "2022-07",
            "price": "118.69",
            "revenue": 3320548
        },
        "2022-08": {
            "month": "2022-08",
            "price": "118.78",
            "revenue": 3485293
        },
        "2022-09": {
            "month": "2022-09",
            "price": "117.10",
            "revenue": 3594657
        },
        "2022-10": {
            "month": "2022-10",
            "price": "103.08",
            "revenue": 3130878
        },
        "2022-11": {
            "month": "2022-11",
            "price": "115.11",
            "revenue": 3437434
        },
        "2022-12": {
            "month": "2022-12",
            "price": "120.41",
            "revenue": 3000933
        },
        "2023-01": {
            "month": "2023-01",
            "price": "123.27",
            "revenue": 2340102
        },
        "2023-02": {
            "month": "2023-02",
            "price": "147.19",
            "revenue": 2975669
        },
        "2023-03": {
            "month": "2023-03",
            "price": "148.78",
            "revenue": 3640041
        },
        "2023-04": {
            "month": "2023-04",
            "price": "142.53",
            "revenue": 2604294
        },
        "2023-05": {
            "month": "2023-05",
            "price": "127.52",
            "revenue": 2864705
        },
        "2023-06": {
            "month": "2023-06",
            "price": "129.30",
            "revenue": 3484035
        },
        "2023-07": {
            "month": "2023-07",
            "price": "136.71",
            "revenue": 2919366
        },
        "2023-08": {
            "month": "2023-08",
            "price": "124.52",
            "revenue": 2947390
        },
        "2023-09": {
            "month": "2023-09",
            "price": "128.12",
            "revenue": 3102813
        },
        "2023-10": {
            "month": "2023-10",
            "price": "128.30",
            "revenue": 2865741
        },
        "2023-11": {
            "month": "2023-11",
            "price": "136.14",
            "revenue": 2818045
        }
    }
}
