{
    "summary": {
        "stock_name": "欣厚-KY",
        "stock_id": "4924",
        "category": "電腦及週邊設備",
        "main_business": "電腦及週邊設備業<br>其他電子業",
        "website_url": "http://www.hsihou.com/",
        "ceo": "顧小美",
        "pe_ratio": 34,
        "report_year_from": 2008,
        "report_year_to": 2023,
        "age": 15,
        "eps_negative_percentage": 50,
        "eps_growth_avg": {
            "last_all": -5.86,
            "last_2y": 31.35,
            "last_4y": 1.29,
            "last_8y": 1.29,
            "last_12y": null,
            "last_16y": null,
            "last_20y": null,
            "at_2006_last_3y": null,
            "at_2007_last_3y": null,
            "at_2008_last_3y": null,
            "at_2009_last_3y": null,
            "at_2010_last_3y": null,
            "at_2011_last_3y": null,
            "at_2012_last_3y": null,
            "at_2013_last_3y": null,
            "at_2014_last_3y": -20.16,
            "at_2015_last_3y": -100,
            "at_2016_last_3y": null,
            "at_2017_last_3y": null,
            "at_2018_last_3y": null,
            "at_2019_last_3y": -88.89,
            "at_2020_last_3y": 5.56,
            "at_2021_last_3y": 5.12,
            "at_2022_last_3y": 1.29,
            "at_2023_last_3y": 1.29,
            "at_2006_last_all": null,
            "at_2007_last_all": null,
            "at_2008_last_all": null,
            "at_2009_last_all": null,
            "at_2010_last_all": null,
            "at_2011_last_all": null,
            "at_2012_last_all": -20.16,
            "at_2013_last_all": -20.16,
            "at_2014_last_all": -20.16,
            "at_2015_last_all": -20.16,
            "at_2016_last_all": -20.16,
            "at_2017_last_all": -20.16,
            "at_2018_last_all": -20.16,
            "at_2019_last_all": -43.07,
            "at_2020_last_all": -7.3,
            "at_2021_last_all": -4.99,
            "at_2022_last_all": -5.86,
            "at_2023_last_all": -5.86
        },
        "latest_eps": 0.38,
        "latest_price": 13.1,
        "latest_roe": 3.7,
        "latest_gross_margin": 20.42,
        "latest_equity": 383777,
        "latest_revenue": 122969,
        "latest_gross_profit": 25106,
        "latest_net_income": -5989,
        "latest_debt_ratio": 52.03,
        "latest_current_ratio": 93.2,
        "latest_account_receivable_turnover_ratio": 1.19,
        "latest_inventory_turnover_ratio": 1.29,
        "latest_reinvestment_rate": 209.15,
        "latest_research_to_sale_ratio": 3.66
    },
    "eps_dividends": {
        "2001": {
            "cash": 0,
            "stock": 0,
            "eps": 0
        },
        "2002": {
            "cash": 0,
            "stock": 0,
            "eps": 0
        },
        "2003": {
            "cash": 0,
            "stock": 0,
            "eps": 0
        },
        "2004": {
            "cash": 0,
            "stock": 0,
            "eps": 0
        },
        "2005": {
            "cash": 0,
            "stock": 0,
            "eps": 0
        },
        "2006": {
            "cash": 0,
            "stock": 0,
            "eps": 0
        },
        "2007": {
            "cash": 0,
            "stock": 0,
            "eps": 0
        },
        "2008": {
            "cash": 0,
            "stock": 0,
            "eps": 0
        },
        "2009": {
            "cash": 0,
            "stock": 0,
            "eps": 0
        },
        "2010": {
            "cash": 0,
            "stock": 2,
            "eps": 1.24
        },
        "2011": {
            "cash": 1,
            "stock": 0,
            "eps": 1.98
        },
        "2012": {
            "cash": 2,
            "stock": 0,
            "eps": -2.62
        },
        "2013": {
            "cash": 0,
            "stock": 0,
            "eps": -1.28
        },
        "2014": {
            "cash": 0,
            "stock": 0,
            "eps": -0.91
        },
        "2015": {
            "cash": 0,
            "stock": 0,
            "eps": -1.77
        },
        "2016": {
            "cash": 0,
            "stock": 0,
            "eps": -1.74
        },
        "2017": {
            "cash": 0,
            "stock": 0,
            "eps": -0.72
        },
        "2018": {
            "cash": 0,
            "stock": 0,
            "eps": 0.09
        },
        "2019": {
            "cash": 0,
            "stock": 0,
            "eps": 0.01
        },
        "2020": {
            "cash": 0,
            "stock": 0,
            "eps": 0.94
        },
        "2021": {
            "cash": 0,
            "stock": 0,
            "eps": 0.98
        },
        "2022": {
            "cash": 0,
            "stock": 0,
            "eps": 0.88
        },
        "2023": {
            "cash": 0,
            "stock": 0,
            "eps": -0.16
        }
    },
    "dividends": {
        "2010-04-20": {
            "cash": 0,
            "stock": 1.5
        },
        "2011-06-21": {
            "cash": 1,
            "stock": 0.12
        },
        "2012-06-26": {
            "cash": 1.52,
            "stock": 0
        }
    },
    "prices": {
        "200101": "無",
        "200102": "無",
        "200103": "無",
        "200104": "無",
        "200105": "無",
        "200106": "無",
        "200107": "無",
        "200108": "無",
        "200109": "無",
        "200110": "無",
        "200111": "無",
        "200112": "無",
        "200201": "無",
        "200202": "無",
        "200203": "無",
        "200204": "無",
        "200205": "無",
        "200206": "無",
        "200207": "無",
        "200208": "無",
        "200209": "無",
        "200210": "無",
        "200211": "無",
        "200212": "無",
        "200301": "無",
        "200302": "無",
        "200303": "無",
        "200304": "無",
        "200305": "無",
        "200306": "無",
        "200307": "無",
        "200308": "無",
        "200309": "無",
        "200310": "無",
        "200311": "無",
        "200312": "無",
        "200401": "無",
        "200402": "無",
        "200403": "無",
        "200404": "無",
        "200405": "無",
        "200406": "無",
        "200407": "無",
        "200408": "無",
        "200409": "無",
        "200410": "無",
        "200411": "無",
        "200412": "無",
        "200501": "無",
        "200502": "無",
        "200503": "無",
        "200504": "無",
        "200505": "無",
        "200506": "無",
        "200507": "無",
        "200508": "無",
        "200509": "無",
        "200510": "無",
        "200511": "無",
        "200512": "無",
        "200601": "無",
        "200602": "無",
        "200603": "無",
        "200604": "無",
        "200605": "無",
        "200606": "無",
        "200607": "無",
        "200608": "無",
        "200609": "無",
        "200610": "無",
        "200611": "無",
        "200612": "無",
        "200701": "無",
        "200702": "無",
        "200703": "無",
        "200704": "無",
        "200705": "無",
        "200706": "無",
        "200707": "無",
        "200708": "無",
        "200709": "無",
        "200710": "無",
        "200711": "無",
        "200712": "無",
        "200801": "無",
        "200802": "無",
        "200803": "無",
        "200804": "無",
        "200805": "無",
        "200806": "無",
        "200807": "無",
        "200808": "無",
        "200809": "無",
        "200810": "無",
        "200811": "無",
        "200812": "無",
        "200901": "無",
        "200902": "無",
        "200903": "無",
        "200904": "無",
        "200905": "無",
        "200906": "無",
        "200907": "無",
        "200908": "無",
        "200909": "無",
        "200910": "無",
        "200911": "無",
        "200912": "無",
        "201001": "20.70",
        "201002": "22.68",
        "201003": "23.03",
        "201004": "25.41",
        "201005": "23.24",
        "201006": "25.15",
        "201007": "26.43",
        "201008": "26.25",
        "201009": "26.37",
        "201010": "28.96",
        "201011": "27.22",
        "201012": "27.52",
        "201101": "27.84",
        "201102": "30.52",
        "201103": "30.64",
        "201104": "29.84",
        "201105": "30.50",
        "201106": "29.60",
        "201107": "29.94",
        "201108": "30.39",
        "201109": "29.51",
        "201110": "33.16",
        "201111": "42.55",
        "201112": "41.57",
        "201201": "44.42",
        "201202": "43.16",
        "201203": "42.35",
        "201204": "31.45",
        "201205": "31.68",
        "201206": "30.77",
        "201207": "30.95",
        "201208": "32.15",
        "201209": "33.32",
        "201210": "30.87",
        "201211": "27.81",
        "201212": "25.83",
        "201301": "23.17",
        "201302": "24.11",
        "201303": "23.30",
        "201304": "23.08",
        "201305": "23.61",
        "201306": "23.58",
        "201307": "22.10",
        "201308": "20.05",
        "201309": "19.50",
        "201310": "22.38",
        "201311": "25.74",
        "201312": "31.47",
        "201401": "36.77",
        "201402": "40.01",
        "201403": "38.21",
        "201404": "33.57",
        "201405": "33.17",
        "201406": "32.15",
        "201407": "36.77",
        "201408": "38.27",
        "201409": "39.12",
        "201410": "41.64",
        "201411": "42.49",
        "201412": "48.42",
        "201501": "48.01",
        "201502": "47.27",
        "201503": "44.37",
        "201504": "45.45",
        "201505": "46.58",
        "201506": "47.49",
        "201507": "34.94",
        "201508": "7.93",
        "201509": "7.42",
        "201510": "6.19",
        "201511": "6.76",
        "201512": "7.34",
        "201601": "7.34",
        "201602": "6.78",
        "201603": "7.12",
        "201604": "6.54",
        "201605": "5.99",
        "201606": "6.15",
        "201607": "6.01",
        "201608": "6.07",
        "201609": "6.15",
        "201610": "8.86",
        "201611": "9.06",
        "201612": "10.19",
        "201701": "9.44",
        "201702": "8.97",
        "201703": "9.00",
        "201704": "8.88",
        "201705": "8.90",
        "201706": "11.22",
        "201707": "9.76",
        "201708": "8.96",
        "201709": "9.00",
        "201710": "8.89",
        "201711": "8.80",
        "201712": "9.38",
        "201801": "10.33",
        "201802": "9.53",
        "201803": "9.37",
        "201804": "9.52",
        "201805": "8.30",
        "201806": "9.03",
        "201807": "8.63",
        "201808": "9.03",
        "201809": "8.99",
        "201810": "8.83",
        "201811": "8.85",
        "201812": "8.80",
        "201901": "8.71",
        "201902": "9.01",
        "201903": "8.99",
        "201904": "9.35",
        "201905": "10.21",
        "201906": "9.29",
        "201907": "9.15",
        "201908": "9.01",
        "201909": "9.01",
        "201910": "9.09",
        "201911": "9.17",
        "201912": "8.96",
        "202001": "8.84",
        "202002": "7.91",
        "202003": "6.70",
        "202004": "5.85",
        "202005": "6.48",
        "202006": "6.79",
        "202007": "7.02",
        "202008": "8.33",
        "202009": "13.47",
        "202010": "14.57",
        "202011": "12.51",
        "202012": "13.50",
        "202101": "16.82",
        "202102": "19.94",
        "202103": "22.95",
        "202104": "20.12",
        "202105": "15.94",
        "202106": "15.40",
        "202107": "14.65",
        "202108": "14.04",
        "202109": "13.84",
        "202110": "13.82",
        "202111": "13.82",
        "202112": "14.91",
        "202201": "15.01",
        "202202": "15.62",
        "202203": "14.45",
        "202204": "13.16",
        "202205": "13.17",
        "202206": "14.16",
        "202207": "13.83",
        "202208": "14.01",
        "202209": "13.80",
        "202210": "13.64",
        "202211": "15.01",
        "202212": "15.18",
        "202301": "14.26",
        "202302": "13.78",
        "202303": "13.70",
        "202304": "13.18",
        "202305": "12.90"
    },
    "quarters": {
        "20011": {
            "year_quarter": 20011,
            "year": 2001,
            "quarter": 1,
            "eps": null,
            "eps_growth_year": null,
            "eps_4q": null,
            "eps_4q_growth_year": null,
            "roe": null,
            "roe_4q": 0,
            "gross_profit": null,
            "gross_margin": null,
            "gross_margin_4q_avg": 0,
            "net_income": null,
            "revenue": null,
            "common_shares": null,
            "book_valuer_per_share": null,
            "book_valuer_per_share_4q_avg": 0,
            "equity": null,
            "current_ratio": null,
            "debt_ratio": null,
            "inventory_turnover_ratio": null,
            "account_receivable_turnover_ratio": null,
            "reinvestment_rate": null,
            "research_to_sale_ratio": null,
            "price_fair": 0,
            "eps_avg_yearly": 0,
            "eps_latest_yearly": 0,
            "eps_growth_yearly": 0
        },
        "20012": {
            "year_quarter": 20012,
            "year": 2001,
            "quarter": 2,
            "eps": null,
            "eps_growth_year": null,
            "eps_4q": null,
            "eps_4q_growth_year": null,
            "roe": null,
            "roe_4q": 0,
            "gross_profit": null,
            "gross_margin": null,
            "gross_margin_4q_avg": 0,
            "net_income": null,
            "revenue": null,
            "common_shares": null,
            "book_valuer_per_share": null,
            "book_valuer_per_share_4q_avg": 0,
            "equity": null,
            "current_ratio": null,
            "debt_ratio": null,
            "inventory_turnover_ratio": null,
            "account_receivable_turnover_ratio": null,
            "reinvestment_rate": null,
            "research_to_sale_ratio": null,
            "price_fair": 0,
            "eps_avg_yearly": 0,
            "eps_latest_yearly": 0,
            "eps_growth_yearly": 0
        },
        "20013": {
            "year_quarter": 20013,
            "year": 2001,
            "quarter": 3,
            "eps": null,
            "eps_growth_year": null,
            "eps_4q": null,
            "eps_4q_growth_year": null,
            "roe": null,
            "roe_4q": 0,
            "gross_profit": null,
            "gross_margin": null,
            "gross_margin_4q_avg": 0,
            "net_income": null,
            "revenue": null,
            "common_shares": null,
            "book_valuer_per_share": null,
            "book_valuer_per_share_4q_avg": 0,
            "equity": null,
            "current_ratio": null,
            "debt_ratio": null,
            "inventory_turnover_ratio": null,
            "account_receivable_turnover_ratio": null,
            "reinvestment_rate": null,
            "research_to_sale_ratio": null,
            "price_fair": 0,
            "eps_avg_yearly": 0,
            "eps_latest_yearly": 0,
            "eps_growth_yearly": 0
        },
        "20014": {
            "year_quarter": 20014,
            "year": 2001,
            "quarter": 4,
            "eps": null,
            "eps_growth_year": null,
            "eps_4q": null,
            "eps_4q_growth_year": null,
            "roe": null,
            "roe_4q": 0,
            "gross_profit": null,
            "gross_margin": null,
            "gross_margin_4q_avg": 0,
            "net_income": null,
            "revenue": null,
            "common_shares": null,
            "book_valuer_per_share": null,
            "book_valuer_per_share_4q_avg": 0,
            "equity": null,
            "current_ratio": null,
            "debt_ratio": null,
            "inventory_turnover_ratio": null,
            "account_receivable_turnover_ratio": null,
            "reinvestment_rate": null,
            "research_to_sale_ratio": null,
            "price_fair": 0,
            "eps_avg_yearly": 0,
            "eps_latest_yearly": 0,
            "eps_growth_yearly": 0
        },
        "20021": {
            "year_quarter": 20021,
            "year": 2002,
            "quarter": 1,
            "eps": null,
            "eps_growth_year": null,
            "eps_4q": null,
            "eps_4q_growth_year": null,
            "roe": null,
            "roe_4q": 0,
            "gross_profit": null,
            "gross_margin": null,
            "gross_margin_4q_avg": 0,
            "net_income": null,
            "revenue": null,
            "common_shares": null,
            "book_valuer_per_share": null,
            "book_valuer_per_share_4q_avg": 0,
            "equity": null,
            "current_ratio": null,
            "debt_ratio": null,
            "inventory_turnover_ratio": null,
            "account_receivable_turnover_ratio": null,
            "reinvestment_rate": null,
            "research_to_sale_ratio": null,
            "price_fair": 0,
            "eps_avg_yearly": 0,
            "eps_latest_yearly": 0,
            "eps_growth_yearly": 0
        },
        "20022": {
            "year_quarter": 20022,
            "year": 2002,
            "quarter": 2,
            "eps": null,
            "eps_growth_year": null,
            "eps_4q": null,
            "eps_4q_growth_year": null,
            "roe": null,
            "roe_4q": 0,
            "gross_profit": null,
            "gross_margin": null,
            "gross_margin_4q_avg": 0,
            "net_income": null,
            "revenue": null,
            "common_shares": null,
            "book_valuer_per_share": null,
            "book_valuer_per_share_4q_avg": 0,
            "equity": null,
            "current_ratio": null,
            "debt_ratio": null,
            "inventory_turnover_ratio": null,
            "account_receivable_turnover_ratio": null,
            "reinvestment_rate": null,
            "research_to_sale_ratio": null,
            "price_fair": 0,
            "eps_avg_yearly": 0,
            "eps_latest_yearly": 0,
            "eps_growth_yearly": 0
        },
        "20023": {
            "year_quarter": 20023,
            "year": 2002,
            "quarter": 3,
            "eps": null,
            "eps_growth_year": null,
            "eps_4q": null,
            "eps_4q_growth_year": null,
            "roe": null,
            "roe_4q": 0,
            "gross_profit": null,
            "gross_margin": null,
            "gross_margin_4q_avg": 0,
            "net_income": null,
            "revenue": null,
            "common_shares": null,
            "book_valuer_per_share": null,
            "book_valuer_per_share_4q_avg": 0,
            "equity": null,
            "current_ratio": null,
            "debt_ratio": null,
            "inventory_turnover_ratio": null,
            "account_receivable_turnover_ratio": null,
            "reinvestment_rate": null,
            "research_to_sale_ratio": null,
            "price_fair": 0,
            "eps_avg_yearly": 0,
            "eps_latest_yearly": 0,
            "eps_growth_yearly": 0
        },
        "20024": {
            "year_quarter": 20024,
            "year": 2002,
            "quarter": 4,
            "eps": null,
            "eps_growth_year": null,
            "eps_4q": null,
            "eps_4q_growth_year": null,
            "roe": null,
            "roe_4q": 0,
            "gross_profit": null,
            "gross_margin": null,
            "gross_margin_4q_avg": 0,
            "net_income": null,
            "revenue": null,
            "common_shares": null,
            "book_valuer_per_share": null,
            "book_valuer_per_share_4q_avg": 0,
            "equity": null,
            "current_ratio": null,
            "debt_ratio": null,
            "inventory_turnover_ratio": null,
            "account_receivable_turnover_ratio": null,
            "reinvestment_rate": null,
            "research_to_sale_ratio": null,
            "price_fair": 0,
            "eps_avg_yearly": 0,
            "eps_latest_yearly": 0,
            "eps_growth_yearly": 0
        },
        "20031": {
            "year_quarter": 20031,
            "year": 2003,
            "quarter": 1,
            "eps": null,
            "eps_growth_year": null,
            "eps_4q": null,
            "eps_4q_growth_year": null,
            "roe": null,
            "roe_4q": 0,
            "gross_profit": null,
            "gross_margin": null,
            "gross_margin_4q_avg": 0,
            "net_income": null,
            "revenue": null,
            "common_shares": null,
            "book_valuer_per_share": null,
            "book_valuer_per_share_4q_avg": 0,
            "equity": null,
            "current_ratio": null,
            "debt_ratio": null,
            "inventory_turnover_ratio": null,
            "account_receivable_turnover_ratio": null,
            "reinvestment_rate": null,
            "research_to_sale_ratio": null,
            "price_fair": 0,
            "eps_avg_yearly": 0,
            "eps_latest_yearly": 0,
            "eps_growth_yearly": 0
        },
        "20032": {
            "year_quarter": 20032,
            "year": 2003,
            "quarter": 2,
            "eps": null,
            "eps_growth_year": null,
            "eps_4q": null,
            "eps_4q_growth_year": null,
            "roe": null,
            "roe_4q": 0,
            "gross_profit": null,
            "gross_margin": null,
            "gross_margin_4q_avg": 0,
            "net_income": null,
            "revenue": null,
            "common_shares": null,
            "book_valuer_per_share": null,
            "book_valuer_per_share_4q_avg": 0,
            "equity": null,
            "current_ratio": null,
            "debt_ratio": null,
            "inventory_turnover_ratio": null,
            "account_receivable_turnover_ratio": null,
            "reinvestment_rate": null,
            "research_to_sale_ratio": null,
            "price_fair": 0,
            "eps_avg_yearly": 0,
            "eps_latest_yearly": 0,
            "eps_growth_yearly": 0
        },
        "20033": {
            "year_quarter": 20033,
            "year": 2003,
            "quarter": 3,
            "eps": null,
            "eps_growth_year": null,
            "eps_4q": null,
            "eps_4q_growth_year": null,
            "roe": null,
            "roe_4q": 0,
            "gross_profit": null,
            "gross_margin": null,
            "gross_margin_4q_avg": 0,
            "net_income": null,
            "revenue": null,
            "common_shares": null,
            "book_valuer_per_share": null,
            "book_valuer_per_share_4q_avg": 0,
            "equity": null,
            "current_ratio": null,
            "debt_ratio": null,
            "inventory_turnover_ratio": null,
            "account_receivable_turnover_ratio": null,
            "reinvestment_rate": null,
            "research_to_sale_ratio": null,
            "price_fair": 0,
            "eps_avg_yearly": 0,
            "eps_latest_yearly": 0,
            "eps_growth_yearly": 0
        },
        "20034": {
            "year_quarter": 20034,
            "year": 2003,
            "quarter": 4,
            "eps": null,
            "eps_growth_year": null,
            "eps_4q": null,
            "eps_4q_growth_year": null,
            "roe": null,
            "roe_4q": 0,
            "gross_profit": null,
            "gross_margin": null,
            "gross_margin_4q_avg": 0,
            "net_income": null,
            "revenue": null,
            "common_shares": null,
            "book_valuer_per_share": null,
            "book_valuer_per_share_4q_avg": 0,
            "equity": null,
            "current_ratio": null,
            "debt_ratio": null,
            "inventory_turnover_ratio": null,
            "account_receivable_turnover_ratio": null,
            "reinvestment_rate": null,
            "research_to_sale_ratio": null,
            "price_fair": 0,
            "eps_avg_yearly": 0,
            "eps_latest_yearly": 0,
            "eps_growth_yearly": 0
        },
        "20041": {
            "year_quarter": 20041,
            "year": 2004,
            "quarter": 1,
            "eps": null,
            "eps_growth_year": null,
            "eps_4q": null,
            "eps_4q_growth_year": null,
            "roe": null,
            "roe_4q": 0,
            "gross_profit": null,
            "gross_margin": null,
            "gross_margin_4q_avg": 0,
            "net_income": null,
            "revenue": null,
            "common_shares": null,
            "book_valuer_per_share": null,
            "book_valuer_per_share_4q_avg": 0,
            "equity": null,
            "current_ratio": null,
            "debt_ratio": null,
            "inventory_turnover_ratio": null,
            "account_receivable_turnover_ratio": null,
            "reinvestment_rate": null,
            "research_to_sale_ratio": null,
            "price_fair": 0,
            "eps_avg_yearly": 0,
            "eps_latest_yearly": 0,
            "eps_growth_yearly": 0
        },
        "20042": {
            "year_quarter": 20042,
            "year": 2004,
            "quarter": 2,
            "eps": null,
            "eps_growth_year": null,
            "eps_4q": null,
            "eps_4q_growth_year": null,
            "roe": null,
            "roe_4q": 0,
            "gross_profit": null,
            "gross_margin": null,
            "gross_margin_4q_avg": 0,
            "net_income": null,
            "revenue": null,
            "common_shares": null,
            "book_valuer_per_share": null,
            "book_valuer_per_share_4q_avg": 0,
            "equity": null,
            "current_ratio": null,
            "debt_ratio": null,
            "inventory_turnover_ratio": null,
            "account_receivable_turnover_ratio": null,
            "reinvestment_rate": null,
            "research_to_sale_ratio": null,
            "price_fair": 0,
            "eps_avg_yearly": 0,
            "eps_latest_yearly": 0,
            "eps_growth_yearly": 0
        },
        "20043": {
            "year_quarter": 20043,
            "year": 2004,
            "quarter": 3,
            "eps": null,
            "eps_growth_year": null,
            "eps_4q": null,
            "eps_4q_growth_year": null,
            "roe": null,
            "roe_4q": 0,
            "gross_profit": null,
            "gross_margin": null,
            "gross_margin_4q_avg": 0,
            "net_income": null,
            "revenue": null,
            "common_shares": null,
            "book_valuer_per_share": null,
            "book_valuer_per_share_4q_avg": 0,
            "equity": null,
            "current_ratio": null,
            "debt_ratio": null,
            "inventory_turnover_ratio": null,
            "account_receivable_turnover_ratio": null,
            "reinvestment_rate": null,
            "research_to_sale_ratio": null,
            "price_fair": 0,
            "eps_avg_yearly": 0,
            "eps_latest_yearly": 0,
            "eps_growth_yearly": 0
        },
        "20044": {
            "year_quarter": 20044,
            "year": 2004,
            "quarter": 4,
            "eps": null,
            "eps_growth_year": null,
            "eps_4q": null,
            "eps_4q_growth_year": null,
            "roe": null,
            "roe_4q": 0,
            "gross_profit": null,
            "gross_margin": null,
            "gross_margin_4q_avg": 0,
            "net_income": null,
            "revenue": null,
            "common_shares": null,
            "book_valuer_per_share": null,
            "book_valuer_per_share_4q_avg": 0,
            "equity": null,
            "current_ratio": null,
            "debt_ratio": null,
            "inventory_turnover_ratio": null,
            "account_receivable_turnover_ratio": null,
            "reinvestment_rate": null,
            "research_to_sale_ratio": null,
            "price_fair": 0,
            "eps_avg_yearly": 0,
            "eps_latest_yearly": 0,
            "eps_growth_yearly": 0
        },
        "20051": {
            "year_quarter": 20051,
            "year": 2005,
            "quarter": 1,
            "eps": null,
            "eps_growth_year": null,
            "eps_4q": null,
            "eps_4q_growth_year": null,
            "roe": null,
            "roe_4q": 0,
            "gross_profit": null,
            "gross_margin": null,
            "gross_margin_4q_avg": 0,
            "net_income": null,
            "revenue": null,
            "common_shares": null,
            "book_valuer_per_share": null,
            "book_valuer_per_share_4q_avg": 0,
            "equity": null,
            "current_ratio": null,
            "debt_ratio": null,
            "inventory_turnover_ratio": null,
            "account_receivable_turnover_ratio": null,
            "reinvestment_rate": null,
            "research_to_sale_ratio": null,
            "price_fair": 0,
            "eps_avg_yearly": 0,
            "eps_latest_yearly": 0,
            "eps_growth_yearly": 0
        },
        "20052": {
            "year_quarter": 20052,
            "year": 2005,
            "quarter": 2,
            "eps": null,
            "eps_growth_year": null,
            "eps_4q": null,
            "eps_4q_growth_year": null,
            "roe": null,
            "roe_4q": 0,
            "gross_profit": null,
            "gross_margin": null,
            "gross_margin_4q_avg": 0,
            "net_income": null,
            "revenue": null,
            "common_shares": null,
            "book_valuer_per_share": null,
            "book_valuer_per_share_4q_avg": 0,
            "equity": null,
            "current_ratio": null,
            "debt_ratio": null,
            "inventory_turnover_ratio": null,
            "account_receivable_turnover_ratio": null,
            "reinvestment_rate": null,
            "research_to_sale_ratio": null,
            "price_fair": 0,
            "eps_avg_yearly": 0,
            "eps_latest_yearly": 0,
            "eps_growth_yearly": 0
        },
        "20053": {
            "year_quarter": 20053,
            "year": 2005,
            "quarter": 3,
            "eps": null,
            "eps_growth_year": null,
            "eps_4q": null,
            "eps_4q_growth_year": null,
            "roe": null,
            "roe_4q": 0,
            "gross_profit": null,
            "gross_margin": null,
            "gross_margin_4q_avg": 0,
            "net_income": null,
            "revenue": null,
            "common_shares": null,
            "book_valuer_per_share": null,
            "book_valuer_per_share_4q_avg": 0,
            "equity": null,
            "current_ratio": null,
            "debt_ratio": null,
            "inventory_turnover_ratio": null,
            "account_receivable_turnover_ratio": null,
            "reinvestment_rate": null,
            "research_to_sale_ratio": null,
            "price_fair": 0,
            "eps_avg_yearly": 0,
            "eps_latest_yearly": 0,
            "eps_growth_yearly": 0
        },
        "20054": {
            "year_quarter": 20054,
            "year": 2005,
            "quarter": 4,
            "eps": null,
            "eps_growth_year": null,
            "eps_4q": null,
            "eps_4q_growth_year": null,
            "roe": null,
            "roe_4q": 0,
            "gross_profit": null,
            "gross_margin": null,
            "gross_margin_4q_avg": 0,
            "net_income": null,
            "revenue": null,
            "common_shares": null,
            "book_valuer_per_share": null,
            "book_valuer_per_share_4q_avg": 0,
            "equity": null,
            "current_ratio": null,
            "debt_ratio": null,
            "inventory_turnover_ratio": null,
            "account_receivable_turnover_ratio": null,
            "reinvestment_rate": null,
            "research_to_sale_ratio": null,
            "price_fair": 0,
            "eps_avg_yearly": 0,
            "eps_latest_yearly": 0,
            "eps_growth_yearly": 0
        },
        "20061": {
            "year_quarter": 20061,
            "year": 2006,
            "quarter": 1,
            "eps": null,
            "eps_growth_year": null,
            "eps_4q": null,
            "eps_4q_growth_year": null,
            "roe": null,
            "roe_4q": 0,
            "gross_profit": null,
            "gross_margin": null,
            "gross_margin_4q_avg": 0,
            "net_income": null,
            "revenue": null,
            "common_shares": null,
            "book_valuer_per_share": null,
            "book_valuer_per_share_4q_avg": 0,
            "equity": null,
            "current_ratio": null,
            "debt_ratio": null,
            "inventory_turnover_ratio": null,
            "account_receivable_turnover_ratio": null,
            "reinvestment_rate": null,
            "research_to_sale_ratio": null,
            "price_fair": 0,
            "eps_avg_yearly": 0,
            "eps_latest_yearly": 0,
            "eps_growth_yearly": 0
        },
        "20062": {
            "year_quarter": 20062,
            "year": 2006,
            "quarter": 2,
            "eps": null,
            "eps_growth_year": null,
            "eps_4q": null,
            "eps_4q_growth_year": null,
            "roe": null,
            "roe_4q": 0,
            "gross_profit": null,
            "gross_margin": null,
            "gross_margin_4q_avg": 0,
            "net_income": null,
            "revenue": null,
            "common_shares": null,
            "book_valuer_per_share": null,
            "book_valuer_per_share_4q_avg": 0,
            "equity": null,
            "current_ratio": null,
            "debt_ratio": null,
            "inventory_turnover_ratio": null,
            "account_receivable_turnover_ratio": null,
            "reinvestment_rate": null,
            "research_to_sale_ratio": null,
            "price_fair": 0,
            "eps_avg_yearly": 0,
            "eps_latest_yearly": 0,
            "eps_growth_yearly": 0
        },
        "20063": {
            "year_quarter": 20063,
            "year": 2006,
            "quarter": 3,
            "eps": null,
            "eps_growth_year": null,
            "eps_4q": null,
            "eps_4q_growth_year": null,
            "roe": null,
            "roe_4q": 0,
            "gross_profit": null,
            "gross_margin": null,
            "gross_margin_4q_avg": 0,
            "net_income": null,
            "revenue": null,
            "common_shares": null,
            "book_valuer_per_share": null,
            "book_valuer_per_share_4q_avg": 0,
            "equity": null,
            "current_ratio": null,
            "debt_ratio": null,
            "inventory_turnover_ratio": null,
            "account_receivable_turnover_ratio": null,
            "reinvestment_rate": null,
            "research_to_sale_ratio": null,
            "price_fair": 0,
            "eps_avg_yearly": 0,
            "eps_latest_yearly": 0,
            "eps_growth_yearly": 0
        },
        "20064": {
            "year_quarter": 20064,
            "year": 2006,
            "quarter": 4,
            "eps": null,
            "eps_growth_year": null,
            "eps_4q": null,
            "eps_4q_growth_year": null,
            "roe": null,
            "roe_4q": 0,
            "gross_profit": null,
            "gross_margin": null,
            "gross_margin_4q_avg": 0,
            "net_income": null,
            "revenue": null,
            "common_shares": null,
            "book_valuer_per_share": null,
            "book_valuer_per_share_4q_avg": 0,
            "equity": null,
            "current_ratio": null,
            "debt_ratio": null,
            "inventory_turnover_ratio": null,
            "account_receivable_turnover_ratio": null,
            "reinvestment_rate": null,
            "research_to_sale_ratio": null,
            "price_fair": 0,
            "eps_avg_yearly": 0,
            "eps_latest_yearly": 0,
            "eps_growth_yearly": 0
        },
        "20071": {
            "year_quarter": 20071,
            "year": 2007,
            "quarter": 1,
            "eps": null,
            "eps_growth_year": null,
            "eps_4q": null,
            "eps_4q_growth_year": null,
            "roe": null,
            "roe_4q": 0,
            "gross_profit": null,
            "gross_margin": null,
            "gross_margin_4q_avg": 0,
            "net_income": null,
            "revenue": null,
            "common_shares": null,
            "book_valuer_per_share": null,
            "book_valuer_per_share_4q_avg": 0,
            "equity": null,
            "current_ratio": null,
            "debt_ratio": null,
            "inventory_turnover_ratio": null,
            "account_receivable_turnover_ratio": null,
            "reinvestment_rate": null,
            "research_to_sale_ratio": null,
            "price_fair": 0,
            "eps_avg_yearly": 0,
            "eps_latest_yearly": 0,
            "eps_growth_yearly": 0
        },
        "20072": {
            "year_quarter": 20072,
            "year": 2007,
            "quarter": 2,
            "eps": null,
            "eps_growth_year": null,
            "eps_4q": null,
            "eps_4q_growth_year": null,
            "roe": null,
            "roe_4q": 0,
            "gross_profit": null,
            "gross_margin": null,
            "gross_margin_4q_avg": 0,
            "net_income": null,
            "revenue": null,
            "common_shares": null,
            "book_valuer_per_share": null,
            "book_valuer_per_share_4q_avg": 0,
            "equity": null,
            "current_ratio": null,
            "debt_ratio": null,
            "inventory_turnover_ratio": null,
            "account_receivable_turnover_ratio": null,
            "reinvestment_rate": null,
            "research_to_sale_ratio": null,
            "price_fair": 0,
            "eps_avg_yearly": 0,
            "eps_latest_yearly": 0,
            "eps_growth_yearly": 0
        },
        "20073": {
            "year_quarter": 20073,
            "year": 2007,
            "quarter": 3,
            "eps": null,
            "eps_growth_year": null,
            "eps_4q": null,
            "eps_4q_growth_year": null,
            "roe": null,
            "roe_4q": 0,
            "gross_profit": null,
            "gross_margin": null,
            "gross_margin_4q_avg": 0,
            "net_income": null,
            "revenue": null,
            "common_shares": null,
            "book_valuer_per_share": null,
            "book_valuer_per_share_4q_avg": 0,
            "equity": null,
            "current_ratio": null,
            "debt_ratio": null,
            "inventory_turnover_ratio": null,
            "account_receivable_turnover_ratio": null,
            "reinvestment_rate": null,
            "research_to_sale_ratio": null,
            "price_fair": 0,
            "eps_avg_yearly": 0,
            "eps_latest_yearly": 0,
            "eps_growth_yearly": 0
        },
        "20074": {
            "year_quarter": 20074,
            "year": 2007,
            "quarter": 4,
            "eps": null,
            "eps_growth_year": null,
            "eps_4q": null,
            "eps_4q_growth_year": null,
            "roe": null,
            "roe_4q": 0,
            "gross_profit": null,
            "gross_margin": null,
            "gross_margin_4q_avg": 0,
            "net_income": null,
            "revenue": null,
            "common_shares": 247000,
            "book_valuer_per_share": 9.77,
            "book_valuer_per_share_4q_avg": 2.44,
            "equity": 241343,
            "current_ratio": 111.62,
            "debt_ratio": 53.92,
            "inventory_turnover_ratio": null,
            "account_receivable_turnover_ratio": null,
            "reinvestment_rate": null,
            "research_to_sale_ratio": null,
            "price_fair": 0,
            "eps_avg_yearly": 0,
            "eps_latest_yearly": 0,
            "eps_growth_yearly": 0
        },
        "20081": {
            "year_quarter": 20081,
            "year": 2008,
            "quarter": 1,
            "eps": null,
            "eps_growth_year": null,
            "eps_4q": null,
            "eps_4q_growth_year": null,
            "roe": null,
            "roe_4q": 0,
            "gross_profit": null,
            "gross_margin": null,
            "gross_margin_4q_avg": 0,
            "net_income": null,
            "revenue": null,
            "common_shares": null,
            "book_valuer_per_share": null,
            "book_valuer_per_share_4q_avg": 2.44,
            "equity": null,
            "current_ratio": null,
            "debt_ratio": null,
            "inventory_turnover_ratio": null,
            "account_receivable_turnover_ratio": null,
            "reinvestment_rate": null,
            "research_to_sale_ratio": null,
            "price_fair": 0,
            "eps_avg_yearly": 0,
            "eps_latest_yearly": 0,
            "eps_growth_yearly": 0
        },
        "20082": {
            "year_quarter": 20082,
            "year": 2008,
            "quarter": 2,
            "eps": null,
            "eps_growth_year": null,
            "eps_4q": null,
            "eps_4q_growth_year": null,
            "roe": null,
            "roe_4q": 0,
            "gross_profit": null,
            "gross_margin": null,
            "gross_margin_4q_avg": 0,
            "net_income": null,
            "revenue": null,
            "common_shares": null,
            "book_valuer_per_share": null,
            "book_valuer_per_share_4q_avg": 2.44,
            "equity": null,
            "current_ratio": null,
            "debt_ratio": null,
            "inventory_turnover_ratio": null,
            "account_receivable_turnover_ratio": null,
            "reinvestment_rate": null,
            "research_to_sale_ratio": null,
            "price_fair": 0,
            "eps_avg_yearly": 0,
            "eps_latest_yearly": 0,
            "eps_growth_yearly": 0
        },
        "20083": {
            "year_quarter": 20083,
            "year": 2008,
            "quarter": 3,
            "eps": null,
            "eps_growth_year": null,
            "eps_4q": null,
            "eps_4q_growth_year": null,
            "roe": null,
            "roe_4q": 0,
            "gross_profit": null,
            "gross_margin": null,
            "gross_margin_4q_avg": 0,
            "net_income": null,
            "revenue": null,
            "common_shares": null,
            "book_valuer_per_share": null,
            "book_valuer_per_share_4q_avg": 2.44,
            "equity": null,
            "current_ratio": null,
            "debt_ratio": null,
            "inventory_turnover_ratio": null,
            "account_receivable_turnover_ratio": null,
            "reinvestment_rate": null,
            "research_to_sale_ratio": null,
            "price_fair": 0,
            "eps_avg_yearly": 0,
            "eps_latest_yearly": 0,
            "eps_growth_yearly": 0
        },
        "20084": {
            "year_quarter": 20084,
            "year": 2008,
            "quarter": 4,
            "eps": null,
            "eps_growth_year": null,
            "eps_4q": null,
            "eps_4q_growth_year": null,
            "roe": null,
            "roe_4q": 0,
            "gross_profit": null,
            "gross_margin": null,
            "gross_margin_4q_avg": 0,
            "net_income": null,
            "revenue": null,
            "common_shares": 247000,
            "book_valuer_per_share": 12.5,
            "book_valuer_per_share_4q_avg": 3.13,
            "equity": 308678,
            "current_ratio": 117.83,
            "debt_ratio": 53.04,
            "inventory_turnover_ratio": null,
            "account_receivable_turnover_ratio": null,
            "reinvestment_rate": null,
            "research_to_sale_ratio": null,
            "price_fair": 0,
            "eps_avg_yearly": 0,
            "eps_latest_yearly": 0,
            "eps_growth_yearly": 0
        },
        "20091": {
            "year_quarter": 20091,
            "year": 2009,
            "quarter": 1,
            "eps": null,
            "eps_growth_year": null,
            "eps_4q": null,
            "eps_4q_growth_year": null,
            "roe": null,
            "roe_4q": 0,
            "gross_profit": null,
            "gross_margin": null,
            "gross_margin_4q_avg": 0,
            "net_income": null,
            "revenue": null,
            "common_shares": null,
            "book_valuer_per_share": null,
            "book_valuer_per_share_4q_avg": 3.13,
            "equity": null,
            "current_ratio": null,
            "debt_ratio": null,
            "inventory_turnover_ratio": null,
            "account_receivable_turnover_ratio": null,
            "reinvestment_rate": null,
            "research_to_sale_ratio": null,
            "price_fair": 0,
            "eps_avg_yearly": 0,
            "eps_latest_yearly": 0,
            "eps_growth_yearly": 0
        },
        "20092": {
            "year_quarter": 20092,
            "year": 2009,
            "quarter": 2,
            "eps": null,
            "eps_growth_year": null,
            "eps_4q": null,
            "eps_4q_growth_year": null,
            "roe": null,
            "roe_4q": 0,
            "gross_profit": null,
            "gross_margin": null,
            "gross_margin_4q_avg": 0,
            "net_income": null,
            "revenue": null,
            "common_shares": 0,
            "book_valuer_per_share": null,
            "book_valuer_per_share_4q_avg": 3.13,
            "equity": 0,
            "current_ratio": null,
            "debt_ratio": null,
            "inventory_turnover_ratio": null,
            "account_receivable_turnover_ratio": null,
            "reinvestment_rate": null,
            "research_to_sale_ratio": null,
            "price_fair": 0,
            "eps_avg_yearly": 0,
            "eps_latest_yearly": 0,
            "eps_growth_yearly": 0
        },
        "20093": {
            "year_quarter": 20093,
            "year": 2009,
            "quarter": 3,
            "eps": null,
            "eps_growth_year": null,
            "eps_4q": null,
            "eps_4q_growth_year": null,
            "roe": null,
            "roe_4q": 0,
            "gross_profit": null,
            "gross_margin": null,
            "gross_margin_4q_avg": 0,
            "net_income": null,
            "revenue": null,
            "common_shares": null,
            "book_valuer_per_share": null,
            "book_valuer_per_share_4q_avg": 3.13,
            "equity": null,
            "current_ratio": null,
            "debt_ratio": null,
            "inventory_turnover_ratio": null,
            "account_receivable_turnover_ratio": null,
            "reinvestment_rate": null,
            "research_to_sale_ratio": null,
            "price_fair": 0,
            "eps_avg_yearly": 0,
            "eps_latest_yearly": 0,
            "eps_growth_yearly": 0
        },
        "20094": {
            "year_quarter": 20094,
            "year": 2009,
            "quarter": 4,
            "eps": null,
            "eps_growth_year": null,
            "eps_4q": null,
            "eps_4q_growth_year": null,
            "roe": null,
            "roe_4q": 0,
            "gross_profit": null,
            "gross_margin": null,
            "gross_margin_4q_avg": 0,
            "net_income": null,
            "revenue": null,
            "common_shares": 262390,
            "book_valuer_per_share": 12.89,
            "book_valuer_per_share_4q_avg": 3.22,
            "equity": 338175,
            "current_ratio": 116.06,
            "debt_ratio": 58,
            "inventory_turnover_ratio": null,
            "account_receivable_turnover_ratio": null,
            "reinvestment_rate": null,
            "research_to_sale_ratio": null,
            "price_fair": 0,
            "eps_avg_yearly": 0,
            "eps_latest_yearly": 0,
            "eps_growth_yearly": 0
        },
        "20101": {
            "year_quarter": 20101,
            "year": 2010,
            "quarter": 1,
            "eps": null,
            "eps_growth_year": null,
            "eps_4q": null,
            "eps_4q_growth_year": null,
            "roe": null,
            "roe_4q": 0,
            "gross_profit": 85723,
            "gross_margin": null,
            "gross_margin_4q_avg": 0,
            "net_income": 21737,
            "revenue": 248915,
            "common_shares": 262390,
            "book_valuer_per_share": 13.68,
            "book_valuer_per_share_4q_avg": 6.64,
            "equity": 358930,
            "current_ratio": 116.01,
            "debt_ratio": 58.28,
            "inventory_turnover_ratio": null,
            "account_receivable_turnover_ratio": null,
            "reinvestment_rate": null,
            "research_to_sale_ratio": null,
            "price_fair": 0,
            "eps_avg_yearly": 0,
            "eps_latest_yearly": 0,
            "eps_growth_yearly": 0
        },
        "20102": {
            "year_quarter": 20102,
            "year": 2010,
            "quarter": 2,
            "eps": 1.24,
            "eps_growth_year": null,
            "eps_4q": null,
            "eps_4q_growth_year": null,
            "roe": 9.78,
            "roe_4q": 9.78,
            "gross_profit": 88431,
            "gross_margin": 26.14,
            "gross_margin_4q_avg": 6.54,
            "net_income": 37328,
            "revenue": 338256,
            "common_shares": 262390,
            "book_valuer_per_share": 15.41,
            "book_valuer_per_share_4q_avg": 10.5,
            "equity": 404319,
            "current_ratio": 121.01,
            "debt_ratio": 56.46,
            "inventory_turnover_ratio": 2.05,
            "account_receivable_turnover_ratio": 1.68,
            "reinvestment_rate": null,
            "research_to_sale_ratio": null,
            "price_fair": 0,
            "eps_avg_yearly": 0,
            "eps_latest_yearly": 0,
            "eps_growth_yearly": 0
        },
        "20103": {
            "year_quarter": 20103,
            "year": 2010,
            "quarter": 3,
            "eps": null,
            "eps_growth_year": null,
            "eps_4q": null,
            "eps_4q_growth_year": null,
            "roe": null,
            "roe_4q": 9.78,
            "gross_profit": 87584,
            "gross_margin": null,
            "gross_margin_4q_avg": 6.54,
            "net_income": 25968,
            "revenue": 320133,
            "common_shares": 262390,
            "book_valuer_per_share": 16.23,
            "book_valuer_per_share_4q_avg": 14.55,
            "equity": 425905,
            "current_ratio": 122.28,
            "debt_ratio": 55.5,
            "inventory_turnover_ratio": null,
            "account_receivable_turnover_ratio": null,
            "reinvestment_rate": null,
            "research_to_sale_ratio": null,
            "price_fair": 0,
            "eps_avg_yearly": 0,
            "eps_latest_yearly": 0,
            "eps_growth_yearly": 0
        },
        "20104": {
            "year_quarter": 20104,
            "year": 2010,
            "quarter": 4,
            "eps": null,
            "eps_growth_year": null,
            "eps_4q": null,
            "eps_4q_growth_year": null,
            "roe": null,
            "roe_4q": 9.78,
            "gross_profit": 62481,
            "gross_margin": null,
            "gross_margin_4q_avg": 6.54,
            "net_income": 14948,
            "revenue": 268104,
            "common_shares": 301749,
            "book_valuer_per_share": 13.86,
            "book_valuer_per_share_4q_avg": 14.8,
            "equity": 418102,
            "current_ratio": 125.97,
            "debt_ratio": 50.68,
            "inventory_turnover_ratio": null,
            "account_receivable_turnover_ratio": null,
            "reinvestment_rate": null,
            "research_to_sale_ratio": null,
            "price_fair": 0,
            "eps_avg_yearly": 0,
            "eps_latest_yearly": 0,
            "eps_growth_yearly": 0
        },
        "20111": {
            "year_quarter": 20111,
            "year": 2011,
            "quarter": 1,
            "eps": null,
            "eps_growth_year": null,
            "eps_4q": null,
            "eps_4q_growth_year": null,
            "roe": null,
            "roe_4q": 9.78,
            "gross_profit": 51156,
            "gross_margin": null,
            "gross_margin_4q_avg": 6.54,
            "net_income": 6683,
            "revenue": 242825,
            "common_shares": 301749,
            "book_valuer_per_share": 14.33,
            "book_valuer_per_share_4q_avg": 14.96,
            "equity": 432318,
            "current_ratio": 121.26,
            "debt_ratio": 52.83,
            "inventory_turnover_ratio": null,
            "account_receivable_turnover_ratio": null,
            "reinvestment_rate": null,
            "research_to_sale_ratio": null,
            "price_fair": 0,
            "eps_avg_yearly": 0,
            "eps_latest_yearly": 0,
            "eps_growth_yearly": 0
        },
        "20112": {
            "year_quarter": 20112,
            "year": 2011,
            "quarter": 2,
            "eps": 0.65,
            "eps_growth_year": -47.22,
            "eps_4q": 0.65,
            "eps_4q_growth_year": null,
            "roe": 4.69,
            "roe_4q": 4.69,
            "gross_profit": 80207,
            "gross_margin": 24.34,
            "gross_margin_4q_avg": 6.09,
            "net_income": 19939,
            "revenue": 329563,
            "common_shares": 301749,
            "book_valuer_per_share": 13.85,
            "book_valuer_per_share_4q_avg": 14.57,
            "equity": 417960,
            "current_ratio": 116.56,
            "debt_ratio": 56.54,
            "inventory_turnover_ratio": 2.01,
            "account_receivable_turnover_ratio": 1.68,
            "reinvestment_rate": null,
            "research_to_sale_ratio": null,
            "price_fair": 0,
            "eps_avg_yearly": 0,
            "eps_latest_yearly": 0,
            "eps_growth_yearly": 0
        },
        "20113": {
            "year_quarter": 20113,
            "year": 2011,
            "quarter": 3,
            "eps": 1.52,
            "eps_growth_year": null,
            "eps_4q": 2.16,
            "eps_4q_growth_year": null,
            "roe": 10.18,
            "roe_4q": 14.870000000000001,
            "gross_profit": 100419,
            "gross_margin": 26.07,
            "gross_margin_4q_avg": 12.6,
            "net_income": 46703,
            "revenue": 385252,
            "common_shares": 307895,
            "book_valuer_per_share": 16.23,
            "book_valuer_per_share_4q_avg": 14.57,
            "equity": 499572,
            "current_ratio": 124.43,
            "debt_ratio": 56.03,
            "inventory_turnover_ratio": 2.16,
            "account_receivable_turnover_ratio": 0.86,
            "reinvestment_rate": null,
            "research_to_sale_ratio": 0.8,
            "price_fair": 212.8,
            "eps_avg_yearly": 6.08,
            "eps_latest_yearly": 6.08,
            "eps_growth_yearly": 535.38
        },
        "20114": {
            "year_quarter": 20114,
            "year": 2011,
            "quarter": 4,
            "eps": -0.19,
            "eps_growth_year": null,
            "eps_4q": 1.72,
            "eps_4q_growth_year": null,
            "roe": -1.23,
            "roe_4q": 13.64,
            "gross_profit": 54447,
            "gross_margin": 21.13,
            "gross_margin_4q_avg": 17.89,
            "net_income": -6730,
            "revenue": 257726,
            "common_shares": 347895,
            "book_valuer_per_share": 17.15,
            "book_valuer_per_share_4q_avg": 15.39,
            "equity": 596634,
            "current_ratio": 156.65,
            "debt_ratio": 44.75,
            "inventory_turnover_ratio": 1.23,
            "account_receivable_turnover_ratio": 0.58,
            "reinvestment_rate": null,
            "research_to_sale_ratio": 1.43,
            "price_fair": 212.8,
            "eps_avg_yearly": 6.08,
            "eps_latest_yearly": 6.08,
            "eps_growth_yearly": 535.38
        },
        "20121": {
            "year_quarter": 20121,
            "year": 2012,
            "quarter": 1,
            "eps": -0.35,
            "eps_growth_year": null,
            "eps_4q": 1.39,
            "eps_4q_growth_year": null,
            "roe": -1.94,
            "roe_4q": 11.7,
            "gross_profit": 35563,
            "gross_margin": 13.68,
            "gross_margin_4q_avg": 21.31,
            "net_income": -11462,
            "revenue": 260016,
            "common_shares": 347895,
            "book_valuer_per_share": 16.83,
            "book_valuer_per_share_4q_avg": 16.02,
            "equity": 585586,
            "current_ratio": 227.25,
            "debt_ratio": 48.96,
            "inventory_turnover_ratio": 1.18,
            "account_receivable_turnover_ratio": 0.73,
            "reinvestment_rate": null,
            "research_to_sale_ratio": 1.1,
            "price_fair": 212.8,
            "eps_avg_yearly": 6.08,
            "eps_latest_yearly": 6.08,
            "eps_growth_yearly": 535.38
        },
        "20122": {
            "year_quarter": 20122,
            "year": 2012,
            "quarter": 2,
            "eps": -0.09,
            "eps_growth_year": -113.42,
            "eps_4q": 0.73,
            "eps_4q_growth_year": 12.09,
            "roe": -0.55,
            "roe_4q": 6.459999999999999,
            "gross_profit": 42362,
            "gross_margin": 13.68,
            "gross_margin_4q_avg": 18.64,
            "net_income": -3048,
            "revenue": 309646,
            "common_shares": 347895,
            "book_valuer_per_share": 15.14,
            "book_valuer_per_share_4q_avg": 16.34,
            "equity": 526594,
            "current_ratio": 187.92,
            "debt_ratio": 53.34,
            "inventory_turnover_ratio": 1.38,
            "account_receivable_turnover_ratio": 0.84,
            "reinvestment_rate": null,
            "research_to_sale_ratio": 1.18,
            "price_fair": 212.8,
            "eps_avg_yearly": 6.08,
            "eps_latest_yearly": 6.08,
            "eps_growth_yearly": 535.38
        },
        "20123": {
            "year_quarter": 20123,
            "year": 2012,
            "quarter": 3,
            "eps": 0.58,
            "eps_growth_year": -62.08,
            "eps_4q": -0.04,
            "eps_4q_growth_year": -101.63,
            "roe": 3.73,
            "roe_4q": 0.009999999999999787,
            "gross_profit": 59350,
            "gross_margin": 18.87,
            "gross_margin_4q_avg": 16.84,
            "net_income": 20010,
            "revenue": 314568,
            "common_shares": 347895,
            "book_valuer_per_share": 15.7,
            "book_valuer_per_share_4q_avg": 16.21,
            "equity": 546250,
            "current_ratio": 206.02,
            "debt_ratio": 49.78,
            "inventory_turnover_ratio": 1.38,
            "account_receivable_turnover_ratio": 0.76,
            "reinvestment_rate": null,
            "research_to_sale_ratio": 1.75,
            "price_fair": 212.8,
            "eps_avg_yearly": 6.08,
            "eps_latest_yearly": 6.08,
            "eps_growth_yearly": 535.38
        },
        "20124": {
            "year_quarter": 20124,
            "year": 2012,
            "quarter": 4,
            "eps": -2.76,
            "eps_growth_year": null,
            "eps_4q": -2.59,
            "eps_4q_growth_year": -250.6,
            "roe": -19.16,
            "roe_4q": -17.92,
            "gross_profit": -10798,
            "gross_margin": -4.53,
            "gross_margin_4q_avg": 10.43,
            "net_income": -93731,
            "revenue": 238193,
            "common_shares": 347895,
            "book_valuer_per_share": 12.71,
            "book_valuer_per_share_4q_avg": 15.1,
            "equity": 432251,
            "current_ratio": 159.52,
            "debt_ratio": 58.15,
            "inventory_turnover_ratio": 1.58,
            "account_receivable_turnover_ratio": 0.59,
            "reinvestment_rate": null,
            "research_to_sale_ratio": 3.16,
            "price_fair": 212.8,
            "eps_avg_yearly": 6.08,
            "eps_latest_yearly": 6.08,
            "eps_growth_yearly": 535.38
        },
        "20131": {
            "year_quarter": 20131,
            "year": 2013,
            "quarter": 1,
            "eps": 0.42,
            "eps_growth_year": null,
            "eps_4q": -1.86,
            "eps_4q_growth_year": -233.65,
            "roe": 3.23,
            "roe_4q": -12.75,
            "gross_profit": 54050,
            "gross_margin": 19.68,
            "gross_margin_4q_avg": 11.93,
            "net_income": 14249,
            "revenue": 274597,
            "common_shares": 335895,
            "book_valuer_per_share": 13.36,
            "book_valuer_per_share_4q_avg": 14.23,
            "equity": 448918,
            "current_ratio": 114.3,
            "debt_ratio": 55.8,
            "inventory_turnover_ratio": 1.5,
            "account_receivable_turnover_ratio": 0.76,
            "reinvestment_rate": null,
            "research_to_sale_ratio": 1.67,
            "price_fair": 212.8,
            "eps_avg_yearly": 6.08,
            "eps_latest_yearly": 6.08,
            "eps_growth_yearly": 535.38
        },
        "20132": {
            "year_quarter": 20132,
            "year": 2013,
            "quarter": 2,
            "eps": -1.77,
            "eps_growth_year": null,
            "eps_4q": -3.54,
            "eps_4q_growth_year": -584.13,
            "roe": -14.12,
            "roe_4q": -26.319999999999997,
            "gross_profit": 39459,
            "gross_margin": 14.63,
            "gross_margin_4q_avg": 12.16,
            "net_income": -59549,
            "revenue": 269702,
            "common_shares": 335895,
            "book_valuer_per_share": 11.74,
            "book_valuer_per_share_4q_avg": 13.38,
            "equity": 394453,
            "current_ratio": 105.49,
            "debt_ratio": 60.68,
            "inventory_turnover_ratio": 1.49,
            "account_receivable_turnover_ratio": 0.77,
            "reinvestment_rate": null,
            "research_to_sale_ratio": 1.04,
            "price_fair": 212.8,
            "eps_avg_yearly": 6.08,
            "eps_latest_yearly": 6.08,
            "eps_growth_yearly": 535.38
        },
        "20133": {
            "year_quarter": 20133,
            "year": 2013,
            "quarter": 3,
            "eps": 0.38,
            "eps_growth_year": -33.93,
            "eps_4q": -3.76,
            "eps_4q_growth_year": null,
            "roe": 3.22,
            "roe_4q": -26.83,
            "gross_profit": 44716,
            "gross_margin": 14.31,
            "gross_margin_4q_avg": 11.02,
            "net_income": 12708,
            "revenue": 312422,
            "common_shares": 335895,
            "book_valuer_per_share": 11.73,
            "book_valuer_per_share_4q_avg": 12.39,
            "equity": 393896,
            "current_ratio": 104.36,
            "debt_ratio": 62,
            "inventory_turnover_ratio": 1.92,
            "account_receivable_turnover_ratio": 0.85,
            "reinvestment_rate": null,
            "research_to_sale_ratio": 1.19,
            "price_fair": 212.8,
            "eps_avg_yearly": 6.08,
            "eps_latest_yearly": 6.08,
            "eps_growth_yearly": 535.38
        },
        "20134": {
            "year_quarter": 20134,
            "year": 2013,
            "quarter": 4,
            "eps": -0.31,
            "eps_growth_year": null,
            "eps_4q": -1.28,
            "eps_4q_growth_year": null,
            "roe": -2.68,
            "roe_4q": -10.349999999999998,
            "gross_profit": 18294,
            "gross_margin": 8.23,
            "gross_margin_4q_avg": 14.21,
            "net_income": -10522,
            "revenue": 222413,
            "common_shares": 335895,
            "book_valuer_per_share": 11.64,
            "book_valuer_per_share_4q_avg": 12.12,
            "equity": 390936,
            "current_ratio": 102.52,
            "debt_ratio": 60.53,
            "inventory_turnover_ratio": 1.78,
            "account_receivable_turnover_ratio": 0.7,
            "reinvestment_rate": 239.82,
            "research_to_sale_ratio": 1.48,
            "price_fair": 212.8,
            "eps_avg_yearly": 6.08,
            "eps_latest_yearly": 6.08,
            "eps_growth_yearly": 535.38
        },
        "20141": {
            "year_quarter": 20141,
            "year": 2014,
            "quarter": 1,
            "eps": 0.01,
            "eps_growth_year": -97.62,
            "eps_4q": -1.66,
            "eps_4q_growth_year": null,
            "roe": 0.08,
            "roe_4q": -13.5,
            "gross_profit": 24181,
            "gross_margin": 12.21,
            "gross_margin_4q_avg": 12.35,
            "net_income": 337,
            "revenue": 197981,
            "common_shares": 343659,
            "book_valuer_per_share": 12.29,
            "book_valuer_per_share_4q_avg": 11.85,
            "equity": 422355,
            "current_ratio": 112.43,
            "debt_ratio": 54.89,
            "inventory_turnover_ratio": 1.59,
            "account_receivable_turnover_ratio": 0.78,
            "reinvestment_rate": 348.68,
            "research_to_sale_ratio": 1.4,
            "price_fair": 212.8,
            "eps_avg_yearly": 6.08,
            "eps_latest_yearly": 6.08,
            "eps_growth_yearly": 535.38
        },
        "20142": {
            "year_quarter": 20142,
            "year": 2014,
            "quarter": 2,
            "eps": -0.27,
            "eps_growth_year": null,
            "eps_4q": -0.19,
            "eps_4q_growth_year": null,
            "roe": -2.18,
            "roe_4q": -1.56,
            "gross_profit": 18392,
            "gross_margin": 10.4,
            "gross_margin_4q_avg": 11.29,
            "net_income": -9356,
            "revenue": 176795,
            "common_shares": 350440,
            "book_valuer_per_share": 12.39,
            "book_valuer_per_share_4q_avg": 12.01,
            "equity": 434116,
            "current_ratio": 127.32,
            "debt_ratio": 50.46,
            "inventory_turnover_ratio": 1.38,
            "account_receivable_turnover_ratio": 0.75,
            "reinvestment_rate": null,
            "research_to_sale_ratio": 0.97,
            "price_fair": 212.8,
            "eps_avg_yearly": 6.08,
            "eps_latest_yearly": 6.08,
            "eps_growth_yearly": 535.38
        },
        "20143": {
            "year_quarter": 20143,
            "year": 2014,
            "quarter": 3,
            "eps": 0.08,
            "eps_growth_year": -78.95,
            "eps_4q": -0.47,
            "eps_4q_growth_year": null,
            "roe": 0.64,
            "roe_4q": -4.140000000000001,
            "gross_profit": 20979,
            "gross_margin": 10.63,
            "gross_margin_4q_avg": 10.37,
            "net_income": 2845,
            "revenue": 197300,
            "common_shares": 353143,
            "book_valuer_per_share": 12.89,
            "book_valuer_per_share_4q_avg": 12.3,
            "equity": 455351,
            "current_ratio": 131.67,
            "debt_ratio": 46.34,
            "inventory_turnover_ratio": 1.67,
            "account_receivable_turnover_ratio": 0.89,
            "reinvestment_rate": null,
            "research_to_sale_ratio": 0.47,
            "price_fair": 212.8,
            "eps_avg_yearly": 6.08,
            "eps_latest_yearly": 6.08,
            "eps_growth_yearly": 535.38
        },
        "20144": {
            "year_quarter": 20144,
            "year": 2014,
            "quarter": 4,
            "eps": -0.73,
            "eps_growth_year": null,
            "eps_4q": -0.9,
            "eps_4q_growth_year": null,
            "roe": -5.69,
            "roe_4q": -7.15,
            "gross_profit": 16464,
            "gross_margin": 10.1,
            "gross_margin_4q_avg": 10.84,
            "net_income": -26987,
            "revenue": 162971,
            "common_shares": 367516,
            "book_valuer_per_share": 13.43,
            "book_valuer_per_share_4q_avg": 12.75,
            "equity": 493464,
            "current_ratio": 155.37,
            "debt_ratio": 39.56,
            "inventory_turnover_ratio": 1.57,
            "account_receivable_turnover_ratio": 0.81,
            "reinvestment_rate": null,
            "research_to_sale_ratio": 0.36,
            "price_fair": 212.8,
            "eps_avg_yearly": 6.08,
            "eps_latest_yearly": 6.08,
            "eps_growth_yearly": 535.38
        },
        "20151": {
            "year_quarter": 20151,
            "year": 2015,
            "quarter": 1,
            "eps": -0.1,
            "eps_growth_year": -1100,
            "eps_4q": -1.01,
            "eps_4q_growth_year": null,
            "roe": -0.78,
            "roe_4q": -8.010000000000002,
            "gross_profit": 29167,
            "gross_margin": 18.64,
            "gross_margin_4q_avg": 12.44,
            "net_income": -3856,
            "revenue": 156507,
            "common_shares": 371644,
            "book_valuer_per_share": 13.22,
            "book_valuer_per_share_4q_avg": 12.98,
            "equity": 491351,
            "current_ratio": 164.71,
            "debt_ratio": 37.04,
            "inventory_turnover_ratio": 1.37,
            "account_receivable_turnover_ratio": 0.88,
            "reinvestment_rate": null,
            "research_to_sale_ratio": 0.19,
            "price_fair": 212.8,
            "eps_avg_yearly": 6.08,
            "eps_latest_yearly": 6.08,
            "eps_growth_yearly": 535.38
        },
        "20152": {
            "year_quarter": 20152,
            "year": 2015,
            "quarter": 2,
            "eps": 0.09,
            "eps_growth_year": null,
            "eps_4q": -0.66,
            "eps_4q_growth_year": null,
            "roe": 0.7,
            "roe_4q": -5.130000000000001,
            "gross_profit": 15319,
            "gross_margin": 10.34,
            "gross_margin_4q_avg": 12.43,
            "net_income": 3433,
            "revenue": 148220,
            "common_shares": 371644,
            "book_valuer_per_share": 13.12,
            "book_valuer_per_share_4q_avg": 13.17,
            "equity": 487573,
            "current_ratio": 173.54,
            "debt_ratio": 34.31,
            "inventory_turnover_ratio": 1.37,
            "account_receivable_turnover_ratio": 0.91,
            "reinvestment_rate": null,
            "research_to_sale_ratio": 0.28,
            "price_fair": 212.8,
            "eps_avg_yearly": 6.08,
            "eps_latest_yearly": 6.08,
            "eps_growth_yearly": 535.38
        },
        "20153": {
            "year_quarter": 20153,
            "year": 2015,
            "quarter": 3,
            "eps": -0.6,
            "eps_growth_year": -850,
            "eps_4q": -1.34,
            "eps_4q_growth_year": null,
            "roe": -4.75,
            "roe_4q": -10.52,
            "gross_profit": 8539,
            "gross_margin": 6.71,
            "gross_margin_4q_avg": 11.45,
            "net_income": -22421,
            "revenue": 127276,
            "common_shares": 371644,
            "book_valuer_per_share": 12.29,
            "book_valuer_per_share_4q_avg": 13.02,
            "equity": 456667,
            "current_ratio": 199.43,
            "debt_ratio": 32.89,
            "inventory_turnover_ratio": 1.22,
            "account_receivable_turnover_ratio": 0.81,
            "reinvestment_rate": null,
            "research_to_sale_ratio": 0.32,
            "price_fair": 0,
            "eps_avg_yearly": 0,
            "eps_latest_yearly": 0,
            "eps_growth_yearly": 0
        },
        "20154": {
            "year_quarter": 20154,
            "year": 2015,
            "quarter": 4,
            "eps": -1.16,
            "eps_growth_year": null,
            "eps_4q": -1.78,
            "eps_4q_growth_year": null,
            "roe": -10.03,
            "roe_4q": -14.86,
            "gross_profit": -10961,
            "gross_margin": -7.62,
            "gross_margin_4q_avg": 7.02,
            "net_income": -43296,
            "revenue": 143913,
            "common_shares": 371644,
            "book_valuer_per_share": 10.94,
            "book_valuer_per_share_4q_avg": 12.39,
            "equity": 406462,
            "current_ratio": 200.77,
            "debt_ratio": 33.93,
            "inventory_turnover_ratio": 1.85,
            "account_receivable_turnover_ratio": 0.93,
            "reinvestment_rate": null,
            "research_to_sale_ratio": 0.22,
            "price_fair": 0,
            "eps_avg_yearly": 0,
            "eps_latest_yearly": 0,
            "eps_growth_yearly": 0
        },
        "20161": {
            "year_quarter": 20161,
            "year": 2016,
            "quarter": 1,
            "eps": -0.61,
            "eps_growth_year": null,
            "eps_4q": -2.28,
            "eps_4q_growth_year": null,
            "roe": -5.64,
            "roe_4q": -19.72,
            "gross_profit": -398,
            "gross_margin": -0.39,
            "gross_margin_4q_avg": 2.26,
            "net_income": -22635,
            "revenue": 101392,
            "common_shares": 371644,
            "book_valuer_per_share": 10.66,
            "book_valuer_per_share_4q_avg": 11.75,
            "equity": 396337,
            "current_ratio": 230.96,
            "debt_ratio": 30.4,
            "inventory_turnover_ratio": 1.45,
            "account_receivable_turnover_ratio": 0.81,
            "reinvestment_rate": null,
            "research_to_sale_ratio": 0.3,
            "price_fair": 0,
            "eps_avg_yearly": 0,
            "eps_latest_yearly": 0,
            "eps_growth_yearly": 0
        },
        "20162": {
            "year_quarter": 20162,
            "year": 2016,
            "quarter": 2,
            "eps": -0.67,
            "eps_growth_year": -844.44,
            "eps_4q": -3.05,
            "eps_4q_growth_year": null,
            "roe": -6.63,
            "roe_4q": -27.049999999999997,
            "gross_profit": 897,
            "gross_margin": 0.72,
            "gross_margin_4q_avg": -0.15,
            "net_income": -25100,
            "revenue": 123884,
            "common_shares": 371644,
            "book_valuer_per_share": 9.72,
            "book_valuer_per_share_4q_avg": 10.9,
            "equity": 361128,
            "current_ratio": 191.77,
            "debt_ratio": 34.55,
            "inventory_turnover_ratio": 1.93,
            "account_receivable_turnover_ratio": 1.24,
            "reinvestment_rate": null,
            "research_to_sale_ratio": 0.11,
            "price_fair": 0,
            "eps_avg_yearly": 0,
            "eps_latest_yearly": 0,
            "eps_growth_yearly": 0
        },
        "20163": {
            "year_quarter": 20163,
            "year": 2016,
            "quarter": 3,
            "eps": -0.27,
            "eps_growth_year": null,
            "eps_4q": -2.72,
            "eps_4q_growth_year": null,
            "roe": -2.93,
            "roe_4q": -25.229999999999997,
            "gross_profit": 13674,
            "gross_margin": 10.01,
            "gross_margin_4q_avg": 0.68,
            "net_income": -10197,
            "revenue": 136619,
            "common_shares": 371644,
            "book_valuer_per_share": 9.03,
            "book_valuer_per_share_4q_avg": 10.09,
            "equity": 335672,
            "current_ratio": 194.45,
            "debt_ratio": 34.53,
            "inventory_turnover_ratio": 2.18,
            "account_receivable_turnover_ratio": 1.2,
            "reinvestment_rate": null,
            "research_to_sale_ratio": 0.09,
            "price_fair": 0,
            "eps_avg_yearly": 0,
            "eps_latest_yearly": 0,
            "eps_growth_yearly": 0
        },
        "20164": {
            "year_quarter": 20164,
            "year": 2016,
            "quarter": 4,
            "eps": -0.19,
            "eps_growth_year": null,
            "eps_4q": -1.75,
            "eps_4q_growth_year": null,
            "roe": -2.21,
            "roe_4q": -17.41,
            "gross_profit": 9391,
            "gross_margin": 6.94,
            "gross_margin_4q_avg": 4.32,
            "net_income": -7241,
            "revenue": 135319,
            "common_shares": 371644,
            "book_valuer_per_share": 8.63,
            "book_valuer_per_share_4q_avg": 9.51,
            "equity": 320790,
            "current_ratio": 181.92,
            "debt_ratio": 36.1,
            "inventory_turnover_ratio": 2.36,
            "account_receivable_turnover_ratio": 1.08,
            "reinvestment_rate": null,
            "research_to_sale_ratio": 0.08,
            "price_fair": 0,
            "eps_avg_yearly": 0,
            "eps_latest_yearly": 0,
            "eps_growth_yearly": 0
        },
        "20171": {
            "year_quarter": 20171,
            "year": 2017,
            "quarter": 1,
            "eps": -0.36,
            "eps_growth_year": null,
            "eps_4q": -1.5,
            "eps_4q_growth_year": null,
            "roe": -4.34,
            "roe_4q": -16.11,
            "gross_profit": 12601,
            "gross_margin": 9.51,
            "gross_margin_4q_avg": 6.8,
            "net_income": -13303,
            "revenue": 132549,
            "common_shares": 371644,
            "book_valuer_per_share": 7.87,
            "book_valuer_per_share_4q_avg": 8.81,
            "equity": 292394,
            "current_ratio": 176.98,
            "debt_ratio": 36.77,
            "inventory_turnover_ratio": 2.44,
            "account_receivable_turnover_ratio": 1.12,
            "reinvestment_rate": null,
            "research_to_sale_ratio": 0.1,
            "price_fair": 0,
            "eps_avg_yearly": 0,
            "eps_latest_yearly": 0,
            "eps_growth_yearly": 0
        },
        "20172": {
            "year_quarter": 20172,
            "year": 2017,
            "quarter": 2,
            "eps": -0.17,
            "eps_growth_year": null,
            "eps_4q": -1,
            "eps_4q_growth_year": null,
            "roe": -2.15,
            "roe_4q": -11.629999999999999,
            "gross_profit": 17981,
            "gross_margin": 12.83,
            "gross_margin_4q_avg": 9.82,
            "net_income": -6275,
            "revenue": 140134,
            "common_shares": 371644,
            "book_valuer_per_share": 7.86,
            "book_valuer_per_share_4q_avg": 8.35,
            "equity": 291969,
            "current_ratio": 170.63,
            "debt_ratio": 37.37,
            "inventory_turnover_ratio": 2.64,
            "account_receivable_turnover_ratio": 1.19,
            "reinvestment_rate": null,
            "research_to_sale_ratio": 0.14,
            "price_fair": 0,
            "eps_avg_yearly": 0,
            "eps_latest_yearly": 0,
            "eps_growth_yearly": 0
        },
        "20173": {
            "year_quarter": 20173,
            "year": 2017,
            "quarter": 3,
            "eps": -0.13,
            "eps_growth_year": null,
            "eps_4q": -0.85,
            "eps_4q_growth_year": null,
            "roe": -1.59,
            "roe_4q": -10.29,
            "gross_profit": 20343,
            "gross_margin": 14.18,
            "gross_margin_4q_avg": 10.87,
            "net_income": -4652,
            "revenue": 143493,
            "common_shares": 371644,
            "book_valuer_per_share": 7.84,
            "book_valuer_per_share_4q_avg": 8.05,
            "equity": 291432,
            "current_ratio": 161.77,
            "debt_ratio": 38.63,
            "inventory_turnover_ratio": 2.45,
            "account_receivable_turnover_ratio": 1.14,
            "reinvestment_rate": null,
            "research_to_sale_ratio": 0.19,
            "price_fair": 0,
            "eps_avg_yearly": 0,
            "eps_latest_yearly": 0,
            "eps_growth_yearly": 0
        },
        "20174": {
            "year_quarter": 20174,
            "year": 2017,
            "quarter": 4,
            "eps": -0.06,
            "eps_growth_year": null,
            "eps_4q": -0.71,
            "eps_4q_growth_year": null,
            "roe": -0.75,
            "roe_4q": -8.83,
            "gross_profit": 20754,
            "gross_margin": 15.49,
            "gross_margin_4q_avg": 13,
            "net_income": -2166,
            "revenue": 134018,
            "common_shares": 371644,
            "book_valuer_per_share": 7.8,
            "book_valuer_per_share_4q_avg": 7.84,
            "equity": 289851,
            "current_ratio": 167.83,
            "debt_ratio": 36.74,
            "inventory_turnover_ratio": 2.06,
            "account_receivable_turnover_ratio": 1.05,
            "reinvestment_rate": null,
            "research_to_sale_ratio": 0.33,
            "price_fair": 0,
            "eps_avg_yearly": 0,
            "eps_latest_yearly": 0,
            "eps_growth_yearly": 0
        },
        "20181": {
            "year_quarter": 20181,
            "year": 2018,
            "quarter": 1,
            "eps": -0.2,
            "eps_growth_year": null,
            "eps_4q": -0.55,
            "eps_4q_growth_year": null,
            "roe": -2.54,
            "roe_4q": -7.029999999999999,
            "gross_profit": 11779,
            "gross_margin": 9.62,
            "gross_margin_4q_avg": 13.03,
            "net_income": -7342,
            "revenue": 122468,
            "common_shares": 371644,
            "book_valuer_per_share": 7.74,
            "book_valuer_per_share_4q_avg": 7.81,
            "equity": 287478,
            "current_ratio": 172.39,
            "debt_ratio": 35.24,
            "inventory_turnover_ratio": 1.99,
            "account_receivable_turnover_ratio": 1.08,
            "reinvestment_rate": null,
            "research_to_sale_ratio": 0.32,
            "price_fair": 0,
            "eps_avg_yearly": 0,
            "eps_latest_yearly": 0,
            "eps_growth_yearly": 0
        },
        "20182": {
            "year_quarter": 20182,
            "year": 2018,
            "quarter": 2,
            "eps": 0.1,
            "eps_growth_year": null,
            "eps_4q": -0.28,
            "eps_4q_growth_year": null,
            "roe": 1.25,
            "roe_4q": -3.63,
            "gross_profit": 20108,
            "gross_margin": 12.28,
            "gross_margin_4q_avg": 12.89,
            "net_income": 3631,
            "revenue": 163794,
            "common_shares": 371644,
            "book_valuer_per_share": 7.84,
            "book_valuer_per_share_4q_avg": 7.81,
            "equity": 291213,
            "current_ratio": 152.72,
            "debt_ratio": 38.74,
            "inventory_turnover_ratio": 2.67,
            "account_receivable_turnover_ratio": 1.5,
            "reinvestment_rate": null,
            "research_to_sale_ratio": 0.21,
            "price_fair": 0,
            "eps_avg_yearly": 0,
            "eps_latest_yearly": 0,
            "eps_growth_yearly": 0
        },
        "20183": {
            "year_quarter": 20183,
            "year": 2018,
            "quarter": 3,
            "eps": 0.1,
            "eps_growth_year": null,
            "eps_4q": -0.05,
            "eps_4q_growth_year": null,
            "roe": 1.33,
            "roe_4q": -0.71,
            "gross_profit": 24749,
            "gross_margin": 14.13,
            "gross_margin_4q_avg": 12.88,
            "net_income": 3847,
            "revenue": 175108,
            "common_shares": 371644,
            "book_valuer_per_share": 7.71,
            "book_valuer_per_share_4q_avg": 7.77,
            "equity": 286565,
            "current_ratio": 170.44,
            "debt_ratio": 37.95,
            "inventory_turnover_ratio": 2.86,
            "account_receivable_turnover_ratio": 1.4,
            "reinvestment_rate": null,
            "research_to_sale_ratio": 0.22,
            "price_fair": 4,
            "eps_avg_yearly": 0.4,
            "eps_latest_yearly": 0.4,
            "eps_growth_yearly": 0
        },
        "20184": {
            "year_quarter": 20184,
            "year": 2018,
            "quarter": 4,
            "eps": 0.09,
            "eps_growth_year": null,
            "eps_4q": 0.09,
            "eps_4q_growth_year": null,
            "roe": 1.11,
            "roe_4q": 1.1500000000000004,
            "gross_profit": 28236,
            "gross_margin": 18.04,
            "gross_margin_4q_avg": 13.52,
            "net_income": 3204,
            "revenue": 156540,
            "common_shares": 371644,
            "book_valuer_per_share": 7.82,
            "book_valuer_per_share_4q_avg": 7.78,
            "equity": 290739,
            "current_ratio": 183.92,
            "debt_ratio": 34.82,
            "inventory_turnover_ratio": 2.47,
            "account_receivable_turnover_ratio": 1.27,
            "reinvestment_rate": null,
            "research_to_sale_ratio": 0.23,
            "price_fair": 1.14,
            "eps_avg_yearly": 0.38,
            "eps_latest_yearly": 0.36,
            "eps_growth_yearly": -20
        },
        "20191": {
            "year_quarter": 20191,
            "year": 2019,
            "quarter": 1,
            "eps": -0.07,
            "eps_growth_year": null,
            "eps_4q": 0.21,
            "eps_4q_growth_year": null,
            "roe": -0.93,
            "roe_4q": 2.7600000000000002,
            "gross_profit": 26543,
            "gross_margin": 16.84,
            "gross_margin_4q_avg": 15.32,
            "net_income": -2712,
            "revenue": 157580,
            "common_shares": 371644,
            "book_valuer_per_share": 7.94,
            "book_valuer_per_share_4q_avg": 7.83,
            "equity": 295226,
            "current_ratio": 158.81,
            "debt_ratio": 42.09,
            "inventory_turnover_ratio": 2.7,
            "account_receivable_turnover_ratio": 1.33,
            "reinvestment_rate": null,
            "research_to_sale_ratio": 0.24,
            "price_fair": 1.14,
            "eps_avg_yearly": 0.38,
            "eps_latest_yearly": 0.36,
            "eps_growth_yearly": -20
        },
        "20192": {
            "year_quarter": 20192,
            "year": 2019,
            "quarter": 2,
            "eps": 0.02,
            "eps_growth_year": -80,
            "eps_4q": 0.14,
            "eps_4q_growth_year": null,
            "roe": 0.23,
            "roe_4q": 1.7400000000000002,
            "gross_profit": 25106,
            "gross_margin": 17.47,
            "gross_margin_4q_avg": 16.62,
            "net_income": 679,
            "revenue": 143697,
            "common_shares": 371644,
            "book_valuer_per_share": 7.87,
            "book_valuer_per_share_4q_avg": 7.84,
            "equity": 292304,
            "current_ratio": 172,
            "debt_ratio": 40.99,
            "inventory_turnover_ratio": 2.78,
            "account_receivable_turnover_ratio": 1.14,
            "reinvestment_rate": null,
            "research_to_sale_ratio": 0.23,
            "price_fair": 1.14,
            "eps_avg_yearly": 0.38,
            "eps_latest_yearly": 0.36,
            "eps_growth_yearly": -20
        },
        "20193": {
            "year_quarter": 20193,
            "year": 2019,
            "quarter": 3,
            "eps": 0.11,
            "eps_growth_year": 10,
            "eps_4q": 0.14,
            "eps_4q_growth_year": null,
            "roe": 1.39,
            "roe_4q": 1.7999999999999998,
            "gross_profit": 28894,
            "gross_margin": 18.05,
            "gross_margin_4q_avg": 17.6,
            "net_income": 4027,
            "revenue": 160096,
            "common_shares": 371644,
            "book_valuer_per_share": 7.76,
            "book_valuer_per_share_4q_avg": 7.85,
            "equity": 288517,
            "current_ratio": 172.16,
            "debt_ratio": 41.64,
            "inventory_turnover_ratio": 3.1,
            "account_receivable_turnover_ratio": 1.21,
            "reinvestment_rate": null,
            "research_to_sale_ratio": 0.24,
            "price_fair": 14,
            "eps_avg_yearly": 0.4,
            "eps_latest_yearly": 0.44,
            "eps_growth_yearly": 586.67
        },
        "20194": {
            "year_quarter": 20194,
            "year": 2019,
            "quarter": 4,
            "eps": -0.05,
            "eps_growth_year": -159.49,
            "eps_4q": 0,
            "eps_4q_growth_year": -97.37,
            "roe": -0.67,
            "roe_4q": 0.019999999999999796,
            "gross_profit": 34918,
            "gross_margin": 18.16,
            "gross_margin_4q_avg": 17.63,
            "net_income": -1906,
            "revenue": 192302,
            "common_shares": 371644,
            "book_valuer_per_share": 7.62,
            "book_valuer_per_share_4q_avg": 7.8,
            "equity": 283259,
            "current_ratio": 163.12,
            "debt_ratio": 44.46,
            "inventory_turnover_ratio": 3.31,
            "account_receivable_turnover_ratio": 1.38,
            "reinvestment_rate": null,
            "research_to_sale_ratio": 1.4,
            "price_fair": 14,
            "eps_avg_yearly": 0.4,
            "eps_latest_yearly": 0.44,
            "eps_growth_yearly": 586.67
        },
        "20201": {
            "year_quarter": 20201,
            "year": 2020,
            "quarter": 1,
            "eps": 0.12,
            "eps_growth_year": null,
            "eps_4q": 0.2,
            "eps_4q_growth_year": -6.75,
            "roe": 1.64,
            "roe_4q": 2.59,
            "gross_profit": 29789,
            "gross_margin": 21.15,
            "gross_margin_4q_avg": 18.71,
            "net_income": 4632,
            "revenue": 140824,
            "common_shares": 371644,
            "book_valuer_per_share": 7.6,
            "book_valuer_per_share_4q_avg": 7.71,
            "equity": 282449,
            "current_ratio": 172.6,
            "debt_ratio": 42.31,
            "inventory_turnover_ratio": 2.21,
            "account_receivable_turnover_ratio": 1.08,
            "reinvestment_rate": null,
            "research_to_sale_ratio": 2.49,
            "price_fair": 14,
            "eps_avg_yearly": 0.4,
            "eps_latest_yearly": 0.44,
            "eps_growth_yearly": 586.67
        },
        "20202": {
            "year_quarter": 20202,
            "year": 2020,
            "quarter": 2,
            "eps": 0.4,
            "eps_growth_year": 1900,
            "eps_4q": 0.58,
            "eps_4q_growth_year": 327.14,
            "roe": 5.12,
            "roe_4q": 7.4799999999999995,
            "gross_profit": 40668,
            "gross_margin": 31.55,
            "gross_margin_4q_avg": 22.23,
            "net_income": 14681,
            "revenue": 128880,
            "common_shares": 371644,
            "book_valuer_per_share": 7.82,
            "book_valuer_per_share_4q_avg": 7.7,
            "equity": 290628,
            "current_ratio": 191.22,
            "debt_ratio": 38.35,
            "inventory_turnover_ratio": 1.66,
            "account_receivable_turnover_ratio": 1.07,
            "reinvestment_rate": null,
            "research_to_sale_ratio": 2.99,
            "price_fair": 24.5,
            "eps_avg_yearly": 0.7,
            "eps_latest_yearly": 1.6,
            "eps_growth_yearly": 673.33
        },
        "20203": {
            "year_quarter": 20203,
            "year": 2020,
            "quarter": 3,
            "eps": 0.28,
            "eps_growth_year": 154.55,
            "eps_4q": 0.75,
            "eps_4q_growth_year": 437.32,
            "roe": 3.52,
            "roe_4q": 9.610000000000001,
            "gross_profit": 45859,
            "gross_margin": 25.89,
            "gross_margin_4q_avg": 24.19,
            "net_income": 10523,
            "revenue": 177140,
            "common_shares": 371644,
            "book_valuer_per_share": 8.25,
            "book_valuer_per_share_4q_avg": 7.82,
            "equity": 306781,
            "current_ratio": 174.64,
            "debt_ratio": 39.82,
            "inventory_turnover_ratio": 2.24,
            "account_receivable_turnover_ratio": 1.25,
            "reinvestment_rate": null,
            "research_to_sale_ratio": 1.85,
            "price_fair": 27.44,
            "eps_avg_yearly": 0.78,
            "eps_latest_yearly": 1.12,
            "eps_growth_yearly": 514.67
        },
        "20204": {
            "year_quarter": 20204,
            "year": 2020,
            "quarter": 4,
            "eps": 0.14,
            "eps_growth_year": null,
            "eps_4q": 0.94,
            "eps_4q_growth_year": 39790.79,
            "roe": 1.7,
            "roe_4q": 11.98,
            "gross_profit": 42594,
            "gross_margin": 29.97,
            "gross_margin_4q_avg": 27.14,
            "net_income": 5270,
            "revenue": 142127,
            "common_shares": 371644,
            "book_valuer_per_share": 8.45,
            "book_valuer_per_share_4q_avg": 8.03,
            "equity": 313902,
            "current_ratio": 169.42,
            "debt_ratio": 41.35,
            "inventory_turnover_ratio": 1.68,
            "account_receivable_turnover_ratio": 0.8,
            "reinvestment_rate": -920.99,
            "research_to_sale_ratio": 6.47,
            "price_fair": 26.13,
            "eps_avg_yearly": 0.75,
            "eps_latest_yearly": 0.56,
            "eps_growth_yearly": 395.56
        },
        "20211": {
            "year_quarter": 20211,
            "year": 2021,
            "quarter": 1,
            "eps": 0.23,
            "eps_growth_year": 91.67,
            "eps_4q": 1.05,
            "eps_4q_growth_year": 425.38,
            "roe": 2.69,
            "roe_4q": 13.030000000000001,
            "gross_profit": 35025,
            "gross_margin": 27.3,
            "gross_margin_4q_avg": 28.68,
            "net_income": 8572,
            "revenue": 128296,
            "common_shares": 371644,
            "book_valuer_per_share": 8.71,
            "book_valuer_per_share_4q_avg": 8.31,
            "equity": 323599,
            "current_ratio": 195.02,
            "debt_ratio": 35.14,
            "inventory_turnover_ratio": 1.48,
            "account_receivable_turnover_ratio": 0.76,
            "reinvestment_rate": -271.97,
            "research_to_sale_ratio": 3.77,
            "price_fair": 27,
            "eps_avg_yearly": 0.77,
            "eps_latest_yearly": 0.92,
            "eps_growth_yearly": 375.78
        },
        "20212": {
            "year_quarter": 20212,
            "year": 2021,
            "quarter": 2,
            "eps": 0.05,
            "eps_growth_year": -87.5,
            "eps_4q": 0.71,
            "eps_4q_growth_year": 22.76,
            "roe": 0.6,
            "roe_4q": 8.51,
            "gross_profit": 31561,
            "gross_margin": 30.67,
            "gross_margin_4q_avg": 28.46,
            "net_income": 1948,
            "revenue": 102901,
            "common_shares": 371644,
            "book_valuer_per_share": 8.68,
            "book_valuer_per_share_4q_avg": 8.52,
            "equity": 322622,
            "current_ratio": 171.82,
            "debt_ratio": 36.46,
            "inventory_turnover_ratio": 0.97,
            "account_receivable_turnover_ratio": 0.84,
            "reinvestment_rate": -179.3,
            "research_to_sale_ratio": 5.16,
            "price_fair": 24.5,
            "eps_avg_yearly": 0.7,
            "eps_latest_yearly": 0.2,
            "eps_growth_yearly": 289.68
        },
        "20213": {
            "year_quarter": 20213,
            "year": 2021,
            "quarter": 3,
            "eps": 0.27,
            "eps_growth_year": -3.57,
            "eps_4q": 0.69,
            "eps_4q_growth_year": -7.98,
            "roe": 3.03,
            "roe_4q": 8.02,
            "gross_profit": 37604,
            "gross_margin": 28.38,
            "gross_margin_4q_avg": 29.08,
            "net_income": 9910,
            "revenue": 132511,
            "common_shares": 371644,
            "book_valuer_per_share": 8.92,
            "book_valuer_per_share_4q_avg": 8.69,
            "equity": 331464,
            "current_ratio": 136.38,
            "debt_ratio": 38.59,
            "inventory_turnover_ratio": 1.22,
            "account_receivable_turnover_ratio": 1.29,
            "reinvestment_rate": -9.73,
            "research_to_sale_ratio": 3.95,
            "price_fair": 25.98,
            "eps_avg_yearly": 0.74,
            "eps_latest_yearly": 1.08,
            "eps_growth_yearly": 453.05
        },
        "20214": {
            "year_quarter": 20214,
            "year": 2021,
            "quarter": 4,
            "eps": 0.43,
            "eps_growth_year": 200.19,
            "eps_4q": 0.98,
            "eps_4q_growth_year": 3.26,
            "roe": 4.64,
            "roe_4q": 10.959999999999999,
            "gross_profit": 45758,
            "gross_margin": 25.2,
            "gross_margin_4q_avg": 27.89,
            "net_income": 15820,
            "revenue": 181543,
            "common_shares": 371644,
            "book_valuer_per_share": 9.41,
            "book_valuer_per_share_4q_avg": 8.93,
            "equity": 349709,
            "current_ratio": 143.35,
            "debt_ratio": 37.78,
            "inventory_turnover_ratio": 1.72,
            "account_receivable_turnover_ratio": 1.6,
            "reinvestment_rate": -8.5,
            "research_to_sale_ratio": 3.13,
            "price_fair": 29.4,
            "eps_avg_yearly": 0.84,
            "eps_latest_yearly": 1.72,
            "eps_growth_yearly": 431.45
        },
        "20221": {
            "year_quarter": 20221,
            "year": 2022,
            "quarter": 1,
            "eps": 0.34,
            "eps_growth_year": 47.83,
            "eps_4q": 1.08,
            "eps_4q_growth_year": 3.17,
            "roe": 3.48,
            "roe_4q": 11.749999999999998,
            "gross_profit": 48156,
            "gross_margin": 26.53,
            "gross_margin_4q_avg": 27.7,
            "net_income": 12606,
            "revenue": 181512,
            "common_shares": 371644,
            "book_valuer_per_share": 10.06,
            "book_valuer_per_share_4q_avg": 9.27,
            "equity": 373802,
            "current_ratio": 121.23,
            "debt_ratio": 42.29,
            "inventory_turnover_ratio": 1.72,
            "account_receivable_turnover_ratio": 1.54,
            "reinvestment_rate": 43.82,
            "research_to_sale_ratio": 2.81,
            "price_fair": 31.05,
            "eps_avg_yearly": 0.89,
            "eps_latest_yearly": 1.36,
            "eps_growth_yearly": 384.61
        },
        "20222": {
            "year_quarter": 20222,
            "year": 2022,
            "quarter": 2,
            "eps": 0.09,
            "eps_growth_year": 80,
            "eps_4q": 1.12,
            "eps_4q_growth_year": 58.14,
            "roe": 0.88,
            "roe_4q": 12.03,
            "gross_profit": 30858,
            "gross_margin": 24.38,
            "gross_margin_4q_avg": 26.12,
            "net_income": 3276,
            "revenue": 126587,
            "common_shares": 371644,
            "book_valuer_per_share": 9.99,
            "book_valuer_per_share_4q_avg": 9.6,
            "equity": 371336,
            "current_ratio": 111.33,
            "debt_ratio": 40.95,
            "inventory_turnover_ratio": 1.34,
            "account_receivable_turnover_ratio": 1.16,
            "reinvestment_rate": 58.41,
            "research_to_sale_ratio": 3.7,
            "price_fair": 29.52,
            "eps_avg_yearly": 0.84,
            "eps_latest_yearly": 0.36,
            "eps_growth_yearly": 328.05
        },
        "20223": {
            "year_quarter": 20223,
            "year": 2022,
            "quarter": 3,
            "eps": 0.33,
            "eps_growth_year": 22.22,
            "eps_4q": 1.18,
            "eps_4q_growth_year": 70.97,
            "roe": 3.23,
            "roe_4q": 12.23,
            "gross_profit": 38405,
            "gross_margin": 24.2,
            "gross_margin_4q_avg": 25.08,
            "net_income": 12238,
            "revenue": 158687,
            "common_shares": 371644,
            "book_valuer_per_share": 10.41,
            "book_valuer_per_share_4q_avg": 9.97,
            "equity": 386807,
            "current_ratio": 81.03,
            "debt_ratio": 50.01,
            "inventory_turnover_ratio": 1.51,
            "account_receivable_turnover_ratio": 1.45,
            "reinvestment_rate": 186.96,
            "research_to_sale_ratio": 3.56,
            "price_fair": 32.2,
            "eps_avg_yearly": 0.92,
            "eps_latest_yearly": 1.32,
            "eps_growth_yearly": 416.94
        },
        "20224": {
            "year_quarter": 20224,
            "year": 2022,
            "quarter": 4,
            "eps": 0.12,
            "eps_growth_year": -71.67,
            "eps_4q": 0.88,
            "eps_4q_growth_year": -10.06,
            "roe": 1.15,
            "roe_4q": 8.74,
            "gross_profit": 50804,
            "gross_margin": 23.47,
            "gross_margin_4q_avg": 24.65,
            "net_income": 4482,
            "revenue": 216493,
            "common_shares": 371644,
            "book_valuer_per_share": 10.5,
            "book_valuer_per_share_4q_avg": 10.24,
            "equity": 390116,
            "current_ratio": 86.73,
            "debt_ratio": 49.33,
            "inventory_turnover_ratio": 2.01,
            "account_receivable_turnover_ratio": 1.98,
            "reinvestment_rate": 185.37,
            "research_to_sale_ratio": 2.19,
            "price_fair": 32.55,
            "eps_avg_yearly": 0.93,
            "eps_latest_yearly": 0.48,
            "eps_growth_yearly": 399.06
        },
        "20231": {
            "year_quarter": 20231,
            "year": 2023,
            "quarter": 1,
            "eps": -0.16,
            "eps_growth_year": -147.06,
            "eps_4q": 0.38,
            "eps_4q_growth_year": -65.23,
            "roe": -1.55,
            "roe_4q": 3.71,
            "gross_profit": 25106,
            "gross_margin": 20.42,
            "gross_margin_4q_avg": 23.12,
            "net_income": -5989,
            "revenue": 122969,
            "common_shares": 371644,
            "book_valuer_per_share": 10.33,
            "book_valuer_per_share_4q_avg": 10.31,
            "equity": 383777,
            "current_ratio": 93.2,
            "debt_ratio": 52.03,
            "inventory_turnover_ratio": 1.29,
            "account_receivable_turnover_ratio": 1.19,
            "reinvestment_rate": 209.15,
            "research_to_sale_ratio": 3.66,
            "price_fair": 32.55,
            "eps_avg_yearly": 0.93,
            "eps_latest_yearly": 0.48,
            "eps_growth_yearly": 399.06
        }
    },
    "months": {
        "2011-07": {
            "month": "2011-07",
            "price": "29.94",
            "revenue": 119624
        },
        "2011-08": {
            "month": "2011-08",
            "price": "30.39",
            "revenue": 124127
        },
        "2011-09": {
            "month": "2011-09",
            "price": "29.51",
            "revenue": 160409
        },
        "2011-10": {
            "month": "2011-10",
            "price": "33.16",
            "revenue": 106401
        },
        "2011-11": {
            "month": "2011-11",
            "price": "42.55",
            "revenue": 102418
        },
        "2011-12": {
            "month": "2011-12",
            "price": "41.57",
            "revenue": 79386
        },
        "2012-01": {
            "month": "2012-01",
            "price": "44.42",
            "revenue": 89492
        },
        "2012-02": {
            "month": "2012-02",
            "price": "43.16",
            "revenue": 75377
        },
        "2012-03": {
            "month": "2012-03",
            "price": "42.35",
            "revenue": 91715
        },
        "2012-04": {
            "month": "2012-04",
            "price": "31.45",
            "revenue": 99257
        },
        "2012-05": {
            "month": "2012-05",
            "price": "31.68",
            "revenue": 106218
        },
        "2012-06": {
            "month": "2012-06",
            "price": "30.77",
            "revenue": 115574
        },
        "2012-07": {
            "month": "2012-07",
            "price": "30.95",
            "revenue": 104195
        },
        "2012-08": {
            "month": "2012-08",
            "price": "32.15",
            "revenue": 115454
        },
        "2012-09": {
            "month": "2012-09",
            "price": "33.32",
            "revenue": 100866
        },
        "2012-10": {
            "month": "2012-10",
            "price": "30.87",
            "revenue": 107381
        },
        "2012-11": {
            "month": "2012-11",
            "price": "27.81",
            "revenue": 93481
        },
        "2012-12": {
            "month": "2012-12",
            "price": "25.83",
            "revenue": 60139
        },
        "2013-01": {
            "month": "2013-01",
            "price": "23.17",
            "revenue": 100573
        },
        "2013-02": {
            "month": "2013-02",
            "price": "24.11",
            "revenue": 84655
        },
        "2013-03": {
            "month": "2013-03",
            "price": "23.30",
            "revenue": 93110
        },
        "2013-04": {
            "month": "2013-04",
            "price": "23.08",
            "revenue": 102777
        },
        "2013-05": {
            "month": "2013-05",
            "price": "23.61",
            "revenue": 97500
        },
        "2013-06": {
            "month": "2013-06",
            "price": "23.58",
            "revenue": 72276
        },
        "2013-07": {
            "month": "2013-07",
            "price": "22.10",
            "revenue": 104694
        },
        "2013-08": {
            "month": "2013-08",
            "price": "20.05",
            "revenue": 83713
        },
        "2013-09": {
            "month": "2013-09",
            "price": "19.50",
            "revenue": 127803
        },
        "2013-10": {
            "month": "2013-10",
            "price": "22.38",
            "revenue": 67143
        },
        "2013-11": {
            "month": "2013-11",
            "price": "25.74",
            "revenue": 72846
        },
        "2013-12": {
            "month": "2013-12",
            "price": "31.47",
            "revenue": 101059
        },
        "2014-01": {
            "month": "2014-01",
            "price": "36.77",
            "revenue": 78341
        },
        "2014-02": {
            "month": "2014-02",
            "price": "40.01",
            "revenue": 69086
        },
        "2014-03": {
            "month": "2014-03",
            "price": "38.21",
            "revenue": 55991
        },
        "2014-04": {
            "month": "2014-04",
            "price": "33.57",
            "revenue": 56355
        },
        "2014-05": {
            "month": "2014-05",
            "price": "33.17",
            "revenue": 61549
        },
        "2014-06": {
            "month": "2014-06",
            "price": "32.15",
            "revenue": 55133
        },
        "2014-07": {
            "month": "2014-07",
            "price": "36.77",
            "revenue": 59042
        },
        "2014-08": {
            "month": "2014-08",
            "price": "38.27",
            "revenue": 58502
        },
        "2014-09": {
            "month": "2014-09",
            "price": "39.12",
            "revenue": 72357
        },
        "2014-10": {
            "month": "2014-10",
            "price": "41.64",
            "revenue": 57509
        },
        "2014-11": {
            "month": "2014-11",
            "price": "42.49",
            "revenue": 53533
        },
        "2014-12": {
            "month": "2014-12",
            "price": "48.42",
            "revenue": 54008
        },
        "2015-01": {
            "month": "2015-01",
            "price": "48.01",
            "revenue": 53867
        },
        "2015-02": {
            "month": "2015-02",
            "price": "47.27",
            "revenue": 41212
        },
        "2015-03": {
            "month": "2015-03",
            "price": "44.37",
            "revenue": 62170
        },
        "2015-04": {
            "month": "2015-04",
            "price": "45.45",
            "revenue": 43008
        },
        "2015-05": {
            "month": "2015-05",
            "price": "46.58",
            "revenue": 42510
        },
        "2015-06": {
            "month": "2015-06",
            "price": "47.49",
            "revenue": 62230
        },
        "2015-07": {
            "month": "2015-07",
            "price": "34.94",
            "revenue": 43687
        },
        "2015-08": {
            "month": "2015-08",
            "price": "7.93",
            "revenue": 43367
        },
        "2015-09": {
            "month": "2015-09",
            "price": "7.42",
            "revenue": 42094
        },
        "2015-10": {
            "month": "2015-10",
            "price": "6.19",
            "revenue": 47714
        },
        "2015-11": {
            "month": "2015-11",
            "price": "6.76",
            "revenue": 40504
        },
        "2015-12": {
            "month": "2015-12",
            "price": "7.34",
            "revenue": 43993
        },
        "2016-01": {
            "month": "2016-01",
            "price": "7.34",
            "revenue": 42122
        },
        "2016-02": {
            "month": "2016-02",
            "price": "6.78",
            "revenue": 24055
        },
        "2016-03": {
            "month": "2016-03",
            "price": "7.12",
            "revenue": 36415
        },
        "2016-04": {
            "month": "2016-04",
            "price": "6.54",
            "revenue": 39253
        },
        "2016-05": {
            "month": "2016-05",
            "price": "5.99",
            "revenue": 39545
        },
        "2016-06": {
            "month": "2016-06",
            "price": "6.15",
            "revenue": 35782
        },
        "2016-07": {
            "month": "2016-07",
            "price": "6.01",
            "revenue": 49074
        },
        "2016-08": {
            "month": "2016-08",
            "price": "6.07",
            "revenue": 44090
        },
        "2016-09": {
            "month": "2016-09",
            "price": "6.15",
            "revenue": 50761
        },
        "2016-10": {
            "month": "2016-10",
            "price": "8.86",
            "revenue": 42025
        },
        "2016-11": {
            "month": "2016-11",
            "price": "9.06",
            "revenue": 52701
        },
        "2016-12": {
            "month": "2016-12",
            "price": "10.19",
            "revenue": 42778
        },
        "2017-01": {
            "month": "2017-01",
            "price": "9.44",
            "revenue": 38721
        },
        "2017-02": {
            "month": "2017-02",
            "price": "8.97",
            "revenue": 31922
        },
        "2017-03": {
            "month": "2017-03",
            "price": "9.00",
            "revenue": 59596
        },
        "2017-04": {
            "month": "2017-04",
            "price": "8.88",
            "revenue": 46333
        },
        "2017-05": {
            "month": "2017-05",
            "price": "8.90",
            "revenue": 46901
        },
        "2017-06": {
            "month": "2017-06",
            "price": "11.22",
            "revenue": 47076
        },
        "2017-07": {
            "month": "2017-07",
            "price": "9.76",
            "revenue": 49692
        },
        "2017-08": {
            "month": "2017-08",
            "price": "8.96",
            "revenue": 47195
        },
        "2017-09": {
            "month": "2017-09",
            "price": "9.00",
            "revenue": 47335
        },
        "2017-10": {
            "month": "2017-10",
            "price": "8.89",
            "revenue": 44326
        },
        "2017-11": {
            "month": "2017-11",
            "price": "8.80",
            "revenue": 45374
        },
        "2017-12": {
            "month": "2017-12",
            "price": "9.38",
            "revenue": 44601
        },
        "2018-01": {
            "month": "2018-01",
            "price": "10.33",
            "revenue": 50314
        },
        "2018-02": {
            "month": "2018-02",
            "price": "9.53",
            "revenue": 28290
        },
        "2018-03": {
            "month": "2018-03",
            "price": "9.37",
            "revenue": 42307
        },
        "2018-04": {
            "month": "2018-04",
            "price": "9.52",
            "revenue": 46108
        },
        "2018-05": {
            "month": "2018-05",
            "price": "8.30",
            "revenue": 54939
        },
        "2018-06": {
            "month": "2018-06",
            "price": "9.03",
            "revenue": 62381
        },
        "2018-07": {
            "month": "2018-07",
            "price": "8.63",
            "revenue": 63227
        },
        "2018-08": {
            "month": "2018-08",
            "price": "9.03",
            "revenue": 64607
        },
        "2018-09": {
            "month": "2018-09",
            "price": "8.99",
            "revenue": 46492
        },
        "2018-10": {
            "month": "2018-10",
            "price": "8.83",
            "revenue": 51421
        },
        "2018-11": {
            "month": "2018-11",
            "price": "8.85",
            "revenue": 57835
        },
        "2018-12": {
            "month": "2018-12",
            "price": "8.80",
            "revenue": 49845
        },
        "2019-01": {
            "month": "2019-01",
            "price": "8.71",
            "revenue": 70569
        },
        "2019-02": {
            "month": "2019-02",
            "price": "9.01",
            "revenue": 38796
        },
        "2019-03": {
            "month": "2019-03",
            "price": "8.99",
            "revenue": 47647
        },
        "2019-04": {
            "month": "2019-04",
            "price": "9.35",
            "revenue": 46026
        },
        "2019-05": {
            "month": "2019-05",
            "price": "10.21",
            "revenue": 51901
        },
        "2019-06": {
            "month": "2019-06",
            "price": "9.29",
            "revenue": 45048
        },
        "2019-07": {
            "month": "2019-07",
            "price": "9.15",
            "revenue": 64792
        },
        "2019-08": {
            "month": "2019-08",
            "price": "9.01",
            "revenue": 47132
        },
        "2019-09": {
            "month": "2019-09",
            "price": "9.01",
            "revenue": 48529
        },
        "2019-10": {
            "month": "2019-10",
            "price": "9.09",
            "revenue": 60410
        },
        "2019-11": {
            "month": "2019-11",
            "price": "9.17",
            "revenue": 58576
        },
        "2019-12": {
            "month": "2019-12",
            "price": "8.96",
            "revenue": 83525
        },
        "2020-01": {
            "month": "2020-01",
            "price": "8.84",
            "revenue": 43454
        },
        "2020-02": {
            "month": "2020-02",
            "price": "7.91",
            "revenue": 22355
        },
        "2020-03": {
            "month": "2020-03",
            "price": "6.70",
            "revenue": 81652
        },
        "2020-04": {
            "month": "2020-04",
            "price": "5.85",
            "revenue": 36342
        },
        "2020-05": {
            "month": "2020-05",
            "price": "6.48",
            "revenue": 44775
        },
        "2020-06": {
            "month": "2020-06",
            "price": "6.79",
            "revenue": 45357
        },
        "2020-07": {
            "month": "2020-07",
            "price": "7.02",
            "revenue": 57788
        },
        "2020-08": {
            "month": "2020-08",
            "price": "8.33",
            "revenue": 67538
        },
        "2020-09": {
            "month": "2020-09",
            "price": "13.47",
            "revenue": 49116
        },
        "2020-10": {
            "month": "2020-10",
            "price": "14.57",
            "revenue": 38580
        },
        "2020-11": {
            "month": "2020-11",
            "price": "12.51",
            "revenue": 44214
        },
        "2020-12": {
            "month": "2020-12",
            "price": "13.50",
            "revenue": 87015
        },
        "2021-01": {
            "month": "2021-01",
            "price": "16.82",
            "revenue": 39381
        },
        "2021-02": {
            "month": "2021-02",
            "price": "19.94",
            "revenue": 47871
        },
        "2021-03": {
            "month": "2021-03",
            "price": "22.95",
            "revenue": 44117
        },
        "2021-04": {
            "month": "2021-04",
            "price": "20.12",
            "revenue": 36254
        },
        "2021-05": {
            "month": "2021-05",
            "price": "15.94",
            "revenue": 37638
        },
        "2021-06": {
            "month": "2021-06",
            "price": "15.40",
            "revenue": 34919
        },
        "2021-07": {
            "month": "2021-07",
            "price": "14.65",
            "revenue": 32418
        },
        "2021-08": {
            "month": "2021-08",
            "price": "14.04",
            "revenue": 61503
        },
        "2021-09": {
            "month": "2021-09",
            "price": "13.84",
            "revenue": 38924
        },
        "2021-10": {
            "month": "2021-10",
            "price": "13.82",
            "revenue": 47634
        },
        "2021-11": {
            "month": "2021-11",
            "price": "13.82",
            "revenue": 78099
        },
        "2021-12": {
            "month": "2021-12",
            "price": "14.91",
            "revenue": 58786
        },
        "2022-01": {
            "month": "2022-01",
            "price": "15.01",
            "revenue": 85262
        },
        "2022-02": {
            "month": "2022-02",
            "price": "15.62",
            "revenue": 29952
        },
        "2022-03": {
            "month": "2022-03",
            "price": "14.45",
            "revenue": 72699
        },
        "2022-04": {
            "month": "2022-04",
            "price": "13.16",
            "revenue": 37094
        },
        "2022-05": {
            "month": "2022-05",
            "price": "13.17",
            "revenue": 36599
        },
        "2022-06": {
            "month": "2022-06",
            "price": "14.16",
            "revenue": 53778
        },
        "2022-07": {
            "month": "2022-07",
            "price": "13.83",
            "revenue": 47304
        },
        "2022-08": {
            "month": "2022-08",
            "price": "14.01",
            "revenue": 64620
        },
        "2022-09": {
            "month": "2022-09",
            "price": "13.80",
            "revenue": 46977
        },
        "2022-10": {
            "month": "2022-10",
            "price": "13.64",
            "revenue": 101238
        },
        "2022-11": {
            "month": "2022-11",
            "price": "15.01",
            "revenue": 93518
        },
        "2022-12": {
            "month": "2022-12",
            "price": "15.18",
            "revenue": 45812
        },
        "2023-01": {
            "month": "2023-01",
            "price": "14.26",
            "revenue": 37008
        },
        "2023-02": {
            "month": "2023-02",
            "price": "13.78",
            "revenue": 39902
        },
        "2023-03": {
            "month": "2023-03",
            "price": "13.70",
            "revenue": 43744
        },
        "2023-04": {
            "month": "2023-04",
            "price": "13.18",
            "revenue": 36276
        }
    }
}
