{
    "summary": {
        "stock_name": "泰鼎-KY",
        "stock_id": "4927",
        "category": "電子零組件",
        "main_business": "雙面與多層印刷電路板之製造與銷售",
        "website_url": "http://www.apex-intl.com.tw",
        "ceo": "周瑞祥",
        "pe_ratio": 32,
        "report_year_from": 2008,
        "report_year_to": 2023,
        "age": 15,
        "eps_negative_percentage": 7,
        "eps_growth_avg": {
            "last_all": 6.68,
            "last_2y": 6.31,
            "last_4y": 20.57,
            "last_8y": -0.16,
            "last_12y": null,
            "last_16y": null,
            "last_20y": null,
            "at_2006_last_3y": null,
            "at_2007_last_3y": null,
            "at_2008_last_3y": null,
            "at_2009_last_3y": null,
            "at_2010_last_3y": null,
            "at_2011_last_3y": null,
            "at_2012_last_3y": null,
            "at_2013_last_3y": null,
            "at_2014_last_3y": 23.24,
            "at_2015_last_3y": -0.49,
            "at_2016_last_3y": -17.95,
            "at_2017_last_3y": -26.06,
            "at_2018_last_3y": -3.9,
            "at_2019_last_3y": -9.19,
            "at_2020_last_3y": 13.12,
            "at_2021_last_3y": 34.85,
            "at_2022_last_3y": 0.71,
            "at_2023_last_3y": 0.71,
            "at_2006_last_all": null,
            "at_2007_last_all": null,
            "at_2008_last_all": null,
            "at_2009_last_all": null,
            "at_2010_last_all": null,
            "at_2011_last_all": null,
            "at_2012_last_all": 60.67,
            "at_2013_last_all": 27.2,
            "at_2014_last_all": 23.24,
            "at_2015_last_all": 19.61,
            "at_2016_last_all": 8.26,
            "at_2017_last_all": -3.23,
            "at_2018_last_all": 9.67,
            "at_2019_last_all": 6.81,
            "at_2020_last_all": 10.2,
            "at_2021_last_all": 10.61,
            "at_2022_last_all": 6.68,
            "at_2023_last_all": 6.68
        },
        "latest_eps": 1.93,
        "latest_price": 61.7,
        "latest_roe": 4.68,
        "latest_gross_margin": 11.85,
        "latest_equity": 7588303,
        "latest_revenue": 3293734,
        "latest_gross_profit": 390260,
        "latest_net_income": -94902,
        "latest_debt_ratio": 62.51,
        "latest_current_ratio": 105.98,
        "latest_account_receivable_turnover_ratio": 0.93,
        "latest_inventory_turnover_ratio": 0.9,
        "latest_reinvestment_rate": 147.23,
        "latest_research_to_sale_ratio": 0.44
    },
    "eps_dividends": {
        "2001": {
            "cash": 0,
            "stock": 0,
            "eps": 0
        },
        "2002": {
            "cash": 0,
            "stock": 0,
            "eps": 0
        },
        "2003": {
            "cash": 0,
            "stock": 0,
            "eps": 0
        },
        "2004": {
            "cash": 0,
            "stock": 0,
            "eps": 0
        },
        "2005": {
            "cash": 0,
            "stock": 0,
            "eps": 0
        },
        "2006": {
            "cash": 0,
            "stock": 0,
            "eps": 0
        },
        "2007": {
            "cash": 0,
            "stock": 0,
            "eps": 0
        },
        "2008": {
            "cash": 0,
            "stock": 0,
            "eps": 0
        },
        "2009": {
            "cash": 0,
            "stock": 0,
            "eps": 0
        },
        "2010": {
            "cash": 0,
            "stock": 0,
            "eps": 0.53
        },
        "2011": {
            "cash": 3.85,
            "stock": 0,
            "eps": 5.06
        },
        "2012": {
            "cash": 0,
            "stock": 0,
            "eps": 6.14
        },
        "2013": {
            "cash": 3,
            "stock": 0,
            "eps": 3.7
        },
        "2014": {
            "cash": 1.85,
            "stock": 0,
            "eps": 4.12
        },
        "2015": {
            "cash": 2.5,
            "stock": 0,
            "eps": 4.33
        },
        "2016": {
            "cash": 2.5,
            "stock": 0,
            "eps": 2.23
        },
        "2017": {
            "cash": 0.78,
            "stock": 0.32,
            "eps": 0.62
        },
        "2018": {
            "cash": 0,
            "stock": 0,
            "eps": 5.35
        },
        "2019": {
            "cash": 2.56,
            "stock": 0,
            "eps": 4.49
        },
        "2020": {
            "cash": 3,
            "stock": 0,
            "eps": 6.32
        },
        "2021": {
            "cash": 3,
            "stock": 0,
            "eps": 7.25
        },
        "2022": {
            "cash": 4,
            "stock": 0,
            "eps": 4.6
        },
        "2023": {
            "cash": 2,
            "stock": 0,
            "eps": -0.5
        }
    },
    "dividends": {
        "2011-01-01": {
            "cash": 2.5,
            "stock": 0
        },
        "2011-04-28": {
            "cash": 1.35,
            "stock": 0
        },
        "2013-03-27": {
            "cash": 3,
            "stock": 0
        },
        "2014-06-25": {
            "cash": 1.85,
            "stock": 0
        },
        "2015-09-11": {
            "cash": 2.5,
            "stock": 0
        },
        "2016-09-21": {
            "cash": 2.5,
            "stock": 0
        },
        "2017-08-25": {
            "cash": 0.78,
            "stock": 0.32
        },
        "2019-09-12": {
            "cash": 2.56,
            "stock": 0
        },
        "2020-08-28": {
            "cash": 3,
            "stock": 0
        },
        "2021-08-13": {
            "cash": 3,
            "stock": 0
        },
        "2022-08-05": {
            "cash": 4,
            "stock": 0
        },
        "2023-03-29": {
            "cash": 2,
            "stock": 0
        }
    },
    "prices": {
        "200101": "無",
        "200102": "無",
        "200103": "無",
        "200104": "無",
        "200105": "無",
        "200106": "無",
        "200107": "無",
        "200108": "無",
        "200109": "無",
        "200110": "無",
        "200111": "無",
        "200112": "無",
        "200201": "無",
        "200202": "無",
        "200203": "無",
        "200204": "無",
        "200205": "無",
        "200206": "無",
        "200207": "無",
        "200208": "無",
        "200209": "無",
        "200210": "無",
        "200211": "無",
        "200212": "無",
        "200301": "無",
        "200302": "無",
        "200303": "無",
        "200304": "無",
        "200305": "無",
        "200306": "無",
        "200307": "無",
        "200308": "無",
        "200309": "無",
        "200310": "無",
        "200311": "無",
        "200312": "無",
        "200401": "無",
        "200402": "無",
        "200403": "無",
        "200404": "無",
        "200405": "無",
        "200406": "無",
        "200407": "無",
        "200408": "無",
        "200409": "無",
        "200410": "無",
        "200411": "無",
        "200412": "無",
        "200501": "無",
        "200502": "無",
        "200503": "無",
        "200504": "無",
        "200505": "無",
        "200506": "無",
        "200507": "無",
        "200508": "無",
        "200509": "無",
        "200510": "無",
        "200511": "無",
        "200512": "無",
        "200601": "無",
        "200602": "無",
        "200603": "無",
        "200604": "無",
        "200605": "無",
        "200606": "無",
        "200607": "無",
        "200608": "無",
        "200609": "無",
        "200610": "無",
        "200611": "無",
        "200612": "無",
        "200701": "無",
        "200702": "無",
        "200703": "無",
        "200704": "無",
        "200705": "無",
        "200706": "無",
        "200707": "無",
        "200708": "無",
        "200709": "無",
        "200710": "無",
        "200711": "無",
        "200712": "無",
        "200801": "無",
        "200802": "無",
        "200803": "無",
        "200804": "無",
        "200805": "無",
        "200806": "無",
        "200807": "無",
        "200808": "無",
        "200809": "無",
        "200810": "無",
        "200811": "無",
        "200812": "無",
        "200901": "無",
        "200902": "無",
        "200903": "無",
        "200904": "無",
        "200905": "無",
        "200906": "無",
        "200907": "無",
        "200908": "無",
        "200909": "無",
        "200910": "無",
        "200911": "無",
        "200912": "無",
        "201001": "無",
        "201002": "35.45",
        "201003": "32.11",
        "201004": "32.90",
        "201005": "31.24",
        "201006": "30.03",
        "201007": "29.43",
        "201008": "31.95",
        "201009": "31.85",
        "201010": "33.14",
        "201011": "33.19",
        "201012": "32.97",
        "201101": "32.75",
        "201102": "32.05",
        "201103": "30.73",
        "201104": "30.96",
        "201105": "31.48",
        "201106": "32.25",
        "201107": "32.00",
        "201108": "31.84",
        "201109": "35.50",
        "201110": "31.34",
        "201111": "32.41",
        "201112": "28.05",
        "201201": "29.05",
        "201202": "42.41",
        "201203": "48.01",
        "201204": "45.84",
        "201205": "44.55",
        "201206": "42.16",
        "201207": "43.80",
        "201208": "47.05",
        "201209": "47.72",
        "201210": "42.97",
        "201211": "41.88",
        "201212": "41.53",
        "201301": "38.81",
        "201302": "41.96",
        "201303": "43.19",
        "201304": "43.95",
        "201305": "43.95",
        "201306": "43.02",
        "201307": "40.63",
        "201308": "35.07",
        "201309": "32.68",
        "201310": "34.54",
        "201311": "36.17",
        "201312": "36.98",
        "201401": "39.64",
        "201402": "40.18",
        "201403": "42.74",
        "201404": "42.48",
        "201405": "40.30",
        "201406": "43.14",
        "201407": "48.98",
        "201408": "46.92",
        "201409": "48.61",
        "201410": "42.58",
        "201411": "40.84",
        "201412": "42.65",
        "201501": "44.14",
        "201502": "44.83",
        "201503": "47.38",
        "201504": "46.61",
        "201505": "45.06",
        "201506": "47.58",
        "201507": "46.84",
        "201508": "39.37",
        "201509": "39.06",
        "201510": "41.37",
        "201511": "41.70",
        "201512": "39.14",
        "201601": "34.24",
        "201602": "36.39",
        "201603": "37.98",
        "201604": "37.19",
        "201605": "36.71",
        "201606": "37.86",
        "201607": "39.84",
        "201608": "40.66",
        "201609": "38.15",
        "201610": "35.50",
        "201611": "31.17",
        "201612": "30.50",
        "201701": "30.66",
        "201702": "32.73",
        "201703": "32.16",
        "201704": "28.98",
        "201705": "29.08",
        "201706": "29.65",
        "201707": "28.14",
        "201708": "24.62",
        "201709": "22.74",
        "201710": "21.52",
        "201711": "20.69",
        "201712": "19.31",
        "201801": "21.52",
        "201802": "19.27",
        "201803": "19.24",
        "201804": "20.34",
        "201805": "21.97",
        "201806": "23.35",
        "201807": "27.59",
        "201808": "32.55",
        "201809": "33.29",
        "201810": "29.32",
        "201811": "33.77",
        "201812": "34.74",
        "201901": "38.54",
        "201902": "44.86",
        "201903": "41.92",
        "201904": "48.19",
        "201905": "49.59",
        "201906": "53.02",
        "201907": "50.97",
        "201908": "53.12",
        "201909": "46.42",
        "201910": "41.90",
        "201911": "43.21",
        "201912": "44.74",
        "202001": "47.52",
        "202002": "54.93",
        "202003": "52.03",
        "202004": "52.81",
        "202005": "63.60",
        "202006": "69.04",
        "202007": "79.65",
        "202008": "74.36",
        "202009": "73.64",
        "202010": "72.72",
        "202011": "79.95",
        "202012": "73.29",
        "202101": "68.78",
        "202102": "69.42",
        "202103": "67.73",
        "202104": "66.35",
        "202105": "57.01",
        "202106": "58.10",
        "202107": "60.49",
        "202108": "58.21",
        "202109": "69.72",
        "202110": "73.76",
        "202111": "96.04",
        "202112": "108.19",
        "202201": "125.53",
        "202202": "104.33",
        "202203": "97.65",
        "202204": "99.77",
        "202205": "93.57",
        "202206": "77.91",
        "202207": "62.79",
        "202208": "58.54",
        "202209": "56.28",
        "202210": "50.04",
        "202211": "55.34",
        "202212": "57.16",
        "202301": "55.09",
        "202302": "60.82",
        "202303": "59.09",
        "202304": "58.72",
        "202305": "58.09",
        "202306": "63.31"
    },
    "quarters": {
        "20011": {
            "year_quarter": 20011,
            "year": 2001,
            "quarter": 1,
            "eps": null,
            "eps_growth_year": null,
            "eps_4q": null,
            "eps_4q_growth_year": null,
            "roe": null,
            "roe_4q": 0,
            "gross_profit": null,
            "gross_margin": null,
            "gross_margin_4q_avg": 0,
            "net_income": null,
            "revenue": null,
            "common_shares": null,
            "book_valuer_per_share": null,
            "book_valuer_per_share_4q_avg": 0,
            "equity": null,
            "current_ratio": null,
            "debt_ratio": null,
            "inventory_turnover_ratio": null,
            "account_receivable_turnover_ratio": null,
            "reinvestment_rate": null,
            "research_to_sale_ratio": null,
            "price_fair": 0,
            "eps_avg_yearly": 0,
            "eps_latest_yearly": 0,
            "eps_growth_yearly": 0
        },
        "20012": {
            "year_quarter": 20012,
            "year": 2001,
            "quarter": 2,
            "eps": null,
            "eps_growth_year": null,
            "eps_4q": null,
            "eps_4q_growth_year": null,
            "roe": null,
            "roe_4q": 0,
            "gross_profit": null,
            "gross_margin": null,
            "gross_margin_4q_avg": 0,
            "net_income": null,
            "revenue": null,
            "common_shares": null,
            "book_valuer_per_share": null,
            "book_valuer_per_share_4q_avg": 0,
            "equity": null,
            "current_ratio": null,
            "debt_ratio": null,
            "inventory_turnover_ratio": null,
            "account_receivable_turnover_ratio": null,
            "reinvestment_rate": null,
            "research_to_sale_ratio": null,
            "price_fair": 0,
            "eps_avg_yearly": 0,
            "eps_latest_yearly": 0,
            "eps_growth_yearly": 0
        },
        "20013": {
            "year_quarter": 20013,
            "year": 2001,
            "quarter": 3,
            "eps": null,
            "eps_growth_year": null,
            "eps_4q": null,
            "eps_4q_growth_year": null,
            "roe": null,
            "roe_4q": 0,
            "gross_profit": null,
            "gross_margin": null,
            "gross_margin_4q_avg": 0,
            "net_income": null,
            "revenue": null,
            "common_shares": null,
            "book_valuer_per_share": null,
            "book_valuer_per_share_4q_avg": 0,
            "equity": null,
            "current_ratio": null,
            "debt_ratio": null,
            "inventory_turnover_ratio": null,
            "account_receivable_turnover_ratio": null,
            "reinvestment_rate": null,
            "research_to_sale_ratio": null,
            "price_fair": 0,
            "eps_avg_yearly": 0,
            "eps_latest_yearly": 0,
            "eps_growth_yearly": 0
        },
        "20014": {
            "year_quarter": 20014,
            "year": 2001,
            "quarter": 4,
            "eps": null,
            "eps_growth_year": null,
            "eps_4q": null,
            "eps_4q_growth_year": null,
            "roe": null,
            "roe_4q": 0,
            "gross_profit": null,
            "gross_margin": null,
            "gross_margin_4q_avg": 0,
            "net_income": null,
            "revenue": null,
            "common_shares": null,
            "book_valuer_per_share": null,
            "book_valuer_per_share_4q_avg": 0,
            "equity": null,
            "current_ratio": null,
            "debt_ratio": null,
            "inventory_turnover_ratio": null,
            "account_receivable_turnover_ratio": null,
            "reinvestment_rate": null,
            "research_to_sale_ratio": null,
            "price_fair": 0,
            "eps_avg_yearly": 0,
            "eps_latest_yearly": 0,
            "eps_growth_yearly": 0
        },
        "20021": {
            "year_quarter": 20021,
            "year": 2002,
            "quarter": 1,
            "eps": null,
            "eps_growth_year": null,
            "eps_4q": null,
            "eps_4q_growth_year": null,
            "roe": null,
            "roe_4q": 0,
            "gross_profit": null,
            "gross_margin": null,
            "gross_margin_4q_avg": 0,
            "net_income": null,
            "revenue": null,
            "common_shares": null,
            "book_valuer_per_share": null,
            "book_valuer_per_share_4q_avg": 0,
            "equity": null,
            "current_ratio": null,
            "debt_ratio": null,
            "inventory_turnover_ratio": null,
            "account_receivable_turnover_ratio": null,
            "reinvestment_rate": null,
            "research_to_sale_ratio": null,
            "price_fair": 0,
            "eps_avg_yearly": 0,
            "eps_latest_yearly": 0,
            "eps_growth_yearly": 0
        },
        "20022": {
            "year_quarter": 20022,
            "year": 2002,
            "quarter": 2,
            "eps": null,
            "eps_growth_year": null,
            "eps_4q": null,
            "eps_4q_growth_year": null,
            "roe": null,
            "roe_4q": 0,
            "gross_profit": null,
            "gross_margin": null,
            "gross_margin_4q_avg": 0,
            "net_income": null,
            "revenue": null,
            "common_shares": null,
            "book_valuer_per_share": null,
            "book_valuer_per_share_4q_avg": 0,
            "equity": null,
            "current_ratio": null,
            "debt_ratio": null,
            "inventory_turnover_ratio": null,
            "account_receivable_turnover_ratio": null,
            "reinvestment_rate": null,
            "research_to_sale_ratio": null,
            "price_fair": 0,
            "eps_avg_yearly": 0,
            "eps_latest_yearly": 0,
            "eps_growth_yearly": 0
        },
        "20023": {
            "year_quarter": 20023,
            "year": 2002,
            "quarter": 3,
            "eps": null,
            "eps_growth_year": null,
            "eps_4q": null,
            "eps_4q_growth_year": null,
            "roe": null,
            "roe_4q": 0,
            "gross_profit": null,
            "gross_margin": null,
            "gross_margin_4q_avg": 0,
            "net_income": null,
            "revenue": null,
            "common_shares": null,
            "book_valuer_per_share": null,
            "book_valuer_per_share_4q_avg": 0,
            "equity": null,
            "current_ratio": null,
            "debt_ratio": null,
            "inventory_turnover_ratio": null,
            "account_receivable_turnover_ratio": null,
            "reinvestment_rate": null,
            "research_to_sale_ratio": null,
            "price_fair": 0,
            "eps_avg_yearly": 0,
            "eps_latest_yearly": 0,
            "eps_growth_yearly": 0
        },
        "20024": {
            "year_quarter": 20024,
            "year": 2002,
            "quarter": 4,
            "eps": null,
            "eps_growth_year": null,
            "eps_4q": null,
            "eps_4q_growth_year": null,
            "roe": null,
            "roe_4q": 0,
            "gross_profit": null,
            "gross_margin": null,
            "gross_margin_4q_avg": 0,
            "net_income": null,
            "revenue": null,
            "common_shares": null,
            "book_valuer_per_share": null,
            "book_valuer_per_share_4q_avg": 0,
            "equity": null,
            "current_ratio": null,
            "debt_ratio": null,
            "inventory_turnover_ratio": null,
            "account_receivable_turnover_ratio": null,
            "reinvestment_rate": null,
            "research_to_sale_ratio": null,
            "price_fair": 0,
            "eps_avg_yearly": 0,
            "eps_latest_yearly": 0,
            "eps_growth_yearly": 0
        },
        "20031": {
            "year_quarter": 20031,
            "year": 2003,
            "quarter": 1,
            "eps": null,
            "eps_growth_year": null,
            "eps_4q": null,
            "eps_4q_growth_year": null,
            "roe": null,
            "roe_4q": 0,
            "gross_profit": null,
            "gross_margin": null,
            "gross_margin_4q_avg": 0,
            "net_income": null,
            "revenue": null,
            "common_shares": null,
            "book_valuer_per_share": null,
            "book_valuer_per_share_4q_avg": 0,
            "equity": null,
            "current_ratio": null,
            "debt_ratio": null,
            "inventory_turnover_ratio": null,
            "account_receivable_turnover_ratio": null,
            "reinvestment_rate": null,
            "research_to_sale_ratio": null,
            "price_fair": 0,
            "eps_avg_yearly": 0,
            "eps_latest_yearly": 0,
            "eps_growth_yearly": 0
        },
        "20032": {
            "year_quarter": 20032,
            "year": 2003,
            "quarter": 2,
            "eps": null,
            "eps_growth_year": null,
            "eps_4q": null,
            "eps_4q_growth_year": null,
            "roe": null,
            "roe_4q": 0,
            "gross_profit": null,
            "gross_margin": null,
            "gross_margin_4q_avg": 0,
            "net_income": null,
            "revenue": null,
            "common_shares": null,
            "book_valuer_per_share": null,
            "book_valuer_per_share_4q_avg": 0,
            "equity": null,
            "current_ratio": null,
            "debt_ratio": null,
            "inventory_turnover_ratio": null,
            "account_receivable_turnover_ratio": null,
            "reinvestment_rate": null,
            "research_to_sale_ratio": null,
            "price_fair": 0,
            "eps_avg_yearly": 0,
            "eps_latest_yearly": 0,
            "eps_growth_yearly": 0
        },
        "20033": {
            "year_quarter": 20033,
            "year": 2003,
            "quarter": 3,
            "eps": null,
            "eps_growth_year": null,
            "eps_4q": null,
            "eps_4q_growth_year": null,
            "roe": null,
            "roe_4q": 0,
            "gross_profit": null,
            "gross_margin": null,
            "gross_margin_4q_avg": 0,
            "net_income": null,
            "revenue": null,
            "common_shares": null,
            "book_valuer_per_share": null,
            "book_valuer_per_share_4q_avg": 0,
            "equity": null,
            "current_ratio": null,
            "debt_ratio": null,
            "inventory_turnover_ratio": null,
            "account_receivable_turnover_ratio": null,
            "reinvestment_rate": null,
            "research_to_sale_ratio": null,
            "price_fair": 0,
            "eps_avg_yearly": 0,
            "eps_latest_yearly": 0,
            "eps_growth_yearly": 0
        },
        "20034": {
            "year_quarter": 20034,
            "year": 2003,
            "quarter": 4,
            "eps": null,
            "eps_growth_year": null,
            "eps_4q": null,
            "eps_4q_growth_year": null,
            "roe": null,
            "roe_4q": 0,
            "gross_profit": null,
            "gross_margin": null,
            "gross_margin_4q_avg": 0,
            "net_income": null,
            "revenue": null,
            "common_shares": null,
            "book_valuer_per_share": null,
            "book_valuer_per_share_4q_avg": 0,
            "equity": null,
            "current_ratio": null,
            "debt_ratio": null,
            "inventory_turnover_ratio": null,
            "account_receivable_turnover_ratio": null,
            "reinvestment_rate": null,
            "research_to_sale_ratio": null,
            "price_fair": 0,
            "eps_avg_yearly": 0,
            "eps_latest_yearly": 0,
            "eps_growth_yearly": 0
        },
        "20041": {
            "year_quarter": 20041,
            "year": 2004,
            "quarter": 1,
            "eps": null,
            "eps_growth_year": null,
            "eps_4q": null,
            "eps_4q_growth_year": null,
            "roe": null,
            "roe_4q": 0,
            "gross_profit": null,
            "gross_margin": null,
            "gross_margin_4q_avg": 0,
            "net_income": null,
            "revenue": null,
            "common_shares": null,
            "book_valuer_per_share": null,
            "book_valuer_per_share_4q_avg": 0,
            "equity": null,
            "current_ratio": null,
            "debt_ratio": null,
            "inventory_turnover_ratio": null,
            "account_receivable_turnover_ratio": null,
            "reinvestment_rate": null,
            "research_to_sale_ratio": null,
            "price_fair": 0,
            "eps_avg_yearly": 0,
            "eps_latest_yearly": 0,
            "eps_growth_yearly": 0
        },
        "20042": {
            "year_quarter": 20042,
            "year": 2004,
            "quarter": 2,
            "eps": null,
            "eps_growth_year": null,
            "eps_4q": null,
            "eps_4q_growth_year": null,
            "roe": null,
            "roe_4q": 0,
            "gross_profit": null,
            "gross_margin": null,
            "gross_margin_4q_avg": 0,
            "net_income": null,
            "revenue": null,
            "common_shares": null,
            "book_valuer_per_share": null,
            "book_valuer_per_share_4q_avg": 0,
            "equity": null,
            "current_ratio": null,
            "debt_ratio": null,
            "inventory_turnover_ratio": null,
            "account_receivable_turnover_ratio": null,
            "reinvestment_rate": null,
            "research_to_sale_ratio": null,
            "price_fair": 0,
            "eps_avg_yearly": 0,
            "eps_latest_yearly": 0,
            "eps_growth_yearly": 0
        },
        "20043": {
            "year_quarter": 20043,
            "year": 2004,
            "quarter": 3,
            "eps": null,
            "eps_growth_year": null,
            "eps_4q": null,
            "eps_4q_growth_year": null,
            "roe": null,
            "roe_4q": 0,
            "gross_profit": null,
            "gross_margin": null,
            "gross_margin_4q_avg": 0,
            "net_income": null,
            "revenue": null,
            "common_shares": null,
            "book_valuer_per_share": null,
            "book_valuer_per_share_4q_avg": 0,
            "equity": null,
            "current_ratio": null,
            "debt_ratio": null,
            "inventory_turnover_ratio": null,
            "account_receivable_turnover_ratio": null,
            "reinvestment_rate": null,
            "research_to_sale_ratio": null,
            "price_fair": 0,
            "eps_avg_yearly": 0,
            "eps_latest_yearly": 0,
            "eps_growth_yearly": 0
        },
        "20044": {
            "year_quarter": 20044,
            "year": 2004,
            "quarter": 4,
            "eps": null,
            "eps_growth_year": null,
            "eps_4q": null,
            "eps_4q_growth_year": null,
            "roe": null,
            "roe_4q": 0,
            "gross_profit": null,
            "gross_margin": null,
            "gross_margin_4q_avg": 0,
            "net_income": null,
            "revenue": null,
            "common_shares": null,
            "book_valuer_per_share": null,
            "book_valuer_per_share_4q_avg": 0,
            "equity": null,
            "current_ratio": null,
            "debt_ratio": null,
            "inventory_turnover_ratio": null,
            "account_receivable_turnover_ratio": null,
            "reinvestment_rate": null,
            "research_to_sale_ratio": null,
            "price_fair": 0,
            "eps_avg_yearly": 0,
            "eps_latest_yearly": 0,
            "eps_growth_yearly": 0
        },
        "20051": {
            "year_quarter": 20051,
            "year": 2005,
            "quarter": 1,
            "eps": null,
            "eps_growth_year": null,
            "eps_4q": null,
            "eps_4q_growth_year": null,
            "roe": null,
            "roe_4q": 0,
            "gross_profit": null,
            "gross_margin": null,
            "gross_margin_4q_avg": 0,
            "net_income": null,
            "revenue": null,
            "common_shares": null,
            "book_valuer_per_share": null,
            "book_valuer_per_share_4q_avg": 0,
            "equity": null,
            "current_ratio": null,
            "debt_ratio": null,
            "inventory_turnover_ratio": null,
            "account_receivable_turnover_ratio": null,
            "reinvestment_rate": null,
            "research_to_sale_ratio": null,
            "price_fair": 0,
            "eps_avg_yearly": 0,
            "eps_latest_yearly": 0,
            "eps_growth_yearly": 0
        },
        "20052": {
            "year_quarter": 20052,
            "year": 2005,
            "quarter": 2,
            "eps": null,
            "eps_growth_year": null,
            "eps_4q": null,
            "eps_4q_growth_year": null,
            "roe": null,
            "roe_4q": 0,
            "gross_profit": null,
            "gross_margin": null,
            "gross_margin_4q_avg": 0,
            "net_income": null,
            "revenue": null,
            "common_shares": null,
            "book_valuer_per_share": null,
            "book_valuer_per_share_4q_avg": 0,
            "equity": null,
            "current_ratio": null,
            "debt_ratio": null,
            "inventory_turnover_ratio": null,
            "account_receivable_turnover_ratio": null,
            "reinvestment_rate": null,
            "research_to_sale_ratio": null,
            "price_fair": 0,
            "eps_avg_yearly": 0,
            "eps_latest_yearly": 0,
            "eps_growth_yearly": 0
        },
        "20053": {
            "year_quarter": 20053,
            "year": 2005,
            "quarter": 3,
            "eps": null,
            "eps_growth_year": null,
            "eps_4q": null,
            "eps_4q_growth_year": null,
            "roe": null,
            "roe_4q": 0,
            "gross_profit": null,
            "gross_margin": null,
            "gross_margin_4q_avg": 0,
            "net_income": null,
            "revenue": null,
            "common_shares": null,
            "book_valuer_per_share": null,
            "book_valuer_per_share_4q_avg": 0,
            "equity": null,
            "current_ratio": null,
            "debt_ratio": null,
            "inventory_turnover_ratio": null,
            "account_receivable_turnover_ratio": null,
            "reinvestment_rate": null,
            "research_to_sale_ratio": null,
            "price_fair": 0,
            "eps_avg_yearly": 0,
            "eps_latest_yearly": 0,
            "eps_growth_yearly": 0
        },
        "20054": {
            "year_quarter": 20054,
            "year": 2005,
            "quarter": 4,
            "eps": null,
            "eps_growth_year": null,
            "eps_4q": null,
            "eps_4q_growth_year": null,
            "roe": null,
            "roe_4q": 0,
            "gross_profit": null,
            "gross_margin": null,
            "gross_margin_4q_avg": 0,
            "net_income": null,
            "revenue": null,
            "common_shares": null,
            "book_valuer_per_share": null,
            "book_valuer_per_share_4q_avg": 0,
            "equity": null,
            "current_ratio": null,
            "debt_ratio": null,
            "inventory_turnover_ratio": null,
            "account_receivable_turnover_ratio": null,
            "reinvestment_rate": null,
            "research_to_sale_ratio": null,
            "price_fair": 0,
            "eps_avg_yearly": 0,
            "eps_latest_yearly": 0,
            "eps_growth_yearly": 0
        },
        "20061": {
            "year_quarter": 20061,
            "year": 2006,
            "quarter": 1,
            "eps": null,
            "eps_growth_year": null,
            "eps_4q": null,
            "eps_4q_growth_year": null,
            "roe": null,
            "roe_4q": 0,
            "gross_profit": null,
            "gross_margin": null,
            "gross_margin_4q_avg": 0,
            "net_income": null,
            "revenue": null,
            "common_shares": null,
            "book_valuer_per_share": null,
            "book_valuer_per_share_4q_avg": 0,
            "equity": null,
            "current_ratio": null,
            "debt_ratio": null,
            "inventory_turnover_ratio": null,
            "account_receivable_turnover_ratio": null,
            "reinvestment_rate": null,
            "research_to_sale_ratio": null,
            "price_fair": 0,
            "eps_avg_yearly": 0,
            "eps_latest_yearly": 0,
            "eps_growth_yearly": 0
        },
        "20062": {
            "year_quarter": 20062,
            "year": 2006,
            "quarter": 2,
            "eps": null,
            "eps_growth_year": null,
            "eps_4q": null,
            "eps_4q_growth_year": null,
            "roe": null,
            "roe_4q": 0,
            "gross_profit": null,
            "gross_margin": null,
            "gross_margin_4q_avg": 0,
            "net_income": null,
            "revenue": null,
            "common_shares": null,
            "book_valuer_per_share": null,
            "book_valuer_per_share_4q_avg": 0,
            "equity": null,
            "current_ratio": null,
            "debt_ratio": null,
            "inventory_turnover_ratio": null,
            "account_receivable_turnover_ratio": null,
            "reinvestment_rate": null,
            "research_to_sale_ratio": null,
            "price_fair": 0,
            "eps_avg_yearly": 0,
            "eps_latest_yearly": 0,
            "eps_growth_yearly": 0
        },
        "20063": {
            "year_quarter": 20063,
            "year": 2006,
            "quarter": 3,
            "eps": null,
            "eps_growth_year": null,
            "eps_4q": null,
            "eps_4q_growth_year": null,
            "roe": null,
            "roe_4q": 0,
            "gross_profit": null,
            "gross_margin": null,
            "gross_margin_4q_avg": 0,
            "net_income": null,
            "revenue": null,
            "common_shares": null,
            "book_valuer_per_share": null,
            "book_valuer_per_share_4q_avg": 0,
            "equity": null,
            "current_ratio": null,
            "debt_ratio": null,
            "inventory_turnover_ratio": null,
            "account_receivable_turnover_ratio": null,
            "reinvestment_rate": null,
            "research_to_sale_ratio": null,
            "price_fair": 0,
            "eps_avg_yearly": 0,
            "eps_latest_yearly": 0,
            "eps_growth_yearly": 0
        },
        "20064": {
            "year_quarter": 20064,
            "year": 2006,
            "quarter": 4,
            "eps": null,
            "eps_growth_year": null,
            "eps_4q": null,
            "eps_4q_growth_year": null,
            "roe": null,
            "roe_4q": 0,
            "gross_profit": null,
            "gross_margin": null,
            "gross_margin_4q_avg": 0,
            "net_income": null,
            "revenue": null,
            "common_shares": null,
            "book_valuer_per_share": null,
            "book_valuer_per_share_4q_avg": 0,
            "equity": null,
            "current_ratio": null,
            "debt_ratio": null,
            "inventory_turnover_ratio": null,
            "account_receivable_turnover_ratio": null,
            "reinvestment_rate": null,
            "research_to_sale_ratio": null,
            "price_fair": 0,
            "eps_avg_yearly": 0,
            "eps_latest_yearly": 0,
            "eps_growth_yearly": 0
        },
        "20071": {
            "year_quarter": 20071,
            "year": 2007,
            "quarter": 1,
            "eps": null,
            "eps_growth_year": null,
            "eps_4q": null,
            "eps_4q_growth_year": null,
            "roe": null,
            "roe_4q": 0,
            "gross_profit": null,
            "gross_margin": null,
            "gross_margin_4q_avg": 0,
            "net_income": null,
            "revenue": null,
            "common_shares": null,
            "book_valuer_per_share": null,
            "book_valuer_per_share_4q_avg": 0,
            "equity": null,
            "current_ratio": null,
            "debt_ratio": null,
            "inventory_turnover_ratio": null,
            "account_receivable_turnover_ratio": null,
            "reinvestment_rate": null,
            "research_to_sale_ratio": null,
            "price_fair": 0,
            "eps_avg_yearly": 0,
            "eps_latest_yearly": 0,
            "eps_growth_yearly": 0
        },
        "20072": {
            "year_quarter": 20072,
            "year": 2007,
            "quarter": 2,
            "eps": null,
            "eps_growth_year": null,
            "eps_4q": null,
            "eps_4q_growth_year": null,
            "roe": null,
            "roe_4q": 0,
            "gross_profit": null,
            "gross_margin": null,
            "gross_margin_4q_avg": 0,
            "net_income": null,
            "revenue": null,
            "common_shares": null,
            "book_valuer_per_share": null,
            "book_valuer_per_share_4q_avg": 0,
            "equity": null,
            "current_ratio": null,
            "debt_ratio": null,
            "inventory_turnover_ratio": null,
            "account_receivable_turnover_ratio": null,
            "reinvestment_rate": null,
            "research_to_sale_ratio": null,
            "price_fair": 0,
            "eps_avg_yearly": 0,
            "eps_latest_yearly": 0,
            "eps_growth_yearly": 0
        },
        "20073": {
            "year_quarter": 20073,
            "year": 2007,
            "quarter": 3,
            "eps": null,
            "eps_growth_year": null,
            "eps_4q": null,
            "eps_4q_growth_year": null,
            "roe": null,
            "roe_4q": 0,
            "gross_profit": null,
            "gross_margin": null,
            "gross_margin_4q_avg": 0,
            "net_income": null,
            "revenue": null,
            "common_shares": null,
            "book_valuer_per_share": null,
            "book_valuer_per_share_4q_avg": 0,
            "equity": null,
            "current_ratio": null,
            "debt_ratio": null,
            "inventory_turnover_ratio": null,
            "account_receivable_turnover_ratio": null,
            "reinvestment_rate": null,
            "research_to_sale_ratio": null,
            "price_fair": 0,
            "eps_avg_yearly": 0,
            "eps_latest_yearly": 0,
            "eps_growth_yearly": 0
        },
        "20074": {
            "year_quarter": 20074,
            "year": 2007,
            "quarter": 4,
            "eps": null,
            "eps_growth_year": null,
            "eps_4q": null,
            "eps_4q_growth_year": null,
            "roe": null,
            "roe_4q": 0,
            "gross_profit": null,
            "gross_margin": null,
            "gross_margin_4q_avg": 0,
            "net_income": null,
            "revenue": null,
            "common_shares": 586418,
            "book_valuer_per_share": 8.66,
            "book_valuer_per_share_4q_avg": 2.17,
            "equity": 513015,
            "current_ratio": 72.96,
            "debt_ratio": 80.27,
            "inventory_turnover_ratio": null,
            "account_receivable_turnover_ratio": null,
            "reinvestment_rate": null,
            "research_to_sale_ratio": null,
            "price_fair": 0,
            "eps_avg_yearly": 0,
            "eps_latest_yearly": 0,
            "eps_growth_yearly": 0
        },
        "20081": {
            "year_quarter": 20081,
            "year": 2008,
            "quarter": 1,
            "eps": null,
            "eps_growth_year": null,
            "eps_4q": null,
            "eps_4q_growth_year": null,
            "roe": null,
            "roe_4q": 0,
            "gross_profit": null,
            "gross_margin": null,
            "gross_margin_4q_avg": 0,
            "net_income": null,
            "revenue": null,
            "common_shares": null,
            "book_valuer_per_share": null,
            "book_valuer_per_share_4q_avg": 2.17,
            "equity": null,
            "current_ratio": null,
            "debt_ratio": null,
            "inventory_turnover_ratio": null,
            "account_receivable_turnover_ratio": null,
            "reinvestment_rate": null,
            "research_to_sale_ratio": null,
            "price_fair": 0,
            "eps_avg_yearly": 0,
            "eps_latest_yearly": 0,
            "eps_growth_yearly": 0
        },
        "20082": {
            "year_quarter": 20082,
            "year": 2008,
            "quarter": 2,
            "eps": null,
            "eps_growth_year": null,
            "eps_4q": null,
            "eps_4q_growth_year": null,
            "roe": null,
            "roe_4q": 0,
            "gross_profit": null,
            "gross_margin": null,
            "gross_margin_4q_avg": 0,
            "net_income": null,
            "revenue": null,
            "common_shares": null,
            "book_valuer_per_share": null,
            "book_valuer_per_share_4q_avg": 2.17,
            "equity": null,
            "current_ratio": null,
            "debt_ratio": null,
            "inventory_turnover_ratio": null,
            "account_receivable_turnover_ratio": null,
            "reinvestment_rate": null,
            "research_to_sale_ratio": null,
            "price_fair": 0,
            "eps_avg_yearly": 0,
            "eps_latest_yearly": 0,
            "eps_growth_yearly": 0
        },
        "20083": {
            "year_quarter": 20083,
            "year": 2008,
            "quarter": 3,
            "eps": null,
            "eps_growth_year": null,
            "eps_4q": null,
            "eps_4q_growth_year": null,
            "roe": null,
            "roe_4q": 0,
            "gross_profit": null,
            "gross_margin": null,
            "gross_margin_4q_avg": 0,
            "net_income": null,
            "revenue": null,
            "common_shares": null,
            "book_valuer_per_share": null,
            "book_valuer_per_share_4q_avg": 2.17,
            "equity": null,
            "current_ratio": null,
            "debt_ratio": null,
            "inventory_turnover_ratio": null,
            "account_receivable_turnover_ratio": null,
            "reinvestment_rate": null,
            "research_to_sale_ratio": null,
            "price_fair": 0,
            "eps_avg_yearly": 0,
            "eps_latest_yearly": 0,
            "eps_growth_yearly": 0
        },
        "20084": {
            "year_quarter": 20084,
            "year": 2008,
            "quarter": 4,
            "eps": null,
            "eps_growth_year": null,
            "eps_4q": null,
            "eps_4q_growth_year": null,
            "roe": null,
            "roe_4q": 0,
            "gross_profit": null,
            "gross_margin": null,
            "gross_margin_4q_avg": 0,
            "net_income": null,
            "revenue": null,
            "common_shares": 586418,
            "book_valuer_per_share": 9.52,
            "book_valuer_per_share_4q_avg": 2.38,
            "equity": 563630,
            "current_ratio": 69.73,
            "debt_ratio": 81.03,
            "inventory_turnover_ratio": null,
            "account_receivable_turnover_ratio": null,
            "reinvestment_rate": null,
            "research_to_sale_ratio": null,
            "price_fair": 0,
            "eps_avg_yearly": 0,
            "eps_latest_yearly": 0,
            "eps_growth_yearly": 0
        },
        "20091": {
            "year_quarter": 20091,
            "year": 2009,
            "quarter": 1,
            "eps": null,
            "eps_growth_year": null,
            "eps_4q": null,
            "eps_4q_growth_year": null,
            "roe": null,
            "roe_4q": 0,
            "gross_profit": null,
            "gross_margin": null,
            "gross_margin_4q_avg": 0,
            "net_income": null,
            "revenue": null,
            "common_shares": null,
            "book_valuer_per_share": null,
            "book_valuer_per_share_4q_avg": 2.38,
            "equity": null,
            "current_ratio": null,
            "debt_ratio": null,
            "inventory_turnover_ratio": null,
            "account_receivable_turnover_ratio": null,
            "reinvestment_rate": null,
            "research_to_sale_ratio": null,
            "price_fair": 0,
            "eps_avg_yearly": 0,
            "eps_latest_yearly": 0,
            "eps_growth_yearly": 0
        },
        "20092": {
            "year_quarter": 20092,
            "year": 2009,
            "quarter": 2,
            "eps": null,
            "eps_growth_year": null,
            "eps_4q": null,
            "eps_4q_growth_year": null,
            "roe": null,
            "roe_4q": 0,
            "gross_profit": null,
            "gross_margin": null,
            "gross_margin_4q_avg": 0,
            "net_income": null,
            "revenue": null,
            "common_shares": 0,
            "book_valuer_per_share": null,
            "book_valuer_per_share_4q_avg": 2.38,
            "equity": 0,
            "current_ratio": null,
            "debt_ratio": null,
            "inventory_turnover_ratio": null,
            "account_receivable_turnover_ratio": null,
            "reinvestment_rate": null,
            "research_to_sale_ratio": null,
            "price_fair": 0,
            "eps_avg_yearly": 0,
            "eps_latest_yearly": 0,
            "eps_growth_yearly": 0
        },
        "20093": {
            "year_quarter": 20093,
            "year": 2009,
            "quarter": 3,
            "eps": null,
            "eps_growth_year": null,
            "eps_4q": null,
            "eps_4q_growth_year": null,
            "roe": null,
            "roe_4q": 0,
            "gross_profit": null,
            "gross_margin": null,
            "gross_margin_4q_avg": 0,
            "net_income": null,
            "revenue": null,
            "common_shares": null,
            "book_valuer_per_share": null,
            "book_valuer_per_share_4q_avg": 2.38,
            "equity": null,
            "current_ratio": null,
            "debt_ratio": null,
            "inventory_turnover_ratio": null,
            "account_receivable_turnover_ratio": null,
            "reinvestment_rate": null,
            "research_to_sale_ratio": null,
            "price_fair": 0,
            "eps_avg_yearly": 0,
            "eps_latest_yearly": 0,
            "eps_growth_yearly": 0
        },
        "20094": {
            "year_quarter": 20094,
            "year": 2009,
            "quarter": 4,
            "eps": null,
            "eps_growth_year": null,
            "eps_4q": null,
            "eps_4q_growth_year": null,
            "roe": null,
            "roe_4q": 0,
            "gross_profit": null,
            "gross_margin": null,
            "gross_margin_4q_avg": 0,
            "net_income": null,
            "revenue": null,
            "common_shares": 586418,
            "book_valuer_per_share": 17.35,
            "book_valuer_per_share_4q_avg": 4.34,
            "equity": 1025447,
            "current_ratio": 85.83,
            "debt_ratio": 71,
            "inventory_turnover_ratio": null,
            "account_receivable_turnover_ratio": null,
            "reinvestment_rate": null,
            "research_to_sale_ratio": null,
            "price_fair": 0,
            "eps_avg_yearly": 0,
            "eps_latest_yearly": 0,
            "eps_growth_yearly": 0
        },
        "20101": {
            "year_quarter": 20101,
            "year": 2010,
            "quarter": 1,
            "eps": null,
            "eps_growth_year": null,
            "eps_4q": null,
            "eps_4q_growth_year": null,
            "roe": null,
            "roe_4q": 0,
            "gross_profit": 198155,
            "gross_margin": null,
            "gross_margin_4q_avg": 0,
            "net_income": 88604,
            "revenue": 954890,
            "common_shares": 842492,
            "book_valuer_per_share": 15.79,
            "book_valuer_per_share_4q_avg": 8.29,
            "equity": 1339456,
            "current_ratio": 93.03,
            "debt_ratio": 61.33,
            "inventory_turnover_ratio": null,
            "account_receivable_turnover_ratio": null,
            "reinvestment_rate": null,
            "research_to_sale_ratio": null,
            "price_fair": 0,
            "eps_avg_yearly": 0,
            "eps_latest_yearly": 0,
            "eps_growth_yearly": 0
        },
        "20102": {
            "year_quarter": 20102,
            "year": 2010,
            "quarter": 2,
            "eps": 0.53,
            "eps_growth_year": null,
            "eps_4q": null,
            "eps_4q_growth_year": null,
            "roe": 3.25,
            "roe_4q": 3.25,
            "gross_profit": 148203,
            "gross_margin": 14.4,
            "gross_margin_4q_avg": 3.6,
            "net_income": 44568,
            "revenue": 1029219,
            "common_shares": 842492,
            "book_valuer_per_share": 16.51,
            "book_valuer_per_share_4q_avg": 12.41,
            "equity": 1400684,
            "current_ratio": 91.46,
            "debt_ratio": 66.06,
            "inventory_turnover_ratio": 1.28,
            "account_receivable_turnover_ratio": 1.84,
            "reinvestment_rate": null,
            "research_to_sale_ratio": null,
            "price_fair": 0,
            "eps_avg_yearly": 0,
            "eps_latest_yearly": 0,
            "eps_growth_yearly": 0
        },
        "20103": {
            "year_quarter": 20103,
            "year": 2010,
            "quarter": 3,
            "eps": null,
            "eps_growth_year": null,
            "eps_4q": null,
            "eps_4q_growth_year": null,
            "roe": null,
            "roe_4q": 3.25,
            "gross_profit": 219095,
            "gross_margin": null,
            "gross_margin_4q_avg": 3.6,
            "net_income": 129105,
            "revenue": 1272257,
            "common_shares": 842492,
            "book_valuer_per_share": 18.67,
            "book_valuer_per_share_4q_avg": 17.08,
            "equity": 1583999,
            "current_ratio": 92.4,
            "debt_ratio": 64.81,
            "inventory_turnover_ratio": null,
            "account_receivable_turnover_ratio": null,
            "reinvestment_rate": null,
            "research_to_sale_ratio": null,
            "price_fair": 0,
            "eps_avg_yearly": 0,
            "eps_latest_yearly": 0,
            "eps_growth_yearly": 0
        },
        "20104": {
            "year_quarter": 20104,
            "year": 2010,
            "quarter": 4,
            "eps": null,
            "eps_growth_year": null,
            "eps_4q": null,
            "eps_4q_growth_year": null,
            "roe": null,
            "roe_4q": 3.25,
            "gross_profit": 198577,
            "gross_margin": null,
            "gross_margin_4q_avg": 3.6,
            "net_income": 78595,
            "revenue": 1156713,
            "common_shares": 842492,
            "book_valuer_per_share": 18.53,
            "book_valuer_per_share_4q_avg": 17.38,
            "equity": 1571992,
            "current_ratio": 93.47,
            "debt_ratio": 60.6,
            "inventory_turnover_ratio": null,
            "account_receivable_turnover_ratio": null,
            "reinvestment_rate": null,
            "research_to_sale_ratio": null,
            "price_fair": 0,
            "eps_avg_yearly": 0,
            "eps_latest_yearly": 0,
            "eps_growth_yearly": 0
        },
        "20111": {
            "year_quarter": 20111,
            "year": 2011,
            "quarter": 1,
            "eps": 1,
            "eps_growth_year": null,
            "eps_4q": 1.53,
            "eps_4q_growth_year": null,
            "roe": 5.26,
            "roe_4q": 8.51,
            "gross_profit": 212805,
            "gross_margin": 18.94,
            "gross_margin_4q_avg": 8.34,
            "net_income": 84999,
            "revenue": 1123789,
            "common_shares": 842492,
            "book_valuer_per_share": 19.57,
            "book_valuer_per_share_4q_avg": 18.32,
            "equity": 1660445,
            "current_ratio": 94.54,
            "debt_ratio": 59.25,
            "inventory_turnover_ratio": 1.37,
            "account_receivable_turnover_ratio": 1,
            "reinvestment_rate": null,
            "research_to_sale_ratio": null,
            "price_fair": 0,
            "eps_avg_yearly": 0,
            "eps_latest_yearly": 0,
            "eps_growth_yearly": 0
        },
        "20112": {
            "year_quarter": 20112,
            "year": 2011,
            "quarter": 2,
            "eps": 1.01,
            "eps_growth_year": 90.3,
            "eps_4q": 2.01,
            "eps_4q_growth_year": null,
            "roe": 5.25,
            "roe_4q": 10.51,
            "gross_profit": 239778,
            "gross_margin": 19.93,
            "gross_margin_4q_avg": 9.72,
            "net_income": 85454,
            "revenue": 1202836,
            "common_shares": 842492,
            "book_valuer_per_share": 18.77,
            "book_valuer_per_share_4q_avg": 18.89,
            "equity": 1591902,
            "current_ratio": 88.87,
            "debt_ratio": 61.21,
            "inventory_turnover_ratio": 1.43,
            "account_receivable_turnover_ratio": 1.08,
            "reinvestment_rate": null,
            "research_to_sale_ratio": null,
            "price_fair": 56.56,
            "eps_avg_yearly": 4.04,
            "eps_latest_yearly": 4.04,
            "eps_growth_yearly": 4
        },
        "20113": {
            "year_quarter": 20113,
            "year": 2011,
            "quarter": 3,
            "eps": 1.69,
            "eps_growth_year": null,
            "eps_4q": 3.69,
            "eps_4q_growth_year": null,
            "roe": 8.42,
            "roe_4q": 18.93,
            "gross_profit": 286634,
            "gross_margin": 21.54,
            "gross_margin_4q_avg": 15.1,
            "net_income": 143173,
            "revenue": 1330496,
            "common_shares": 842492,
            "book_valuer_per_share": 21.34,
            "book_valuer_per_share_4q_avg": 19.55,
            "equity": 1809815,
            "current_ratio": 84.55,
            "debt_ratio": 61.52,
            "inventory_turnover_ratio": 1.64,
            "account_receivable_turnover_ratio": 1.11,
            "reinvestment_rate": null,
            "research_to_sale_ratio": null,
            "price_fair": 189,
            "eps_avg_yearly": 5.4,
            "eps_latest_yearly": 6.76,
            "eps_growth_yearly": 136.65
        },
        "20114": {
            "year_quarter": 20114,
            "year": 2011,
            "quarter": 4,
            "eps": 1.36,
            "eps_growth_year": null,
            "eps_4q": 4.71,
            "eps_4q_growth_year": null,
            "roe": 6.47,
            "roe_4q": 25.4,
            "gross_profit": 309847,
            "gross_margin": 22.05,
            "gross_margin_4q_avg": 20.62,
            "net_income": 127537,
            "revenue": 1405247,
            "common_shares": 929492,
            "book_valuer_per_share": 22.82,
            "book_valuer_per_share_4q_avg": 20.63,
            "equity": 2134204,
            "current_ratio": 90.55,
            "debt_ratio": 58.42,
            "inventory_turnover_ratio": 1.64,
            "account_receivable_turnover_ratio": 1.04,
            "reinvestment_rate": null,
            "research_to_sale_ratio": null,
            "price_fair": 189.47,
            "eps_avg_yearly": 5.41,
            "eps_latest_yearly": 5.44,
            "eps_growth_yearly": 65.07
        },
        "20121": {
            "year_quarter": 20121,
            "year": 2012,
            "quarter": 1,
            "eps": 1.79,
            "eps_growth_year": 79,
            "eps_4q": 5.59,
            "eps_4q_growth_year": 265.27,
            "roe": 7.54,
            "roe_4q": 27.68,
            "gross_profit": 320073,
            "gross_margin": 23.61,
            "gross_margin_4q_avg": 21.78,
            "net_income": 167112,
            "revenue": 1355676,
            "common_shares": 929492,
            "book_valuer_per_share": 24.57,
            "book_valuer_per_share_4q_avg": 21.88,
            "equity": 2298566,
            "current_ratio": 97.54,
            "debt_ratio": 56.05,
            "inventory_turnover_ratio": 1.33,
            "account_receivable_turnover_ratio": 0.96,
            "reinvestment_rate": null,
            "research_to_sale_ratio": null,
            "price_fair": 204.75,
            "eps_avg_yearly": 5.85,
            "eps_latest_yearly": 7.16,
            "eps_growth_yearly": 80.42
        },
        "20122": {
            "year_quarter": 20122,
            "year": 2012,
            "quarter": 2,
            "eps": 1.21,
            "eps_growth_year": 19.8,
            "eps_4q": 5.88,
            "eps_4q_growth_year": 193,
            "roe": 5.09,
            "roe_4q": 27.519999999999996,
            "gross_profit": 298550,
            "gross_margin": 22.37,
            "gross_margin_4q_avg": 22.39,
            "net_income": 112837,
            "revenue": 1334402,
            "common_shares": 929492,
            "book_valuer_per_share": 22.82,
            "book_valuer_per_share_4q_avg": 22.89,
            "equity": 2134764,
            "current_ratio": 84.5,
            "debt_ratio": 61.48,
            "inventory_turnover_ratio": 1.09,
            "account_receivable_turnover_ratio": 0.95,
            "reinvestment_rate": null,
            "research_to_sale_ratio": null,
            "price_fair": 197.68,
            "eps_avg_yearly": 5.65,
            "eps_latest_yearly": 4.84,
            "eps_growth_yearly": 38.41
        },
        "20123": {
            "year_quarter": 20123,
            "year": 2012,
            "quarter": 3,
            "eps": 1.91,
            "eps_growth_year": 13.02,
            "eps_4q": 6.26,
            "eps_4q_growth_year": 69.48,
            "roe": 7.96,
            "roe_4q": 27.06,
            "gross_profit": 336535,
            "gross_margin": 20.76,
            "gross_margin_4q_avg": 22.2,
            "net_income": 178318,
            "revenue": 1620833,
            "common_shares": 929492,
            "book_valuer_per_share": 25.05,
            "book_valuer_per_share_4q_avg": 23.82,
            "equity": 2343461,
            "current_ratio": 89.68,
            "debt_ratio": 63.02,
            "inventory_turnover_ratio": 1.18,
            "account_receivable_turnover_ratio": 1.01,
            "reinvestment_rate": null,
            "research_to_sale_ratio": null,
            "price_fair": 209.3,
            "eps_avg_yearly": 5.98,
            "eps_latest_yearly": 7.64,
            "eps_growth_yearly": 70.58
        },
        "20124": {
            "year_quarter": 20124,
            "year": 2012,
            "quarter": 4,
            "eps": 1.23,
            "eps_growth_year": -9.73,
            "eps_4q": 6.13,
            "eps_4q_growth_year": 30.07,
            "roe": 4.74,
            "roe_4q": 25.33,
            "gross_profit": 256025,
            "gross_margin": 17.92,
            "gross_margin_4q_avg": 21.17,
            "net_income": 114638,
            "revenue": 1428427,
            "common_shares": 929492,
            "book_valuer_per_share": 26.69,
            "book_valuer_per_share_4q_avg": 24.78,
            "equity": 2497646,
            "current_ratio": 109.12,
            "debt_ratio": 60.5,
            "inventory_turnover_ratio": 0.96,
            "account_receivable_turnover_ratio": 0.91,
            "reinvestment_rate": null,
            "research_to_sale_ratio": null,
            "price_fair": 204,
            "eps_avg_yearly": 5.83,
            "eps_latest_yearly": 4.92,
            "eps_growth_yearly": 40.15
        },
        "20131": {
            "year_quarter": 20131,
            "year": 2013,
            "quarter": 1,
            "eps": 1.35,
            "eps_growth_year": -24.58,
            "eps_4q": 5.65,
            "eps_4q_growth_year": 1.1,
            "roe": 4.68,
            "roe_4q": 22.47,
            "gross_profit": 258770,
            "gross_margin": 17.22,
            "gross_margin_4q_avg": 19.57,
            "net_income": 126192,
            "revenue": 1502826,
            "common_shares": 936167,
            "book_valuer_per_share": 30.79,
            "book_valuer_per_share_4q_avg": 26.34,
            "equity": 2900750,
            "current_ratio": 105.5,
            "debt_ratio": 60.49,
            "inventory_turnover_ratio": 0.9,
            "account_receivable_turnover_ratio": 1.06,
            "reinvestment_rate": null,
            "research_to_sale_ratio": null,
            "price_fair": 202.13,
            "eps_avg_yearly": 5.78,
            "eps_latest_yearly": 5.4,
            "eps_growth_yearly": 40.01
        },
        "20132": {
            "year_quarter": 20132,
            "year": 2013,
            "quarter": 2,
            "eps": 0.41,
            "eps_growth_year": -66,
            "eps_4q": 4.78,
            "eps_4q_growth_year": -18.8,
            "roe": 1.42,
            "roe_4q": 18.8,
            "gross_profit": 308662,
            "gross_margin": 19.28,
            "gross_margin_4q_avg": 18.8,
            "net_income": 38957,
            "revenue": 1600840,
            "common_shares": 953892,
            "book_valuer_per_share": 26.73,
            "book_valuer_per_share_4q_avg": 27.32,
            "equity": 2567236,
            "current_ratio": 78.97,
            "debt_ratio": 69.6,
            "inventory_turnover_ratio": 0.93,
            "account_receivable_turnover_ratio": 1.01,
            "reinvestment_rate": null,
            "research_to_sale_ratio": null,
            "price_fair": 77.7,
            "eps_avg_yearly": 5.32,
            "eps_latest_yearly": 1.64,
            "eps_growth_yearly": 4.62
        },
        "20133": {
            "year_quarter": 20133,
            "year": 2013,
            "quarter": 3,
            "eps": 1.35,
            "eps_growth_year": -29.16,
            "eps_4q": 4.27,
            "eps_4q_growth_year": -31.72,
            "roe": 5.02,
            "roe_4q": 15.86,
            "gross_profit": 362177,
            "gross_margin": 21.75,
            "gross_margin_4q_avg": 19.04,
            "net_income": 129979,
            "revenue": 1665529,
            "common_shares": 953892,
            "book_valuer_per_share": 27.21,
            "book_valuer_per_share_4q_avg": 27.86,
            "equity": 2612837,
            "current_ratio": 75.76,
            "debt_ratio": 68.87,
            "inventory_turnover_ratio": 1.1,
            "account_receivable_turnover_ratio": 0.99,
            "reinvestment_rate": null,
            "research_to_sale_ratio": null,
            "price_fair": 186.34,
            "eps_avg_yearly": 5.32,
            "eps_latest_yearly": 5.4,
            "eps_growth_yearly": 95.86
        },
        "20134": {
            "year_quarter": 20134,
            "year": 2013,
            "quarter": 4,
            "eps": 0.59,
            "eps_growth_year": -51.99,
            "eps_4q": 3.61,
            "eps_4q_growth_year": -41.03,
            "roe": 2.2,
            "roe_4q": 13.32,
            "gross_profit": 315352,
            "gross_margin": 20.07,
            "gross_margin_4q_avg": 19.58,
            "net_income": 57647,
            "revenue": 1571591,
            "common_shares": 970514,
            "book_valuer_per_share": 26.78,
            "book_valuer_per_share_4q_avg": 27.88,
            "equity": 2616345,
            "current_ratio": 77.44,
            "debt_ratio": 67.1,
            "inventory_turnover_ratio": 1.35,
            "account_receivable_turnover_ratio": 0.96,
            "reinvestment_rate": 201.61,
            "research_to_sale_ratio": null,
            "price_fair": 176.91,
            "eps_avg_yearly": 5.05,
            "eps_latest_yearly": 2.36,
            "eps_growth_yearly": 66.68
        },
        "20141": {
            "year_quarter": 20141,
            "year": 2014,
            "quarter": 1,
            "eps": 1.09,
            "eps_growth_year": -19.26,
            "eps_4q": 3.41,
            "eps_4q_growth_year": -39.6,
            "roe": 3.93,
            "roe_4q": 12.57,
            "gross_profit": 311839,
            "gross_margin": 18.96,
            "gross_margin_4q_avg": 20.02,
            "net_income": 106808,
            "revenue": 1644344,
            "common_shares": 970918,
            "book_valuer_per_share": 28.86,
            "book_valuer_per_share_4q_avg": 27.4,
            "equity": 2820581,
            "current_ratio": 75.17,
            "debt_ratio": 67.13,
            "inventory_turnover_ratio": 1.49,
            "account_receivable_turnover_ratio": 1.01,
            "reinvestment_rate": 213.5,
            "research_to_sale_ratio": null,
            "price_fair": 174.88,
            "eps_avg_yearly": 5,
            "eps_latest_yearly": 4.36,
            "eps_growth_yearly": 89.37
        },
        "20142": {
            "year_quarter": 20142,
            "year": 2014,
            "quarter": 2,
            "eps": 0.95,
            "eps_growth_year": 131.71,
            "eps_4q": 3.93,
            "eps_4q_growth_year": -17.7,
            "roe": 3.36,
            "roe_4q": 14.51,
            "gross_profit": 317276,
            "gross_margin": 17.29,
            "gross_margin_4q_avg": 19.52,
            "net_income": 92831,
            "revenue": 1834971,
            "common_shares": 979162,
            "book_valuer_per_share": 27.38,
            "book_valuer_per_share_4q_avg": 27.56,
            "equity": 2698630,
            "current_ratio": 70.01,
            "debt_ratio": 69.79,
            "inventory_turnover_ratio": 1.52,
            "account_receivable_turnover_ratio": 1.07,
            "reinvestment_rate": 206.62,
            "research_to_sale_ratio": null,
            "price_fair": 171.66,
            "eps_avg_yearly": 4.9,
            "eps_latest_yearly": 3.8,
            "eps_growth_yearly": 78.54
        },
        "20143": {
            "year_quarter": 20143,
            "year": 2014,
            "quarter": 3,
            "eps": 1.56,
            "eps_growth_year": 15.56,
            "eps_4q": 3.48,
            "eps_4q_growth_year": -18.66,
            "roe": 5.03,
            "roe_4q": 14.52,
            "gross_profit": 395314,
            "gross_margin": 19.46,
            "gross_margin_4q_avg": 18.95,
            "net_income": 165568,
            "revenue": 2031282,
            "common_shares": 1209364,
            "book_valuer_per_share": 31.93,
            "book_valuer_per_share_4q_avg": 28.74,
            "equity": 3881562,
            "current_ratio": 95.75,
            "debt_ratio": 60.47,
            "inventory_turnover_ratio": 1.62,
            "account_receivable_turnover_ratio": 1.03,
            "reinvestment_rate": 199.49,
            "research_to_sale_ratio": null,
            "price_fair": 175,
            "eps_avg_yearly": 5,
            "eps_latest_yearly": 6.24,
            "eps_growth_yearly": 91.28
        },
        "20144": {
            "year_quarter": 20144,
            "year": 2014,
            "quarter": 4,
            "eps": 0.52,
            "eps_growth_year": -11.42,
            "eps_4q": 3.49,
            "eps_4q_growth_year": -3.49,
            "roe": 1.61,
            "roe_4q": 13.93,
            "gross_profit": 297584,
            "gross_margin": 16.03,
            "gross_margin_4q_avg": 17.94,
            "net_income": 64437,
            "revenue": 1856222,
            "common_shares": 1225157,
            "book_valuer_per_share": 33.39,
            "book_valuer_per_share_4q_avg": 30.39,
            "equity": 4112170,
            "current_ratio": 96.76,
            "debt_ratio": 58.14,
            "inventory_turnover_ratio": 1.58,
            "account_receivable_turnover_ratio": 0.89,
            "reinvestment_rate": 208.4,
            "research_to_sale_ratio": null,
            "price_fair": 168.19,
            "eps_avg_yearly": 4.81,
            "eps_latest_yearly": 2.08,
            "eps_growth_yearly": 67.42
        },
        "20151": {
            "year_quarter": 20151,
            "year": 2015,
            "quarter": 1,
            "eps": 0.53,
            "eps_growth_year": -51.38,
            "eps_4q": 3.15,
            "eps_4q_growth_year": -7.78,
            "roe": 1.57,
            "roe_4q": 11.57,
            "gross_profit": 261413,
            "gross_margin": 15.08,
            "gross_margin_4q_avg": 16.97,
            "net_income": 64892,
            "revenue": 1733004,
            "common_shares": 1225157,
            "book_valuer_per_share": 33.94,
            "book_valuer_per_share_4q_avg": 31.66,
            "equity": 4179713,
            "current_ratio": 93.46,
            "debt_ratio": 58.46,
            "inventory_turnover_ratio": 1.26,
            "account_receivable_turnover_ratio": 0.91,
            "reinvestment_rate": 226.24,
            "research_to_sale_ratio": null,
            "price_fair": 162.31,
            "eps_avg_yearly": 4.64,
            "eps_latest_yearly": 2.12,
            "eps_growth_yearly": 63.68
        },
        "20152": {
            "year_quarter": 20152,
            "year": 2015,
            "quarter": 2,
            "eps": 0.63,
            "eps_growth_year": -33.68,
            "eps_4q": 3.03,
            "eps_4q_growth_year": -23.03,
            "roe": 1.97,
            "roe_4q": 10.18,
            "gross_profit": 356594,
            "gross_margin": 17.1,
            "gross_margin_4q_avg": 16.92,
            "net_income": 78019,
            "revenue": 2085074,
            "common_shares": 1225950,
            "book_valuer_per_share": 30.3,
            "book_valuer_per_share_4q_avg": 32.39,
            "equity": 3735504,
            "current_ratio": 82.5,
            "debt_ratio": 64.68,
            "inventory_turnover_ratio": 1.25,
            "account_receivable_turnover_ratio": 1.02,
            "reinvestment_rate": 237.41,
            "research_to_sale_ratio": null,
            "price_fair": 158.99,
            "eps_avg_yearly": 4.54,
            "eps_latest_yearly": 2.52,
            "eps_growth_yearly": 68.15
        },
        "20153": {
            "year_quarter": 20153,
            "year": 2015,
            "quarter": 3,
            "eps": 2.02,
            "eps_growth_year": 29.49,
            "eps_4q": 3.71,
            "eps_4q_growth_year": 6.6,
            "roe": 6.5,
            "roe_4q": 11.65,
            "gross_profit": 611145,
            "gross_margin": 22.72,
            "gross_margin_4q_avg": 17.73,
            "net_income": 249309,
            "revenue": 2689624,
            "common_shares": 1225950,
            "book_valuer_per_share": 31.95,
            "book_valuer_per_share_4q_avg": 32.4,
            "equity": 3938953,
            "current_ratio": 85.28,
            "debt_ratio": 64.81,
            "inventory_turnover_ratio": 1.56,
            "account_receivable_turnover_ratio": 1,
            "reinvestment_rate": 200.94,
            "research_to_sale_ratio": null,
            "price_fair": 161.88,
            "eps_avg_yearly": 4.63,
            "eps_latest_yearly": 8.08,
            "eps_growth_yearly": 106.48
        },
        "20154": {
            "year_quarter": 20154,
            "year": 2015,
            "quarter": 4,
            "eps": 1.15,
            "eps_growth_year": 120.1,
            "eps_4q": 4.34,
            "eps_4q_growth_year": 24.31,
            "roe": 3.53,
            "roe_4q": 13.57,
            "gross_profit": 411535,
            "gross_margin": 19.4,
            "gross_margin_4q_avg": 18.58,
            "net_income": 141909,
            "revenue": 2121050,
            "common_shares": 1225950,
            "book_valuer_per_share": 33.32,
            "book_valuer_per_share_4q_avg": 32.38,
            "equity": 4107060,
            "current_ratio": 85.07,
            "debt_ratio": 61.2,
            "inventory_turnover_ratio": 1.36,
            "account_receivable_turnover_ratio": 0.76,
            "reinvestment_rate": 185.34,
            "research_to_sale_ratio": null,
            "price_fair": 160.04,
            "eps_avg_yearly": 4.57,
            "eps_latest_yearly": 4.6,
            "eps_growth_yearly": 100.59
        },
        "20161": {
            "year_quarter": 20161,
            "year": 2016,
            "quarter": 1,
            "eps": 0.82,
            "eps_growth_year": 54.72,
            "eps_4q": 4.63,
            "eps_4q_growth_year": 47.11,
            "roe": 2.43,
            "roe_4q": 14.430000000000001,
            "gross_profit": 318463,
            "gross_margin": 17.34,
            "gross_margin_4q_avg": 19.14,
            "net_income": 101227,
            "revenue": 1836878,
            "common_shares": 1225950,
            "book_valuer_per_share": 34.14,
            "book_valuer_per_share_4q_avg": 32.43,
            "equity": 4207873,
            "current_ratio": 82.2,
            "debt_ratio": 59.5,
            "inventory_turnover_ratio": 1.15,
            "account_receivable_turnover_ratio": 0.79,
            "reinvestment_rate": 194.95,
            "research_to_sale_ratio": null,
            "price_fair": 151.55,
            "eps_avg_yearly": 4.33,
            "eps_latest_yearly": 3.28,
            "eps_growth_yearly": 85.51
        },
        "20162": {
            "year_quarter": 20162,
            "year": 2016,
            "quarter": 2,
            "eps": 1.04,
            "eps_growth_year": 65.08,
            "eps_4q": 5.04,
            "eps_4q_growth_year": 66.63,
            "roe": 3.12,
            "roe_4q": 15.58,
            "gross_profit": 356812,
            "gross_margin": 16.51,
            "gross_margin_4q_avg": 18.99,
            "net_income": 128702,
            "revenue": 2161541,
            "common_shares": 1225950,
            "book_valuer_per_share": 32.74,
            "book_valuer_per_share_4q_avg": 33.04,
            "equity": 4037067,
            "current_ratio": 80.63,
            "debt_ratio": 62.88,
            "inventory_turnover_ratio": 1.24,
            "account_receivable_turnover_ratio": 0.94,
            "reinvestment_rate": 186.17,
            "research_to_sale_ratio": null,
            "price_fair": 150.06,
            "eps_avg_yearly": 4.29,
            "eps_latest_yearly": 4.16,
            "eps_growth_yearly": 100.32
        },
        "20163": {
            "year_quarter": 20163,
            "year": 2016,
            "quarter": 3,
            "eps": 0.88,
            "eps_growth_year": -56.44,
            "eps_4q": 3.89,
            "eps_4q_growth_year": 5.06,
            "roe": 2.66,
            "roe_4q": 11.74,
            "gross_profit": 377103,
            "gross_margin": 14.92,
            "gross_margin_4q_avg": 17.04,
            "net_income": 107875,
            "revenue": 2527976,
            "common_shares": 1225950,
            "book_valuer_per_share": 32.97,
            "book_valuer_per_share_4q_avg": 33.29,
            "equity": 4065157,
            "current_ratio": 97.33,
            "debt_ratio": 63.27,
            "inventory_turnover_ratio": 1.55,
            "account_receivable_turnover_ratio": 0.96,
            "reinvestment_rate": 172.93,
            "research_to_sale_ratio": null,
            "price_fair": 141.05,
            "eps_avg_yearly": 4.03,
            "eps_latest_yearly": 3.52,
            "eps_growth_yearly": 82.01
        },
        "20164": {
            "year_quarter": 20164,
            "year": 2016,
            "quarter": 4,
            "eps": -0.51,
            "eps_growth_year": -144.68,
            "eps_4q": 2.23,
            "eps_4q_growth_year": -48.62,
            "roe": -1.57,
            "roe_4q": 6.640000000000001,
            "gross_profit": 230160,
            "gross_margin": 11.18,
            "gross_margin_4q_avg": 14.99,
            "net_income": -63272,
            "revenue": 2058711,
            "common_shares": 1225950,
            "book_valuer_per_share": 32.35,
            "book_valuer_per_share_4q_avg": 33.05,
            "equity": 3989012,
            "current_ratio": 92.12,
            "debt_ratio": 63.4,
            "inventory_turnover_ratio": 1.32,
            "account_receivable_turnover_ratio": 0.76,
            "reinvestment_rate": 179.86,
            "research_to_sale_ratio": null,
            "price_fair": 138.97,
            "eps_avg_yearly": 3.97,
            "eps_latest_yearly": 3.52,
            "eps_growth_yearly": 96.97
        },
        "20171": {
            "year_quarter": 20171,
            "year": 2017,
            "quarter": 1,
            "eps": 0.52,
            "eps_growth_year": -36.59,
            "eps_4q": 1.93,
            "eps_4q_growth_year": -58.4,
            "roe": 1.62,
            "roe_4q": 5.83,
            "gross_profit": 277323,
            "gross_margin": 11.82,
            "gross_margin_4q_avg": 13.61,
            "net_income": 64035,
            "revenue": 2346939,
            "common_shares": 1225950,
            "book_valuer_per_share": 31.93,
            "book_valuer_per_share_4q_avg": 32.5,
            "equity": 3937401,
            "current_ratio": 96.29,
            "debt_ratio": 63.79,
            "inventory_turnover_ratio": 1.37,
            "account_receivable_turnover_ratio": 0.9,
            "reinvestment_rate": 136.75,
            "research_to_sale_ratio": null,
            "price_fair": 135.4,
            "eps_avg_yearly": 3.87,
            "eps_latest_yearly": 3.52,
            "eps_growth_yearly": 101.11
        },
        "20172": {
            "year_quarter": 20172,
            "year": 2017,
            "quarter": 2,
            "eps": 0.03,
            "eps_growth_year": -97.12,
            "eps_4q": 0.89,
            "eps_4q_growth_year": -82.41,
            "roe": 0.11,
            "roe_4q": 2.8200000000000003,
            "gross_profit": 247129,
            "gross_margin": 10.25,
            "gross_margin_4q_avg": 12.04,
            "net_income": 4232,
            "revenue": 2411725,
            "common_shares": 1225950,
            "book_valuer_per_share": 31.88,
            "book_valuer_per_share_4q_avg": 32.28,
            "equity": 3931399,
            "current_ratio": 92.84,
            "debt_ratio": 66.93,
            "inventory_turnover_ratio": 1.29,
            "account_receivable_turnover_ratio": 0.89,
            "reinvestment_rate": 98.62,
            "research_to_sale_ratio": null,
            "price_fair": 131.6,
            "eps_avg_yearly": 3.76,
            "eps_latest_yearly": 0.12,
            "eps_growth_yearly": 94.08
        },
        "20173": {
            "year_quarter": 20173,
            "year": 2017,
            "quarter": 3,
            "eps": 0.05,
            "eps_growth_year": -94.32,
            "eps_4q": 0.08,
            "eps_4q_growth_year": -97.9,
            "roe": 0.17,
            "roe_4q": 0.33000000000000007,
            "gross_profit": 301289,
            "gross_margin": 10.03,
            "gross_margin_4q_avg": 10.82,
            "net_income": 7019,
            "revenue": 3005009,
            "common_shares": 1445180,
            "book_valuer_per_share": 30.05,
            "book_valuer_per_share_4q_avg": 31.55,
            "equity": 4366980,
            "current_ratio": 95.79,
            "debt_ratio": 64.43,
            "inventory_turnover_ratio": 1.64,
            "account_receivable_turnover_ratio": 0.95,
            "reinvestment_rate": 85.35,
            "research_to_sale_ratio": null,
            "price_fair": 118.6,
            "eps_avg_yearly": 3.39,
            "eps_latest_yearly": 0.2,
            "eps_growth_yearly": 47.63
        },
        "20174": {
            "year_quarter": 20174,
            "year": 2017,
            "quarter": 4,
            "eps": 0.02,
            "eps_growth_year": null,
            "eps_4q": 0.54,
            "eps_4q_growth_year": -75.77,
            "roe": 0.07,
            "roe_4q": 1.9700000000000002,
            "gross_profit": 258735,
            "gross_margin": 9.83,
            "gross_margin_4q_avg": 10.48,
            "net_income": 3158,
            "revenue": 2631650,
            "common_shares": 1445180,
            "book_valuer_per_share": 30.3,
            "book_valuer_per_share_4q_avg": 31.04,
            "equity": 4403352,
            "current_ratio": 100.52,
            "debt_ratio": 60.79,
            "inventory_turnover_ratio": 1.67,
            "account_receivable_turnover_ratio": 0.8,
            "reinvestment_rate": 87.72,
            "research_to_sale_ratio": null,
            "price_fair": 112.9,
            "eps_avg_yearly": 3.23,
            "eps_latest_yearly": 0.08,
            "eps_growth_yearly": 46.57
        },
        "20181": {
            "year_quarter": 20181,
            "year": 2018,
            "quarter": 1,
            "eps": 0.7,
            "eps_growth_year": 34.62,
            "eps_4q": 0.8,
            "eps_4q_growth_year": -58.44,
            "roe": 2.26,
            "roe_4q": 2.6099999999999994,
            "gross_profit": 301468,
            "gross_margin": 12.47,
            "gross_margin_4q_avg": 10.65,
            "net_income": 101938,
            "revenue": 2418489,
            "common_shares": 1445180,
            "book_valuer_per_share": 31.77,
            "book_valuer_per_share_4q_avg": 31,
            "equity": 4615979,
            "current_ratio": 99.34,
            "debt_ratio": 58.76,
            "inventory_turnover_ratio": 1.43,
            "account_receivable_turnover_ratio": 0.82,
            "reinvestment_rate": 66.43,
            "research_to_sale_ratio": null,
            "price_fair": 109,
            "eps_avg_yearly": 3.11,
            "eps_latest_yearly": 2.8,
            "eps_growth_yearly": 993.78
        },
        "20182": {
            "year_quarter": 20182,
            "year": 2018,
            "quarter": 2,
            "eps": 0.99,
            "eps_growth_year": 3200,
            "eps_4q": 1.76,
            "eps_4q_growth_year": 98.91,
            "roe": 3.09,
            "roe_4q": 5.59,
            "gross_profit": 351208,
            "gross_margin": 14.53,
            "gross_margin_4q_avg": 11.72,
            "net_income": 144087,
            "revenue": 2417728,
            "common_shares": 1445180,
            "book_valuer_per_share": 32.38,
            "book_valuer_per_share_4q_avg": 31.13,
            "equity": 4703700,
            "current_ratio": 112.07,
            "debt_ratio": 60.3,
            "inventory_turnover_ratio": 1.2,
            "account_receivable_turnover_ratio": 0.83,
            "reinvestment_rate": 44.58,
            "research_to_sale_ratio": null,
            "price_fair": 109.4,
            "eps_avg_yearly": 3.13,
            "eps_latest_yearly": 3.96,
            "eps_growth_yearly": 1009.29
        },
        "20183": {
            "year_quarter": 20183,
            "year": 2018,
            "quarter": 3,
            "eps": 2.16,
            "eps_growth_year": 4220,
            "eps_4q": 3.56,
            "eps_4q_growth_year": 4266.64,
            "roe": 6.44,
            "roe_4q": 11.860000000000001,
            "gross_profit": 616196,
            "gross_margin": 19,
            "gross_margin_4q_avg": 13.96,
            "net_income": 329923,
            "revenue": 3243204,
            "common_shares": 1618295,
            "book_valuer_per_share": 34.1,
            "book_valuer_per_share_4q_avg": 32.14,
            "equity": 5543994,
            "current_ratio": 103.24,
            "debt_ratio": 55.64,
            "inventory_turnover_ratio": 1.44,
            "account_receivable_turnover_ratio": 0.95,
            "reinvestment_rate": 39.7,
            "research_to_sale_ratio": null,
            "price_fair": 115.4,
            "eps_avg_yearly": 3.3,
            "eps_latest_yearly": 8.64,
            "eps_growth_yearly": 1024.71
        },
        "20184": {
            "year_quarter": 20184,
            "year": 2018,
            "quarter": 4,
            "eps": 1.5,
            "eps_growth_year": 6894.69,
            "eps_4q": 4.87,
            "eps_4q_growth_year": 802.75,
            "roe": 4.45,
            "roe_4q": 16.240000000000002,
            "gross_profit": 551799,
            "gross_margin": 17.82,
            "gross_margin_4q_avg": 15.96,
            "net_income": 257110,
            "revenue": 3095677,
            "common_shares": 1702295,
            "book_valuer_per_share": 35.14,
            "book_valuer_per_share_4q_avg": 33.35,
            "equity": 6008895,
            "current_ratio": 110.35,
            "debt_ratio": 50.51,
            "inventory_turnover_ratio": 1.48,
            "account_receivable_turnover_ratio": 0.83,
            "reinvestment_rate": 28.9,
            "research_to_sale_ratio": null,
            "price_fair": 125.2,
            "eps_avg_yearly": 3.58,
            "eps_latest_yearly": 6,
            "eps_growth_yearly": 1035.03
        },
        "20191": {
            "year_quarter": 20191,
            "year": 2019,
            "quarter": 1,
            "eps": 1.43,
            "eps_growth_year": 104.29,
            "eps_4q": 5.32,
            "eps_4q_growth_year": 565.1,
            "roe": 3.96,
            "roe_4q": 17.94,
            "gross_profit": 551124,
            "gross_margin": 19.35,
            "gross_margin_4q_avg": 17.68,
            "net_income": 255190,
            "revenue": 2847563,
            "common_shares": 1844234,
            "book_valuer_per_share": 37.15,
            "book_valuer_per_share_4q_avg": 34.69,
            "equity": 6879960,
            "current_ratio": 116.73,
            "debt_ratio": 44.3,
            "inventory_turnover_ratio": 1.29,
            "account_receivable_turnover_ratio": 0.82,
            "reinvestment_rate": -10.8,
            "research_to_sale_ratio": null,
            "price_fair": 134.2,
            "eps_avg_yearly": 3.83,
            "eps_latest_yearly": 5.72,
            "eps_growth_yearly": 1033.14
        },
        "20192": {
            "year_quarter": 20192,
            "year": 2019,
            "quarter": 2,
            "eps": 1.41,
            "eps_growth_year": 42.42,
            "eps_4q": 5.83,
            "eps_4q_growth_year": 230.64,
            "roe": 3.76,
            "roe_4q": 18.61,
            "gross_profit": 535521,
            "gross_margin": 21.82,
            "gross_margin_4q_avg": 19.5,
            "net_income": 263649,
            "revenue": 2454752,
            "common_shares": 1887520,
            "book_valuer_per_share": 37.69,
            "book_valuer_per_share_4q_avg": 36.02,
            "equity": 7146454,
            "current_ratio": 117.65,
            "debt_ratio": 44.68,
            "inventory_turnover_ratio": 0.87,
            "account_receivable_turnover_ratio": 0.76,
            "reinvestment_rate": -10.89,
            "research_to_sale_ratio": 0.22,
            "price_fair": 142,
            "eps_avg_yearly": 4.06,
            "eps_latest_yearly": 5.64,
            "eps_growth_yearly": 1027.35
        },
        "20193": {
            "year_quarter": 20193,
            "year": 2019,
            "quarter": 3,
            "eps": 1.4,
            "eps_growth_year": -35.19,
            "eps_4q": 5.48,
            "eps_4q_growth_year": 53.91,
            "roe": 3.64,
            "roe_4q": 15.809999999999999,
            "gross_profit": 544261,
            "gross_margin": 19.39,
            "gross_margin_4q_avg": 19.6,
            "net_income": 265154,
            "revenue": 2806299,
            "common_shares": 1890409,
            "book_valuer_per_share": 39.13,
            "book_valuer_per_share_4q_avg": 37.28,
            "equity": 7430454,
            "current_ratio": 136.81,
            "debt_ratio": 40.4,
            "inventory_turnover_ratio": 0.99,
            "account_receivable_turnover_ratio": 0.88,
            "reinvestment_rate": -13.47,
            "research_to_sale_ratio": 0.2,
            "price_fair": 135.8,
            "eps_avg_yearly": 3.88,
            "eps_latest_yearly": 5.6,
            "eps_growth_yearly": 964.11
        },
        "20194": {
            "year_quarter": 20194,
            "year": 2019,
            "quarter": 4,
            "eps": 0.25,
            "eps_growth_year": -83.66,
            "eps_4q": 4.37,
            "eps_4q_growth_year": -10.21,
            "roe": 0.63,
            "roe_4q": 11.990000000000002,
            "gross_profit": 339101,
            "gross_margin": 14.88,
            "gross_margin_4q_avg": 18.86,
            "net_income": 46657,
            "revenue": 2278635,
            "common_shares": 1890409,
            "book_valuer_per_share": 39.21,
            "book_valuer_per_share_4q_avg": 38.3,
            "equity": 7445489,
            "current_ratio": 146.02,
            "debt_ratio": 36.95,
            "inventory_turnover_ratio": 1,
            "account_receivable_turnover_ratio": 0.75,
            "reinvestment_rate": -3.14,
            "research_to_sale_ratio": 0.29,
            "price_fair": 126.8,
            "eps_avg_yearly": 3.62,
            "eps_latest_yearly": 1,
            "eps_growth_yearly": 952.95
        },
        "20201": {
            "year_quarter": 20201,
            "year": 2020,
            "quarter": 1,
            "eps": 1.5,
            "eps_growth_year": 4.9,
            "eps_4q": 4.51,
            "eps_4q_growth_year": -15.26,
            "roe": 3.93,
            "roe_4q": 11.96,
            "gross_profit": 559259,
            "gross_margin": 21.47,
            "gross_margin_4q_avg": 19.39,
            "net_income": 285272,
            "revenue": 2604766,
            "common_shares": 1899331,
            "book_valuer_per_share": 37.04,
            "book_valuer_per_share_4q_avg": 38.27,
            "equity": 7066760,
            "current_ratio": 129.08,
            "debt_ratio": 42.41,
            "inventory_turnover_ratio": 1.08,
            "account_receivable_turnover_ratio": 0.9,
            "reinvestment_rate": -11.14,
            "research_to_sale_ratio": 0.38,
            "price_fair": 133.6,
            "eps_avg_yearly": 3.82,
            "eps_latest_yearly": 6,
            "eps_growth_yearly": 1104.01
        },
        "20202": {
            "year_quarter": 20202,
            "year": 2020,
            "quarter": 2,
            "eps": 1.83,
            "eps_growth_year": 29.79,
            "eps_4q": 4.96,
            "eps_4q_growth_year": -15.05,
            "roe": 4.9,
            "roe_4q": 13.100000000000001,
            "gross_profit": 672468,
            "gross_margin": 22.54,
            "gross_margin_4q_avg": 19.57,
            "net_income": 348203,
            "revenue": 2983052,
            "common_shares": 1899380,
            "book_valuer_per_share": 37.49,
            "book_valuer_per_share_4q_avg": 38.22,
            "equity": 7155832,
            "current_ratio": 121.75,
            "debt_ratio": 47.78,
            "inventory_turnover_ratio": 1.08,
            "account_receivable_turnover_ratio": 0.97,
            "reinvestment_rate": 9.58,
            "research_to_sale_ratio": 0.27,
            "price_fair": 141.5,
            "eps_avg_yearly": 4.04,
            "eps_latest_yearly": 7.32,
            "eps_growth_yearly": 1102.63
        },
        "20203": {
            "year_quarter": 20203,
            "year": 2020,
            "quarter": 3,
            "eps": 1.89,
            "eps_growth_year": 35,
            "eps_4q": 5.46,
            "eps_4q_growth_year": -0.43,
            "roe": 5.05,
            "roe_4q": 14.51,
            "gross_profit": 690724,
            "gross_margin": 21.43,
            "gross_margin_4q_avg": 20.08,
            "net_income": 361347,
            "revenue": 3222813,
            "common_shares": 1899380,
            "book_valuer_per_share": 37.56,
            "book_valuer_per_share_4q_avg": 37.83,
            "equity": 7167406,
            "current_ratio": 129.76,
            "debt_ratio": 47.25,
            "inventory_turnover_ratio": 1.19,
            "account_receivable_turnover_ratio": 0.93,
            "reinvestment_rate": 15.02,
            "research_to_sale_ratio": 0.26,
            "price_fair": 151.6,
            "eps_avg_yearly": 4.33,
            "eps_latest_yearly": 7.56,
            "eps_growth_yearly": 1107.96
        },
        "20204": {
            "year_quarter": 20204,
            "year": 2020,
            "quarter": 4,
            "eps": 1.1,
            "eps_growth_year": 345.82,
            "eps_4q": 6.31,
            "eps_4q_growth_year": 44.24,
            "roe": 2.82,
            "roe_4q": 16.7,
            "gross_profit": 585050,
            "gross_margin": 19.36,
            "gross_margin_4q_avg": 21.2,
            "net_income": 208933,
            "revenue": 3021882,
            "common_shares": 1899380,
            "book_valuer_per_share": 40.14,
            "book_valuer_per_share_4q_avg": 38.06,
            "equity": 7660971,
            "current_ratio": 132.05,
            "debt_ratio": 49.82,
            "inventory_turnover_ratio": 1.16,
            "account_receivable_turnover_ratio": 0.82,
            "reinvestment_rate": 45.65,
            "research_to_sale_ratio": 0.3,
            "price_fair": 151.76,
            "eps_avg_yearly": 4.34,
            "eps_latest_yearly": 4.4,
            "eps_growth_yearly": 1022.95
        },
        "20211": {
            "year_quarter": 20211,
            "year": 2021,
            "quarter": 1,
            "eps": 0.81,
            "eps_growth_year": -46,
            "eps_4q": 5.63,
            "eps_4q_growth_year": 24.73,
            "roe": 2.05,
            "roe_4q": 14.819999999999999,
            "gross_profit": 616210,
            "gross_margin": 18.9,
            "gross_margin_4q_avg": 20.56,
            "net_income": 155059,
            "revenue": 3260404,
            "common_shares": 1899380,
            "book_valuer_per_share": 39.12,
            "book_valuer_per_share_4q_avg": 38.58,
            "equity": 7461750,
            "current_ratio": 122.79,
            "debt_ratio": 53.87,
            "inventory_turnover_ratio": 1.15,
            "account_receivable_turnover_ratio": 0.88,
            "reinvestment_rate": 69.86,
            "research_to_sale_ratio": 0.3,
            "price_fair": 149.36,
            "eps_avg_yearly": 4.27,
            "eps_latest_yearly": 3.24,
            "eps_growth_yearly": 952.42
        },
        "20212": {
            "year_quarter": 20212,
            "year": 2021,
            "quarter": 2,
            "eps": 1.53,
            "eps_growth_year": -16.39,
            "eps_4q": 5.34,
            "eps_4q_growth_year": 7.69,
            "roe": 3.93,
            "roe_4q": 13.850000000000001,
            "gross_profit": 667299,
            "gross_margin": 19.1,
            "gross_margin_4q_avg": 19.7,
            "net_income": 292610,
            "revenue": 3493057,
            "common_shares": 1899380,
            "book_valuer_per_share": 38.92,
            "book_valuer_per_share_4q_avg": 38.94,
            "equity": 7423987,
            "current_ratio": 116.01,
            "debt_ratio": 56.94,
            "inventory_turnover_ratio": 1.1,
            "account_receivable_turnover_ratio": 0.95,
            "reinvestment_rate": 70.54,
            "research_to_sale_ratio": 0.32,
            "price_fair": 162.49,
            "eps_avg_yearly": 4.64,
            "eps_latest_yearly": 6.12,
            "eps_growth_yearly": 998.2
        },
        "20213": {
            "year_quarter": 20213,
            "year": 2021,
            "quarter": 3,
            "eps": 2.01,
            "eps_growth_year": 6.35,
            "eps_4q": 5.45,
            "eps_4q_growth_year": -0.21,
            "roe": 5.37,
            "roe_4q": 14.170000000000002,
            "gross_profit": 840603,
            "gross_margin": 23.28,
            "gross_margin_4q_avg": 20.16,
            "net_income": 382693,
            "revenue": 3610633,
            "common_shares": 1899380,
            "book_valuer_per_share": 35.8,
            "book_valuer_per_share_4q_avg": 38.5,
            "equity": 6831230,
            "current_ratio": 113.09,
            "debt_ratio": 62.03,
            "inventory_turnover_ratio": 0.91,
            "account_receivable_turnover_ratio": 0.99,
            "reinvestment_rate": 69.72,
            "research_to_sale_ratio": 0.28,
            "price_fair": 179.64,
            "eps_avg_yearly": 5.13,
            "eps_latest_yearly": 8.04,
            "eps_growth_yearly": 989.38
        },
        "20214": {
            "year_quarter": 20214,
            "year": 2021,
            "quarter": 4,
            "eps": 2.9,
            "eps_growth_year": 164.9,
            "eps_4q": 7.25,
            "eps_4q_growth_year": 14.96,
            "roe": 7.76,
            "roe_4q": 19.11,
            "gross_profit": 994853,
            "gross_margin": 22.42,
            "gross_margin_4q_avg": 20.93,
            "net_income": 553520,
            "revenue": 4436589,
            "common_shares": 1899380,
            "book_valuer_per_share": 38.94,
            "book_valuer_per_share_4q_avg": 38.2,
            "equity": 7429681,
            "current_ratio": 101.93,
            "debt_ratio": 62.47,
            "inventory_turnover_ratio": 0.98,
            "account_receivable_turnover_ratio": 1.1,
            "reinvestment_rate": 90.48,
            "research_to_sale_ratio": 0.33,
            "price_fair": 204.84,
            "eps_avg_yearly": 5.85,
            "eps_latest_yearly": 11.6,
            "eps_growth_yearly": 1015.45
        },
        "20221": {
            "year_quarter": 20221,
            "year": 2022,
            "quarter": 1,
            "eps": 2.18,
            "eps_growth_year": 169.14,
            "eps_4q": 8.62,
            "eps_4q_growth_year": 53.18,
            "roe": 5.34,
            "roe_4q": 22.4,
            "gross_profit": 854933,
            "gross_margin": 20.63,
            "gross_margin_4q_avg": 21.36,
            "net_income": 415732,
            "revenue": 4144906,
            "common_shares": 1899380,
            "book_valuer_per_share": 42.65,
            "book_valuer_per_share_4q_avg": 39.08,
            "equity": 8136162,
            "current_ratio": 103.23,
            "debt_ratio": 60.86,
            "inventory_turnover_ratio": 0.85,
            "account_receivable_turnover_ratio": 0.96,
            "reinvestment_rate": 102.71,
            "research_to_sale_ratio": 0.29,
            "price_fair": 217.79,
            "eps_avg_yearly": 6.22,
            "eps_latest_yearly": 8.72,
            "eps_growth_yearly": 159.24
        },
        "20222": {
            "year_quarter": 20222,
            "year": 2022,
            "quarter": 2,
            "eps": 1.9,
            "eps_growth_year": 24.18,
            "eps_4q": 8.99,
            "eps_4q_growth_year": 68.43,
            "roe": 4.62,
            "roe_4q": 23.09,
            "gross_profit": 896367,
            "gross_margin": 22.57,
            "gross_margin_4q_avg": 22.23,
            "net_income": 362644,
            "revenue": 3971374,
            "common_shares": 1899380,
            "book_valuer_per_share": 39.58,
            "book_valuer_per_share_4q_avg": 39.24,
            "equity": 7554408,
            "current_ratio": 96.24,
            "debt_ratio": 63.33,
            "inventory_turnover_ratio": 0.76,
            "account_receivable_turnover_ratio": 0.94,
            "reinvestment_rate": 99.09,
            "research_to_sale_ratio": 0.46,
            "price_fair": 225.75,
            "eps_avg_yearly": 6.45,
            "eps_latest_yearly": 7.6,
            "eps_growth_yearly": 145.67
        },
        "20223": {
            "year_quarter": 20223,
            "year": 2022,
            "quarter": 3,
            "eps": 0.3,
            "eps_growth_year": -85.07,
            "eps_4q": 7.29,
            "eps_4q_growth_year": 33.75,
            "roe": 0.77,
            "roe_4q": 18.490000000000002,
            "gross_profit": 538414,
            "gross_margin": 16.83,
            "gross_margin_4q_avg": 20.61,
            "net_income": 58119,
            "revenue": 3199090,
            "common_shares": 1899380,
            "book_valuer_per_share": 39.58,
            "book_valuer_per_share_4q_avg": 40.19,
            "equity": 7548391,
            "current_ratio": 111.18,
            "debt_ratio": 62.55,
            "inventory_turnover_ratio": 0.7,
            "account_receivable_turnover_ratio": 0.75,
            "reinvestment_rate": 102.57,
            "research_to_sale_ratio": 0.33,
            "price_fair": 209.48,
            "eps_avg_yearly": 5.99,
            "eps_latest_yearly": 1.2,
            "eps_growth_yearly": 95.08
        },
        "20224": {
            "year_quarter": 20224,
            "year": 2022,
            "quarter": 4,
            "eps": 0.22,
            "eps_growth_year": -92.45,
            "eps_4q": 4.6,
            "eps_4q_growth_year": -36.54,
            "roe": 0.54,
            "roe_4q": 11.27,
            "gross_profit": 539633,
            "gross_margin": 15.03,
            "gross_margin_4q_avg": 18.77,
            "net_income": 41872,
            "revenue": 3590855,
            "common_shares": 1899380,
            "book_valuer_per_share": 42.11,
            "book_valuer_per_share_4q_avg": 40.98,
            "equity": 8031540,
            "current_ratio": 110.85,
            "debt_ratio": 59.89,
            "inventory_turnover_ratio": 0.93,
            "account_receivable_turnover_ratio": 0.85,
            "reinvestment_rate": 122.02,
            "research_to_sale_ratio": 0.35,
            "price_fair": 198.28,
            "eps_avg_yearly": 5.67,
            "eps_latest_yearly": 0.88,
            "eps_growth_yearly": 96.05
        },
        "20231": {
            "year_quarter": 20231,
            "year": 2023,
            "quarter": 1,
            "eps": -0.5,
            "eps_growth_year": -122.94,
            "eps_4q": 1.93,
            "eps_4q_growth_year": -77.65,
            "roe": -1.22,
            "roe_4q": 4.71,
            "gross_profit": 390260,
            "gross_margin": 11.85,
            "gross_margin_4q_avg": 16.57,
            "net_income": -94902,
            "revenue": 3293734,
            "common_shares": 1899380,
            "book_valuer_per_share": 39.78,
            "book_valuer_per_share_4q_avg": 40.26,
            "equity": 7588303,
            "current_ratio": 105.98,
            "debt_ratio": 62.51,
            "inventory_turnover_ratio": 0.9,
            "account_receivable_turnover_ratio": 0.93,
            "reinvestment_rate": 147.23,
            "research_to_sale_ratio": 0.44,
            "price_fair": 198.15,
            "eps_avg_yearly": 5.66,
            "eps_latest_yearly": 0.88,
            "eps_growth_yearly": 103.7
        }
    },
    "months": {
        "2011-07": {
            "month": "2011-07",
            "price": "32.00",
            "revenue": 451476
        },
        "2011-08": {
            "month": "2011-08",
            "price": "31.84",
            "revenue": 447134
        },
        "2011-09": {
            "month": "2011-09",
            "price": "35.50",
            "revenue": 440809
        },
        "2011-10": {
            "month": "2011-10",
            "price": "31.34",
            "revenue": 466210
        },
        "2011-11": {
            "month": "2011-11",
            "price": "32.41",
            "revenue": 503741
        },
        "2011-12": {
            "month": "2011-12",
            "price": "28.05",
            "revenue": 444044
        },
        "2012-01": {
            "month": "2012-01",
            "price": "29.05",
            "revenue": 443418
        },
        "2012-02": {
            "month": "2012-02",
            "price": "42.41",
            "revenue": 431353
        },
        "2012-03": {
            "month": "2012-03",
            "price": "48.01",
            "revenue": 482792
        },
        "2012-04": {
            "month": "2012-04",
            "price": "45.84",
            "revenue": 401549
        },
        "2012-05": {
            "month": "2012-05",
            "price": "44.55",
            "revenue": 475940
        },
        "2012-06": {
            "month": "2012-06",
            "price": "42.16",
            "revenue": 458064
        },
        "2012-07": {
            "month": "2012-07",
            "price": "43.80",
            "revenue": 545030
        },
        "2012-08": {
            "month": "2012-08",
            "price": "47.05",
            "revenue": 547186
        },
        "2012-09": {
            "month": "2012-09",
            "price": "47.72",
            "revenue": 527708
        },
        "2012-10": {
            "month": "2012-10",
            "price": "42.97",
            "revenue": 517730
        },
        "2012-11": {
            "month": "2012-11",
            "price": "41.88",
            "revenue": 489953
        },
        "2012-12": {
            "month": "2012-12",
            "price": "41.53",
            "revenue": 420609
        },
        "2013-01": {
            "month": "2013-01",
            "price": "38.81",
            "revenue": 513376
        },
        "2013-02": {
            "month": "2013-02",
            "price": "41.96",
            "revenue": 476316
        },
        "2013-03": {
            "month": "2013-03",
            "price": "43.19",
            "revenue": 513189
        },
        "2013-04": {
            "month": "2013-04",
            "price": "43.95",
            "revenue": 576689
        },
        "2013-05": {
            "month": "2013-05",
            "price": "43.95",
            "revenue": 512323
        },
        "2013-06": {
            "month": "2013-06",
            "price": "43.02",
            "revenue": 511772
        },
        "2013-07": {
            "month": "2013-07",
            "price": "40.63",
            "revenue": 583669
        },
        "2013-08": {
            "month": "2013-08",
            "price": "35.07",
            "revenue": 563803
        },
        "2013-09": {
            "month": "2013-09",
            "price": "32.68",
            "revenue": 526636
        },
        "2013-10": {
            "month": "2013-10",
            "price": "34.54",
            "revenue": 592211
        },
        "2013-11": {
            "month": "2013-11",
            "price": "36.17",
            "revenue": 518554
        },
        "2013-12": {
            "month": "2013-12",
            "price": "36.98",
            "revenue": 448390
        },
        "2014-01": {
            "month": "2014-01",
            "price": "39.64",
            "revenue": 512888
        },
        "2014-02": {
            "month": "2014-02",
            "price": "40.18",
            "revenue": 534603
        },
        "2014-03": {
            "month": "2014-03",
            "price": "42.74",
            "revenue": 596853
        },
        "2014-04": {
            "month": "2014-04",
            "price": "42.48",
            "revenue": 587093
        },
        "2014-05": {
            "month": "2014-05",
            "price": "40.30",
            "revenue": 607073
        },
        "2014-06": {
            "month": "2014-06",
            "price": "43.14",
            "revenue": 640805
        },
        "2014-07": {
            "month": "2014-07",
            "price": "48.98",
            "revenue": 733213
        },
        "2014-08": {
            "month": "2014-08",
            "price": "46.92",
            "revenue": 683653
        },
        "2014-09": {
            "month": "2014-09",
            "price": "48.61",
            "revenue": 614417
        },
        "2014-10": {
            "month": "2014-10",
            "price": "42.58",
            "revenue": 659711
        },
        "2014-11": {
            "month": "2014-11",
            "price": "40.84",
            "revenue": 671239
        },
        "2014-12": {
            "month": "2014-12",
            "price": "42.65",
            "revenue": 525271
        },
        "2015-01": {
            "month": "2015-01",
            "price": "44.14",
            "revenue": 612924
        },
        "2015-02": {
            "month": "2015-02",
            "price": "44.83",
            "revenue": 610618
        },
        "2015-03": {
            "month": "2015-03",
            "price": "47.38",
            "revenue": 509463
        },
        "2015-04": {
            "month": "2015-04",
            "price": "46.61",
            "revenue": 633236
        },
        "2015-05": {
            "month": "2015-05",
            "price": "45.06",
            "revenue": 687446
        },
        "2015-06": {
            "month": "2015-06",
            "price": "47.58",
            "revenue": 764392
        },
        "2015-07": {
            "month": "2015-07",
            "price": "46.84",
            "revenue": 858051
        },
        "2015-08": {
            "month": "2015-08",
            "price": "39.37",
            "revenue": 879459
        },
        "2015-09": {
            "month": "2015-09",
            "price": "39.06",
            "revenue": 952115
        },
        "2015-10": {
            "month": "2015-10",
            "price": "41.37",
            "revenue": 852431
        },
        "2015-11": {
            "month": "2015-11",
            "price": "41.70",
            "revenue": 729587
        },
        "2015-12": {
            "month": "2015-12",
            "price": "39.14",
            "revenue": 539032
        },
        "2016-01": {
            "month": "2016-01",
            "price": "34.24",
            "revenue": 585335
        },
        "2016-02": {
            "month": "2016-02",
            "price": "36.39",
            "revenue": 617994
        },
        "2016-03": {
            "month": "2016-03",
            "price": "37.98",
            "revenue": 633549
        },
        "2016-04": {
            "month": "2016-04",
            "price": "37.19",
            "revenue": 692799
        },
        "2016-05": {
            "month": "2016-05",
            "price": "36.71",
            "revenue": 779808
        },
        "2016-06": {
            "month": "2016-06",
            "price": "37.86",
            "revenue": 688917
        },
        "2016-07": {
            "month": "2016-07",
            "price": "39.84",
            "revenue": 921162
        },
        "2016-08": {
            "month": "2016-08",
            "price": "40.66",
            "revenue": 874271
        },
        "2016-09": {
            "month": "2016-09",
            "price": "38.15",
            "revenue": 732605
        },
        "2016-10": {
            "month": "2016-10",
            "price": "35.50",
            "revenue": 793972
        },
        "2016-11": {
            "month": "2016-11",
            "price": "31.17",
            "revenue": 660190
        },
        "2016-12": {
            "month": "2016-12",
            "price": "30.50",
            "revenue": 604572
        },
        "2017-01": {
            "month": "2017-01",
            "price": "30.66",
            "revenue": 706267
        },
        "2017-02": {
            "month": "2017-02",
            "price": "32.73",
            "revenue": 852553
        },
        "2017-03": {
            "month": "2017-03",
            "price": "32.16",
            "revenue": 788022
        },
        "2017-04": {
            "month": "2017-04",
            "price": "28.98",
            "revenue": 800875
        },
        "2017-05": {
            "month": "2017-05",
            "price": "29.08",
            "revenue": 841929
        },
        "2017-06": {
            "month": "2017-06",
            "price": "29.65",
            "revenue": 768921
        },
        "2017-07": {
            "month": "2017-07",
            "price": "28.14",
            "revenue": 1039424
        },
        "2017-08": {
            "month": "2017-08",
            "price": "24.62",
            "revenue": 1008178
        },
        "2017-09": {
            "month": "2017-09",
            "price": "22.74",
            "revenue": 957407
        },
        "2017-10": {
            "month": "2017-10",
            "price": "21.52",
            "revenue": 1020004
        },
        "2017-11": {
            "month": "2017-11",
            "price": "20.69",
            "revenue": 925482
        },
        "2017-12": {
            "month": "2017-12",
            "price": "19.31",
            "revenue": 686163
        },
        "2018-01": {
            "month": "2018-01",
            "price": "21.52",
            "revenue": 861123
        },
        "2018-02": {
            "month": "2018-02",
            "price": "19.27",
            "revenue": 784458
        },
        "2018-03": {
            "month": "2018-03",
            "price": "19.24",
            "revenue": 772908
        },
        "2018-04": {
            "month": "2018-04",
            "price": "20.34",
            "revenue": 742632
        },
        "2018-05": {
            "month": "2018-05",
            "price": "21.97",
            "revenue": 786895
        },
        "2018-06": {
            "month": "2018-06",
            "price": "23.35",
            "revenue": 888201
        },
        "2018-07": {
            "month": "2018-07",
            "price": "27.59",
            "revenue": 1099703
        },
        "2018-08": {
            "month": "2018-08",
            "price": "32.55",
            "revenue": 1190037
        },
        "2018-09": {
            "month": "2018-09",
            "price": "33.29",
            "revenue": 953464
        },
        "2018-10": {
            "month": "2018-10",
            "price": "29.32",
            "revenue": 1237965
        },
        "2018-11": {
            "month": "2018-11",
            "price": "33.77",
            "revenue": 1008773
        },
        "2018-12": {
            "month": "2018-12",
            "price": "34.74",
            "revenue": 848939
        },
        "2019-01": {
            "month": "2019-01",
            "price": "38.54",
            "revenue": 997195
        },
        "2019-02": {
            "month": "2019-02",
            "price": "44.86",
            "revenue": 842126
        },
        "2019-03": {
            "month": "2019-03",
            "price": "41.92",
            "revenue": 1008242
        },
        "2019-04": {
            "month": "2019-04",
            "price": "48.19",
            "revenue": 789325
        },
        "2019-05": {
            "month": "2019-05",
            "price": "49.59",
            "revenue": 819882
        },
        "2019-06": {
            "month": "2019-06",
            "price": "53.02",
            "revenue": 845545
        },
        "2019-07": {
            "month": "2019-07",
            "price": "50.97",
            "revenue": 1162717
        },
        "2019-08": {
            "month": "2019-08",
            "price": "53.12",
            "revenue": 946759
        },
        "2019-09": {
            "month": "2019-09",
            "price": "46.42",
            "revenue": 696822
        },
        "2019-10": {
            "month": "2019-10",
            "price": "41.90",
            "revenue": 781140
        },
        "2019-11": {
            "month": "2019-11",
            "price": "43.21",
            "revenue": 731395
        },
        "2019-12": {
            "month": "2019-12",
            "price": "44.74",
            "revenue": 766101
        },
        "2020-01": {
            "month": "2020-01",
            "price": "47.52",
            "revenue": 840001
        },
        "2020-02": {
            "month": "2020-02",
            "price": "54.93",
            "revenue": 942240
        },
        "2020-03": {
            "month": "2020-03",
            "price": "52.03",
            "revenue": 822525
        },
        "2020-04": {
            "month": "2020-04",
            "price": "52.81",
            "revenue": 1013750
        },
        "2020-05": {
            "month": "2020-05",
            "price": "63.60",
            "revenue": 964629
        },
        "2020-06": {
            "month": "2020-06",
            "price": "69.04",
            "revenue": 1004673
        },
        "2020-07": {
            "month": "2020-07",
            "price": "79.65",
            "revenue": 1272634
        },
        "2020-08": {
            "month": "2020-08",
            "price": "74.36",
            "revenue": 1048539
        },
        "2020-09": {
            "month": "2020-09",
            "price": "73.64",
            "revenue": 901667
        },
        "2020-10": {
            "month": "2020-10",
            "price": "72.72",
            "revenue": 1088910
        },
        "2020-11": {
            "month": "2020-11",
            "price": "79.95",
            "revenue": 1001866
        },
        "2020-12": {
            "month": "2020-12",
            "price": "73.29",
            "revenue": 931210
        },
        "2021-01": {
            "month": "2021-01",
            "price": "68.78",
            "revenue": 1119312
        },
        "2021-02": {
            "month": "2021-02",
            "price": "69.42",
            "revenue": 1102313
        },
        "2021-03": {
            "month": "2021-03",
            "price": "67.73",
            "revenue": 1039230
        },
        "2021-04": {
            "month": "2021-04",
            "price": "66.35",
            "revenue": 1269671
        },
        "2021-05": {
            "month": "2021-05",
            "price": "57.01",
            "revenue": 1126261
        },
        "2021-06": {
            "month": "2021-06",
            "price": "58.10",
            "revenue": 1096507
        },
        "2021-07": {
            "month": "2021-07",
            "price": "60.49",
            "revenue": 1429989
        },
        "2021-08": {
            "month": "2021-08",
            "price": "58.21",
            "revenue": 1041186
        },
        "2021-09": {
            "month": "2021-09",
            "price": "69.72",
            "revenue": 1139625
        },
        "2021-10": {
            "month": "2021-10",
            "price": "73.76",
            "revenue": 1579315
        },
        "2021-11": {
            "month": "2021-11",
            "price": "96.04",
            "revenue": 1275329
        },
        "2021-12": {
            "month": "2021-12",
            "price": "108.19",
            "revenue": 1581865
        },
        "2022-01": {
            "month": "2022-01",
            "price": "125.53",
            "revenue": 1588418
        },
        "2022-02": {
            "month": "2022-02",
            "price": "104.33",
            "revenue": 1283210
        },
        "2022-03": {
            "month": "2022-03",
            "price": "97.65",
            "revenue": 1273278
        },
        "2022-04": {
            "month": "2022-04",
            "price": "99.77",
            "revenue": 1368147
        },
        "2022-05": {
            "month": "2022-05",
            "price": "93.57",
            "revenue": 1415929
        },
        "2022-06": {
            "month": "2022-06",
            "price": "77.91",
            "revenue": 1187297
        },
        "2022-07": {
            "month": "2022-07",
            "price": "62.79",
            "revenue": 853497
        },
        "2022-08": {
            "month": "2022-08",
            "price": "58.54",
            "revenue": 1072376
        },
        "2022-09": {
            "month": "2022-09",
            "price": "56.28",
            "revenue": 1273218
        },
        "2022-10": {
            "month": "2022-10",
            "price": "50.04",
            "revenue": 1414717
        },
        "2022-11": {
            "month": "2022-11",
            "price": "55.34",
            "revenue": 1162012
        },
        "2022-12": {
            "month": "2022-12",
            "price": "57.16",
            "revenue": 1014126
        },
        "2023-01": {
            "month": "2023-01",
            "price": "55.09",
            "revenue": 1139251
        },
        "2023-02": {
            "month": "2023-02",
            "price": "60.82",
            "revenue": 1072837
        },
        "2023-03": {
            "month": "2023-03",
            "price": "59.09",
            "revenue": 1081704
        },
        "2023-04": {
            "month": "2023-04",
            "price": "58.72",
            "revenue": 1091758
        },
        "2023-05": {
            "month": "2023-05",
            "price": "58.09",
            "revenue": 1130481
        }
    }
}
