{
    "summary": {
        "stock_name": "燦星網",
        "stock_id": "4930",
        "category": "電器電纜",
        "main_business": "小家電之製造及銷售<br>其他",
        "website_url": "http://www.starcomgistic.com",
        "ceo": "NA",
        "pe_ratio": 8,
        "report_year_from": 2009,
        "report_year_to": 2023,
        "age": 14,
        "eps_negative_percentage": 36,
        "eps_growth_avg": {
            "last_all": -35.44,
            "last_2y": 47.89,
            "last_4y": 47.89,
            "last_8y": -11.27,
            "last_12y": null,
            "last_16y": null,
            "last_20y": null,
            "at_2006_last_3y": null,
            "at_2007_last_3y": null,
            "at_2008_last_3y": null,
            "at_2009_last_3y": null,
            "at_2010_last_3y": null,
            "at_2011_last_3y": null,
            "at_2012_last_3y": null,
            "at_2013_last_3y": null,
            "at_2014_last_3y": -95.89,
            "at_2015_last_3y": -100,
            "at_2016_last_3y": -100,
            "at_2017_last_3y": -100,
            "at_2018_last_3y": -100,
            "at_2019_last_3y": -100,
            "at_2020_last_3y": 0,
            "at_2021_last_3y": 71.21,
            "at_2022_last_3y": 47.89,
            "at_2023_last_3y": 47.89,
            "at_2006_last_all": null,
            "at_2007_last_all": null,
            "at_2008_last_all": null,
            "at_2009_last_all": null,
            "at_2010_last_all": null,
            "at_2011_last_all": null,
            "at_2012_last_all": -95.89,
            "at_2013_last_all": -95.89,
            "at_2014_last_all": -95.89,
            "at_2015_last_all": -97.26,
            "at_2016_last_all": -97.26,
            "at_2017_last_all": -97.94,
            "at_2018_last_all": -97.94,
            "at_2019_last_all": -97.94,
            "at_2020_last_all": -58.35,
            "at_2021_last_all": -41.56,
            "at_2022_last_all": -35.44,
            "at_2023_last_all": -35.44
        },
        "latest_eps": 3.05,
        "latest_price": 25.3,
        "latest_roe": 8.8,
        "latest_gross_margin": 17.6,
        "latest_equity": 5850304,
        "latest_revenue": 1469925,
        "latest_gross_profit": 258724,
        "latest_net_income": 56263,
        "latest_debt_ratio": 49.8,
        "latest_current_ratio": 344.04,
        "latest_account_receivable_turnover_ratio": 2.64,
        "latest_inventory_turnover_ratio": 1.6,
        "latest_reinvestment_rate": -38.89,
        "latest_research_to_sale_ratio": 4.27
    },
    "eps_dividends": {
        "2001": {
            "cash": 0,
            "stock": 0,
            "eps": 0
        },
        "2002": {
            "cash": 0,
            "stock": 0,
            "eps": 0
        },
        "2003": {
            "cash": 0,
            "stock": 0,
            "eps": 0
        },
        "2004": {
            "cash": 0,
            "stock": 0,
            "eps": 0
        },
        "2005": {
            "cash": 0,
            "stock": 0,
            "eps": 0
        },
        "2006": {
            "cash": 0,
            "stock": 0,
            "eps": 0
        },
        "2007": {
            "cash": 0,
            "stock": 0,
            "eps": 0
        },
        "2008": {
            "cash": 0,
            "stock": 0,
            "eps": 0
        },
        "2009": {
            "cash": 0,
            "stock": 0,
            "eps": 0
        },
        "2010": {
            "cash": 0,
            "stock": 0,
            "eps": 2.31
        },
        "2011": {
            "cash": 1.4,
            "stock": 0,
            "eps": 0.19
        },
        "2012": {
            "cash": 0,
            "stock": 0,
            "eps": -1.8
        },
        "2013": {
            "cash": 0,
            "stock": 0,
            "eps": -0.3
        },
        "2014": {
            "cash": 0,
            "stock": 0,
            "eps": 6.17
        },
        "2015": {
            "cash": 4,
            "stock": 0,
            "eps": -0.6
        },
        "2016": {
            "cash": 0,
            "stock": 0,
            "eps": 0.34
        },
        "2017": {
            "cash": 0.3,
            "stock": 0,
            "eps": -1.09
        },
        "2018": {
            "cash": 0,
            "stock": 0,
            "eps": -1.48
        },
        "2019": {
            "cash": 0,
            "stock": 0,
            "eps": 0.46
        },
        "2020": {
            "cash": 0.5,
            "stock": 0,
            "eps": 2.24
        },
        "2021": {
            "cash": 3.5,
            "stock": 0,
            "eps": 3.19
        },
        "2022": {
            "cash": 4.8,
            "stock": 0,
            "eps": 3.23
        },
        "2023": {
            "cash": 2,
            "stock": 0,
            "eps": 0.31
        }
    },
    "dividends": {
        "2011-01-01": {
            "cash": 0.2,
            "stock": 0
        },
        "2011-03-09": {
            "cash": 1.2,
            "stock": 0
        },
        "2015-05-27": {
            "cash": 4,
            "stock": 0
        },
        "2017-09-13": {
            "cash": 0.3,
            "stock": 0
        },
        "2020-07-22": {
            "cash": 0.5,
            "stock": 0
        },
        "2021-04-29": {
            "cash": 3.5,
            "stock": 0
        },
        "2022-04-20": {
            "cash": 4.8,
            "stock": 0
        },
        "2023-04-26": {
            "cash": 2,
            "stock": 0
        }
    },
    "prices": {
        "200101": "無",
        "200102": "無",
        "200103": "無",
        "200104": "無",
        "200105": "無",
        "200106": "無",
        "200107": "無",
        "200108": "無",
        "200109": "無",
        "200110": "無",
        "200111": "無",
        "200112": "無",
        "200201": "無",
        "200202": "無",
        "200203": "無",
        "200204": "無",
        "200205": "無",
        "200206": "無",
        "200207": "無",
        "200208": "無",
        "200209": "無",
        "200210": "無",
        "200211": "無",
        "200212": "無",
        "200301": "無",
        "200302": "無",
        "200303": "無",
        "200304": "無",
        "200305": "無",
        "200306": "無",
        "200307": "無",
        "200308": "無",
        "200309": "無",
        "200310": "無",
        "200311": "無",
        "200312": "無",
        "200401": "無",
        "200402": "無",
        "200403": "無",
        "200404": "無",
        "200405": "無",
        "200406": "無",
        "200407": "無",
        "200408": "無",
        "200409": "無",
        "200410": "無",
        "200411": "無",
        "200412": "無",
        "200501": "無",
        "200502": "無",
        "200503": "無",
        "200504": "無",
        "200505": "無",
        "200506": "無",
        "200507": "無",
        "200508": "無",
        "200509": "無",
        "200510": "無",
        "200511": "無",
        "200512": "無",
        "200601": "無",
        "200602": "無",
        "200603": "無",
        "200604": "無",
        "200605": "無",
        "200606": "無",
        "200607": "無",
        "200608": "無",
        "200609": "無",
        "200610": "無",
        "200611": "無",
        "200612": "無",
        "200701": "無",
        "200702": "無",
        "200703": "無",
        "200704": "無",
        "200705": "無",
        "200706": "無",
        "200707": "無",
        "200708": "無",
        "200709": "無",
        "200710": "無",
        "200711": "無",
        "200712": "無",
        "200801": "無",
        "200802": "無",
        "200803": "無",
        "200804": "無",
        "200805": "無",
        "200806": "無",
        "200807": "無",
        "200808": "無",
        "200809": "無",
        "200810": "無",
        "200811": "無",
        "200812": "無",
        "200901": "無",
        "200902": "無",
        "200903": "無",
        "200904": "無",
        "200905": "無",
        "200906": "無",
        "200907": "無",
        "200908": "無",
        "200909": "無",
        "200910": "無",
        "200911": "無",
        "200912": "無",
        "201001": "無",
        "201002": "無",
        "201003": "無",
        "201004": "無",
        "201005": "無",
        "201006": "30.55",
        "201007": "34.36",
        "201008": "43.00",
        "201009": "42.02",
        "201010": "39.92",
        "201011": "39.23",
        "201012": "43.54",
        "201101": "42.88",
        "201102": "39.47",
        "201103": "33.64",
        "201104": "34.65",
        "201105": "34.73",
        "201106": "38.09",
        "201107": "34.08",
        "201108": "27.36",
        "201109": "24.15",
        "201110": "23.22",
        "201111": "21.92",
        "201112": "17.96",
        "201201": "17.95",
        "201202": "22.26",
        "201203": "21.30",
        "201204": "16.96",
        "201205": "14.59",
        "201206": "13.45",
        "201207": "12.53",
        "201208": "13.59",
        "201209": "13.50",
        "201210": "12.65",
        "201211": "10.65",
        "201212": "11.39",
        "201301": "13.29",
        "201302": "14.08",
        "201303": "14.18",
        "201304": "12.80",
        "201305": "12.85",
        "201306": "12.17",
        "201307": "11.62",
        "201308": "11.39",
        "201309": "11.19",
        "201310": "11.56",
        "201311": "13.70",
        "201312": "15.29",
        "201401": "14.75",
        "201402": "13.98",
        "201403": "13.79",
        "201404": "14.03",
        "201405": "15.44",
        "201406": "16.35",
        "201407": "15.41",
        "201408": "14.92",
        "201409": "15.95",
        "201410": "14.72",
        "201411": "17.95",
        "201412": "24.65",
        "201501": "25.08",
        "201502": "25.85",
        "201503": "28.95",
        "201504": "33.24",
        "201505": "30.71",
        "201506": "25.46",
        "201507": "19.99",
        "201508": "14.20",
        "201509": "14.75",
        "201510": "16.31",
        "201511": "16.62",
        "201512": "14.98",
        "201601": "13.63",
        "201602": "14.50",
        "201603": "15.29",
        "201604": "13.23",
        "201605": "12.22",
        "201606": "12.35",
        "201607": "12.84",
        "201608": "12.91",
        "201609": "13.08",
        "201610": "13.46",
        "201611": "12.91",
        "201612": "13.00",
        "201701": "13.35",
        "201702": "15.20",
        "201703": "14.70",
        "201704": "14.27",
        "201705": "13.73",
        "201706": "13.94",
        "201707": "13.71",
        "201708": "13.40",
        "201709": "13.24",
        "201710": "13.00",
        "201711": "12.98",
        "201712": "12.74",
        "201801": "13.11",
        "201802": "12.67",
        "201803": "12.53",
        "201804": "12.22",
        "201805": "11.46",
        "201806": "11.80",
        "201807": "12.03",
        "201808": "11.88",
        "201809": "11.79",
        "201810": "11.12",
        "201811": "10.69",
        "201812": "10.76",
        "201901": "10.76",
        "201902": "11.33",
        "201903": "12.50",
        "201904": "11.89",
        "201905": "11.38",
        "201906": "10.95",
        "201907": "11.48",
        "201908": "11.03",
        "201909": "10.57",
        "201910": "10.43",
        "201911": "10.82",
        "201912": "11.07",
        "202001": "10.87",
        "202002": "10.34",
        "202003": "8.78",
        "202004": "9.08",
        "202005": "9.79",
        "202006": "10.46",
        "202007": "10.38",
        "202008": "11.79",
        "202009": "13.96",
        "202010": "14.59",
        "202011": "18.57",
        "202012": "19.69",
        "202101": "18.79",
        "202102": "18.90",
        "202103": "25.33",
        "202104": "31.62",
        "202105": "24.60",
        "202106": "24.96",
        "202107": "24.96",
        "202108": "23.79",
        "202109": "22.44",
        "202110": "21.24",
        "202111": "25.32",
        "202112": "25.30",
        "202201": "25.69",
        "202202": "27.72",
        "202203": "29.28",
        "202204": "29.18",
        "202205": "25.57",
        "202206": "26.25",
        "202207": "23.52",
        "202208": "25.87",
        "202209": "25.46",
        "202210": "24.30",
        "202211": "25.43",
        "202212": "26.92",
        "202301": "27.44",
        "202302": "29.16",
        "202303": "29.59",
        "202304": "25.87",
        "202305": "25.57"
    },
    "quarters": {
        "20011": {
            "year_quarter": 20011,
            "year": 2001,
            "quarter": 1,
            "eps": null,
            "eps_growth_year": null,
            "eps_4q": null,
            "eps_4q_growth_year": null,
            "roe": null,
            "roe_4q": 0,
            "gross_profit": null,
            "gross_margin": null,
            "gross_margin_4q_avg": 0,
            "net_income": null,
            "revenue": null,
            "common_shares": null,
            "book_valuer_per_share": null,
            "book_valuer_per_share_4q_avg": 0,
            "equity": null,
            "current_ratio": null,
            "debt_ratio": null,
            "inventory_turnover_ratio": null,
            "account_receivable_turnover_ratio": null,
            "reinvestment_rate": null,
            "research_to_sale_ratio": null,
            "price_fair": 0,
            "eps_avg_yearly": 0,
            "eps_latest_yearly": 0,
            "eps_growth_yearly": 0
        },
        "20012": {
            "year_quarter": 20012,
            "year": 2001,
            "quarter": 2,
            "eps": null,
            "eps_growth_year": null,
            "eps_4q": null,
            "eps_4q_growth_year": null,
            "roe": null,
            "roe_4q": 0,
            "gross_profit": null,
            "gross_margin": null,
            "gross_margin_4q_avg": 0,
            "net_income": null,
            "revenue": null,
            "common_shares": null,
            "book_valuer_per_share": null,
            "book_valuer_per_share_4q_avg": 0,
            "equity": null,
            "current_ratio": null,
            "debt_ratio": null,
            "inventory_turnover_ratio": null,
            "account_receivable_turnover_ratio": null,
            "reinvestment_rate": null,
            "research_to_sale_ratio": null,
            "price_fair": 0,
            "eps_avg_yearly": 0,
            "eps_latest_yearly": 0,
            "eps_growth_yearly": 0
        },
        "20013": {
            "year_quarter": 20013,
            "year": 2001,
            "quarter": 3,
            "eps": null,
            "eps_growth_year": null,
            "eps_4q": null,
            "eps_4q_growth_year": null,
            "roe": null,
            "roe_4q": 0,
            "gross_profit": null,
            "gross_margin": null,
            "gross_margin_4q_avg": 0,
            "net_income": null,
            "revenue": null,
            "common_shares": null,
            "book_valuer_per_share": null,
            "book_valuer_per_share_4q_avg": 0,
            "equity": null,
            "current_ratio": null,
            "debt_ratio": null,
            "inventory_turnover_ratio": null,
            "account_receivable_turnover_ratio": null,
            "reinvestment_rate": null,
            "research_to_sale_ratio": null,
            "price_fair": 0,
            "eps_avg_yearly": 0,
            "eps_latest_yearly": 0,
            "eps_growth_yearly": 0
        },
        "20014": {
            "year_quarter": 20014,
            "year": 2001,
            "quarter": 4,
            "eps": null,
            "eps_growth_year": null,
            "eps_4q": null,
            "eps_4q_growth_year": null,
            "roe": null,
            "roe_4q": 0,
            "gross_profit": null,
            "gross_margin": null,
            "gross_margin_4q_avg": 0,
            "net_income": null,
            "revenue": null,
            "common_shares": null,
            "book_valuer_per_share": null,
            "book_valuer_per_share_4q_avg": 0,
            "equity": null,
            "current_ratio": null,
            "debt_ratio": null,
            "inventory_turnover_ratio": null,
            "account_receivable_turnover_ratio": null,
            "reinvestment_rate": null,
            "research_to_sale_ratio": null,
            "price_fair": 0,
            "eps_avg_yearly": 0,
            "eps_latest_yearly": 0,
            "eps_growth_yearly": 0
        },
        "20021": {
            "year_quarter": 20021,
            "year": 2002,
            "quarter": 1,
            "eps": null,
            "eps_growth_year": null,
            "eps_4q": null,
            "eps_4q_growth_year": null,
            "roe": null,
            "roe_4q": 0,
            "gross_profit": null,
            "gross_margin": null,
            "gross_margin_4q_avg": 0,
            "net_income": null,
            "revenue": null,
            "common_shares": null,
            "book_valuer_per_share": null,
            "book_valuer_per_share_4q_avg": 0,
            "equity": null,
            "current_ratio": null,
            "debt_ratio": null,
            "inventory_turnover_ratio": null,
            "account_receivable_turnover_ratio": null,
            "reinvestment_rate": null,
            "research_to_sale_ratio": null,
            "price_fair": 0,
            "eps_avg_yearly": 0,
            "eps_latest_yearly": 0,
            "eps_growth_yearly": 0
        },
        "20022": {
            "year_quarter": 20022,
            "year": 2002,
            "quarter": 2,
            "eps": null,
            "eps_growth_year": null,
            "eps_4q": null,
            "eps_4q_growth_year": null,
            "roe": null,
            "roe_4q": 0,
            "gross_profit": null,
            "gross_margin": null,
            "gross_margin_4q_avg": 0,
            "net_income": null,
            "revenue": null,
            "common_shares": null,
            "book_valuer_per_share": null,
            "book_valuer_per_share_4q_avg": 0,
            "equity": null,
            "current_ratio": null,
            "debt_ratio": null,
            "inventory_turnover_ratio": null,
            "account_receivable_turnover_ratio": null,
            "reinvestment_rate": null,
            "research_to_sale_ratio": null,
            "price_fair": 0,
            "eps_avg_yearly": 0,
            "eps_latest_yearly": 0,
            "eps_growth_yearly": 0
        },
        "20023": {
            "year_quarter": 20023,
            "year": 2002,
            "quarter": 3,
            "eps": null,
            "eps_growth_year": null,
            "eps_4q": null,
            "eps_4q_growth_year": null,
            "roe": null,
            "roe_4q": 0,
            "gross_profit": null,
            "gross_margin": null,
            "gross_margin_4q_avg": 0,
            "net_income": null,
            "revenue": null,
            "common_shares": null,
            "book_valuer_per_share": null,
            "book_valuer_per_share_4q_avg": 0,
            "equity": null,
            "current_ratio": null,
            "debt_ratio": null,
            "inventory_turnover_ratio": null,
            "account_receivable_turnover_ratio": null,
            "reinvestment_rate": null,
            "research_to_sale_ratio": null,
            "price_fair": 0,
            "eps_avg_yearly": 0,
            "eps_latest_yearly": 0,
            "eps_growth_yearly": 0
        },
        "20024": {
            "year_quarter": 20024,
            "year": 2002,
            "quarter": 4,
            "eps": null,
            "eps_growth_year": null,
            "eps_4q": null,
            "eps_4q_growth_year": null,
            "roe": null,
            "roe_4q": 0,
            "gross_profit": null,
            "gross_margin": null,
            "gross_margin_4q_avg": 0,
            "net_income": null,
            "revenue": null,
            "common_shares": null,
            "book_valuer_per_share": null,
            "book_valuer_per_share_4q_avg": 0,
            "equity": null,
            "current_ratio": null,
            "debt_ratio": null,
            "inventory_turnover_ratio": null,
            "account_receivable_turnover_ratio": null,
            "reinvestment_rate": null,
            "research_to_sale_ratio": null,
            "price_fair": 0,
            "eps_avg_yearly": 0,
            "eps_latest_yearly": 0,
            "eps_growth_yearly": 0
        },
        "20031": {
            "year_quarter": 20031,
            "year": 2003,
            "quarter": 1,
            "eps": null,
            "eps_growth_year": null,
            "eps_4q": null,
            "eps_4q_growth_year": null,
            "roe": null,
            "roe_4q": 0,
            "gross_profit": null,
            "gross_margin": null,
            "gross_margin_4q_avg": 0,
            "net_income": null,
            "revenue": null,
            "common_shares": null,
            "book_valuer_per_share": null,
            "book_valuer_per_share_4q_avg": 0,
            "equity": null,
            "current_ratio": null,
            "debt_ratio": null,
            "inventory_turnover_ratio": null,
            "account_receivable_turnover_ratio": null,
            "reinvestment_rate": null,
            "research_to_sale_ratio": null,
            "price_fair": 0,
            "eps_avg_yearly": 0,
            "eps_latest_yearly": 0,
            "eps_growth_yearly": 0
        },
        "20032": {
            "year_quarter": 20032,
            "year": 2003,
            "quarter": 2,
            "eps": null,
            "eps_growth_year": null,
            "eps_4q": null,
            "eps_4q_growth_year": null,
            "roe": null,
            "roe_4q": 0,
            "gross_profit": null,
            "gross_margin": null,
            "gross_margin_4q_avg": 0,
            "net_income": null,
            "revenue": null,
            "common_shares": null,
            "book_valuer_per_share": null,
            "book_valuer_per_share_4q_avg": 0,
            "equity": null,
            "current_ratio": null,
            "debt_ratio": null,
            "inventory_turnover_ratio": null,
            "account_receivable_turnover_ratio": null,
            "reinvestment_rate": null,
            "research_to_sale_ratio": null,
            "price_fair": 0,
            "eps_avg_yearly": 0,
            "eps_latest_yearly": 0,
            "eps_growth_yearly": 0
        },
        "20033": {
            "year_quarter": 20033,
            "year": 2003,
            "quarter": 3,
            "eps": null,
            "eps_growth_year": null,
            "eps_4q": null,
            "eps_4q_growth_year": null,
            "roe": null,
            "roe_4q": 0,
            "gross_profit": null,
            "gross_margin": null,
            "gross_margin_4q_avg": 0,
            "net_income": null,
            "revenue": null,
            "common_shares": null,
            "book_valuer_per_share": null,
            "book_valuer_per_share_4q_avg": 0,
            "equity": null,
            "current_ratio": null,
            "debt_ratio": null,
            "inventory_turnover_ratio": null,
            "account_receivable_turnover_ratio": null,
            "reinvestment_rate": null,
            "research_to_sale_ratio": null,
            "price_fair": 0,
            "eps_avg_yearly": 0,
            "eps_latest_yearly": 0,
            "eps_growth_yearly": 0
        },
        "20034": {
            "year_quarter": 20034,
            "year": 2003,
            "quarter": 4,
            "eps": null,
            "eps_growth_year": null,
            "eps_4q": null,
            "eps_4q_growth_year": null,
            "roe": null,
            "roe_4q": 0,
            "gross_profit": null,
            "gross_margin": null,
            "gross_margin_4q_avg": 0,
            "net_income": null,
            "revenue": null,
            "common_shares": null,
            "book_valuer_per_share": null,
            "book_valuer_per_share_4q_avg": 0,
            "equity": null,
            "current_ratio": null,
            "debt_ratio": null,
            "inventory_turnover_ratio": null,
            "account_receivable_turnover_ratio": null,
            "reinvestment_rate": null,
            "research_to_sale_ratio": null,
            "price_fair": 0,
            "eps_avg_yearly": 0,
            "eps_latest_yearly": 0,
            "eps_growth_yearly": 0
        },
        "20041": {
            "year_quarter": 20041,
            "year": 2004,
            "quarter": 1,
            "eps": null,
            "eps_growth_year": null,
            "eps_4q": null,
            "eps_4q_growth_year": null,
            "roe": null,
            "roe_4q": 0,
            "gross_profit": null,
            "gross_margin": null,
            "gross_margin_4q_avg": 0,
            "net_income": null,
            "revenue": null,
            "common_shares": null,
            "book_valuer_per_share": null,
            "book_valuer_per_share_4q_avg": 0,
            "equity": null,
            "current_ratio": null,
            "debt_ratio": null,
            "inventory_turnover_ratio": null,
            "account_receivable_turnover_ratio": null,
            "reinvestment_rate": null,
            "research_to_sale_ratio": null,
            "price_fair": 0,
            "eps_avg_yearly": 0,
            "eps_latest_yearly": 0,
            "eps_growth_yearly": 0
        },
        "20042": {
            "year_quarter": 20042,
            "year": 2004,
            "quarter": 2,
            "eps": null,
            "eps_growth_year": null,
            "eps_4q": null,
            "eps_4q_growth_year": null,
            "roe": null,
            "roe_4q": 0,
            "gross_profit": null,
            "gross_margin": null,
            "gross_margin_4q_avg": 0,
            "net_income": null,
            "revenue": null,
            "common_shares": null,
            "book_valuer_per_share": null,
            "book_valuer_per_share_4q_avg": 0,
            "equity": null,
            "current_ratio": null,
            "debt_ratio": null,
            "inventory_turnover_ratio": null,
            "account_receivable_turnover_ratio": null,
            "reinvestment_rate": null,
            "research_to_sale_ratio": null,
            "price_fair": 0,
            "eps_avg_yearly": 0,
            "eps_latest_yearly": 0,
            "eps_growth_yearly": 0
        },
        "20043": {
            "year_quarter": 20043,
            "year": 2004,
            "quarter": 3,
            "eps": null,
            "eps_growth_year": null,
            "eps_4q": null,
            "eps_4q_growth_year": null,
            "roe": null,
            "roe_4q": 0,
            "gross_profit": null,
            "gross_margin": null,
            "gross_margin_4q_avg": 0,
            "net_income": null,
            "revenue": null,
            "common_shares": null,
            "book_valuer_per_share": null,
            "book_valuer_per_share_4q_avg": 0,
            "equity": null,
            "current_ratio": null,
            "debt_ratio": null,
            "inventory_turnover_ratio": null,
            "account_receivable_turnover_ratio": null,
            "reinvestment_rate": null,
            "research_to_sale_ratio": null,
            "price_fair": 0,
            "eps_avg_yearly": 0,
            "eps_latest_yearly": 0,
            "eps_growth_yearly": 0
        },
        "20044": {
            "year_quarter": 20044,
            "year": 2004,
            "quarter": 4,
            "eps": null,
            "eps_growth_year": null,
            "eps_4q": null,
            "eps_4q_growth_year": null,
            "roe": null,
            "roe_4q": 0,
            "gross_profit": null,
            "gross_margin": null,
            "gross_margin_4q_avg": 0,
            "net_income": null,
            "revenue": null,
            "common_shares": null,
            "book_valuer_per_share": null,
            "book_valuer_per_share_4q_avg": 0,
            "equity": null,
            "current_ratio": null,
            "debt_ratio": null,
            "inventory_turnover_ratio": null,
            "account_receivable_turnover_ratio": null,
            "reinvestment_rate": null,
            "research_to_sale_ratio": null,
            "price_fair": 0,
            "eps_avg_yearly": 0,
            "eps_latest_yearly": 0,
            "eps_growth_yearly": 0
        },
        "20051": {
            "year_quarter": 20051,
            "year": 2005,
            "quarter": 1,
            "eps": null,
            "eps_growth_year": null,
            "eps_4q": null,
            "eps_4q_growth_year": null,
            "roe": null,
            "roe_4q": 0,
            "gross_profit": null,
            "gross_margin": null,
            "gross_margin_4q_avg": 0,
            "net_income": null,
            "revenue": null,
            "common_shares": null,
            "book_valuer_per_share": null,
            "book_valuer_per_share_4q_avg": 0,
            "equity": null,
            "current_ratio": null,
            "debt_ratio": null,
            "inventory_turnover_ratio": null,
            "account_receivable_turnover_ratio": null,
            "reinvestment_rate": null,
            "research_to_sale_ratio": null,
            "price_fair": 0,
            "eps_avg_yearly": 0,
            "eps_latest_yearly": 0,
            "eps_growth_yearly": 0
        },
        "20052": {
            "year_quarter": 20052,
            "year": 2005,
            "quarter": 2,
            "eps": null,
            "eps_growth_year": null,
            "eps_4q": null,
            "eps_4q_growth_year": null,
            "roe": null,
            "roe_4q": 0,
            "gross_profit": null,
            "gross_margin": null,
            "gross_margin_4q_avg": 0,
            "net_income": null,
            "revenue": null,
            "common_shares": null,
            "book_valuer_per_share": null,
            "book_valuer_per_share_4q_avg": 0,
            "equity": null,
            "current_ratio": null,
            "debt_ratio": null,
            "inventory_turnover_ratio": null,
            "account_receivable_turnover_ratio": null,
            "reinvestment_rate": null,
            "research_to_sale_ratio": null,
            "price_fair": 0,
            "eps_avg_yearly": 0,
            "eps_latest_yearly": 0,
            "eps_growth_yearly": 0
        },
        "20053": {
            "year_quarter": 20053,
            "year": 2005,
            "quarter": 3,
            "eps": null,
            "eps_growth_year": null,
            "eps_4q": null,
            "eps_4q_growth_year": null,
            "roe": null,
            "roe_4q": 0,
            "gross_profit": null,
            "gross_margin": null,
            "gross_margin_4q_avg": 0,
            "net_income": null,
            "revenue": null,
            "common_shares": null,
            "book_valuer_per_share": null,
            "book_valuer_per_share_4q_avg": 0,
            "equity": null,
            "current_ratio": null,
            "debt_ratio": null,
            "inventory_turnover_ratio": null,
            "account_receivable_turnover_ratio": null,
            "reinvestment_rate": null,
            "research_to_sale_ratio": null,
            "price_fair": 0,
            "eps_avg_yearly": 0,
            "eps_latest_yearly": 0,
            "eps_growth_yearly": 0
        },
        "20054": {
            "year_quarter": 20054,
            "year": 2005,
            "quarter": 4,
            "eps": null,
            "eps_growth_year": null,
            "eps_4q": null,
            "eps_4q_growth_year": null,
            "roe": null,
            "roe_4q": 0,
            "gross_profit": null,
            "gross_margin": null,
            "gross_margin_4q_avg": 0,
            "net_income": null,
            "revenue": null,
            "common_shares": null,
            "book_valuer_per_share": null,
            "book_valuer_per_share_4q_avg": 0,
            "equity": null,
            "current_ratio": null,
            "debt_ratio": null,
            "inventory_turnover_ratio": null,
            "account_receivable_turnover_ratio": null,
            "reinvestment_rate": null,
            "research_to_sale_ratio": null,
            "price_fair": 0,
            "eps_avg_yearly": 0,
            "eps_latest_yearly": 0,
            "eps_growth_yearly": 0
        },
        "20061": {
            "year_quarter": 20061,
            "year": 2006,
            "quarter": 1,
            "eps": null,
            "eps_growth_year": null,
            "eps_4q": null,
            "eps_4q_growth_year": null,
            "roe": null,
            "roe_4q": 0,
            "gross_profit": null,
            "gross_margin": null,
            "gross_margin_4q_avg": 0,
            "net_income": null,
            "revenue": null,
            "common_shares": null,
            "book_valuer_per_share": null,
            "book_valuer_per_share_4q_avg": 0,
            "equity": null,
            "current_ratio": null,
            "debt_ratio": null,
            "inventory_turnover_ratio": null,
            "account_receivable_turnover_ratio": null,
            "reinvestment_rate": null,
            "research_to_sale_ratio": null,
            "price_fair": 0,
            "eps_avg_yearly": 0,
            "eps_latest_yearly": 0,
            "eps_growth_yearly": 0
        },
        "20062": {
            "year_quarter": 20062,
            "year": 2006,
            "quarter": 2,
            "eps": null,
            "eps_growth_year": null,
            "eps_4q": null,
            "eps_4q_growth_year": null,
            "roe": null,
            "roe_4q": 0,
            "gross_profit": null,
            "gross_margin": null,
            "gross_margin_4q_avg": 0,
            "net_income": null,
            "revenue": null,
            "common_shares": null,
            "book_valuer_per_share": null,
            "book_valuer_per_share_4q_avg": 0,
            "equity": null,
            "current_ratio": null,
            "debt_ratio": null,
            "inventory_turnover_ratio": null,
            "account_receivable_turnover_ratio": null,
            "reinvestment_rate": null,
            "research_to_sale_ratio": null,
            "price_fair": 0,
            "eps_avg_yearly": 0,
            "eps_latest_yearly": 0,
            "eps_growth_yearly": 0
        },
        "20063": {
            "year_quarter": 20063,
            "year": 2006,
            "quarter": 3,
            "eps": null,
            "eps_growth_year": null,
            "eps_4q": null,
            "eps_4q_growth_year": null,
            "roe": null,
            "roe_4q": 0,
            "gross_profit": null,
            "gross_margin": null,
            "gross_margin_4q_avg": 0,
            "net_income": null,
            "revenue": null,
            "common_shares": null,
            "book_valuer_per_share": null,
            "book_valuer_per_share_4q_avg": 0,
            "equity": null,
            "current_ratio": null,
            "debt_ratio": null,
            "inventory_turnover_ratio": null,
            "account_receivable_turnover_ratio": null,
            "reinvestment_rate": null,
            "research_to_sale_ratio": null,
            "price_fair": 0,
            "eps_avg_yearly": 0,
            "eps_latest_yearly": 0,
            "eps_growth_yearly": 0
        },
        "20064": {
            "year_quarter": 20064,
            "year": 2006,
            "quarter": 4,
            "eps": null,
            "eps_growth_year": null,
            "eps_4q": null,
            "eps_4q_growth_year": null,
            "roe": null,
            "roe_4q": 0,
            "gross_profit": null,
            "gross_margin": null,
            "gross_margin_4q_avg": 0,
            "net_income": null,
            "revenue": null,
            "common_shares": null,
            "book_valuer_per_share": null,
            "book_valuer_per_share_4q_avg": 0,
            "equity": null,
            "current_ratio": null,
            "debt_ratio": null,
            "inventory_turnover_ratio": null,
            "account_receivable_turnover_ratio": null,
            "reinvestment_rate": null,
            "research_to_sale_ratio": null,
            "price_fair": 0,
            "eps_avg_yearly": 0,
            "eps_latest_yearly": 0,
            "eps_growth_yearly": 0
        },
        "20071": {
            "year_quarter": 20071,
            "year": 2007,
            "quarter": 1,
            "eps": null,
            "eps_growth_year": null,
            "eps_4q": null,
            "eps_4q_growth_year": null,
            "roe": null,
            "roe_4q": 0,
            "gross_profit": null,
            "gross_margin": null,
            "gross_margin_4q_avg": 0,
            "net_income": null,
            "revenue": null,
            "common_shares": null,
            "book_valuer_per_share": null,
            "book_valuer_per_share_4q_avg": 0,
            "equity": null,
            "current_ratio": null,
            "debt_ratio": null,
            "inventory_turnover_ratio": null,
            "account_receivable_turnover_ratio": null,
            "reinvestment_rate": null,
            "research_to_sale_ratio": null,
            "price_fair": 0,
            "eps_avg_yearly": 0,
            "eps_latest_yearly": 0,
            "eps_growth_yearly": 0
        },
        "20072": {
            "year_quarter": 20072,
            "year": 2007,
            "quarter": 2,
            "eps": null,
            "eps_growth_year": null,
            "eps_4q": null,
            "eps_4q_growth_year": null,
            "roe": null,
            "roe_4q": 0,
            "gross_profit": null,
            "gross_margin": null,
            "gross_margin_4q_avg": 0,
            "net_income": null,
            "revenue": null,
            "common_shares": null,
            "book_valuer_per_share": null,
            "book_valuer_per_share_4q_avg": 0,
            "equity": null,
            "current_ratio": null,
            "debt_ratio": null,
            "inventory_turnover_ratio": null,
            "account_receivable_turnover_ratio": null,
            "reinvestment_rate": null,
            "research_to_sale_ratio": null,
            "price_fair": 0,
            "eps_avg_yearly": 0,
            "eps_latest_yearly": 0,
            "eps_growth_yearly": 0
        },
        "20073": {
            "year_quarter": 20073,
            "year": 2007,
            "quarter": 3,
            "eps": null,
            "eps_growth_year": null,
            "eps_4q": null,
            "eps_4q_growth_year": null,
            "roe": null,
            "roe_4q": 0,
            "gross_profit": null,
            "gross_margin": null,
            "gross_margin_4q_avg": 0,
            "net_income": null,
            "revenue": null,
            "common_shares": null,
            "book_valuer_per_share": null,
            "book_valuer_per_share_4q_avg": 0,
            "equity": null,
            "current_ratio": null,
            "debt_ratio": null,
            "inventory_turnover_ratio": null,
            "account_receivable_turnover_ratio": null,
            "reinvestment_rate": null,
            "research_to_sale_ratio": null,
            "price_fair": 0,
            "eps_avg_yearly": 0,
            "eps_latest_yearly": 0,
            "eps_growth_yearly": 0
        },
        "20074": {
            "year_quarter": 20074,
            "year": 2007,
            "quarter": 4,
            "eps": null,
            "eps_growth_year": null,
            "eps_4q": null,
            "eps_4q_growth_year": null,
            "roe": null,
            "roe_4q": 0,
            "gross_profit": null,
            "gross_margin": null,
            "gross_margin_4q_avg": 0,
            "net_income": null,
            "revenue": null,
            "common_shares": null,
            "book_valuer_per_share": null,
            "book_valuer_per_share_4q_avg": 0,
            "equity": null,
            "current_ratio": null,
            "debt_ratio": null,
            "inventory_turnover_ratio": null,
            "account_receivable_turnover_ratio": null,
            "reinvestment_rate": null,
            "research_to_sale_ratio": null,
            "price_fair": 0,
            "eps_avg_yearly": 0,
            "eps_latest_yearly": 0,
            "eps_growth_yearly": 0
        },
        "20081": {
            "year_quarter": 20081,
            "year": 2008,
            "quarter": 1,
            "eps": null,
            "eps_growth_year": null,
            "eps_4q": null,
            "eps_4q_growth_year": null,
            "roe": null,
            "roe_4q": 0,
            "gross_profit": null,
            "gross_margin": null,
            "gross_margin_4q_avg": 0,
            "net_income": null,
            "revenue": null,
            "common_shares": null,
            "book_valuer_per_share": null,
            "book_valuer_per_share_4q_avg": 0,
            "equity": null,
            "current_ratio": null,
            "debt_ratio": null,
            "inventory_turnover_ratio": null,
            "account_receivable_turnover_ratio": null,
            "reinvestment_rate": null,
            "research_to_sale_ratio": null,
            "price_fair": 0,
            "eps_avg_yearly": 0,
            "eps_latest_yearly": 0,
            "eps_growth_yearly": 0
        },
        "20082": {
            "year_quarter": 20082,
            "year": 2008,
            "quarter": 2,
            "eps": null,
            "eps_growth_year": null,
            "eps_4q": null,
            "eps_4q_growth_year": null,
            "roe": null,
            "roe_4q": 0,
            "gross_profit": null,
            "gross_margin": null,
            "gross_margin_4q_avg": 0,
            "net_income": null,
            "revenue": null,
            "common_shares": null,
            "book_valuer_per_share": null,
            "book_valuer_per_share_4q_avg": 0,
            "equity": null,
            "current_ratio": null,
            "debt_ratio": null,
            "inventory_turnover_ratio": null,
            "account_receivable_turnover_ratio": null,
            "reinvestment_rate": null,
            "research_to_sale_ratio": null,
            "price_fair": 0,
            "eps_avg_yearly": 0,
            "eps_latest_yearly": 0,
            "eps_growth_yearly": 0
        },
        "20083": {
            "year_quarter": 20083,
            "year": 2008,
            "quarter": 3,
            "eps": null,
            "eps_growth_year": null,
            "eps_4q": null,
            "eps_4q_growth_year": null,
            "roe": null,
            "roe_4q": 0,
            "gross_profit": null,
            "gross_margin": null,
            "gross_margin_4q_avg": 0,
            "net_income": null,
            "revenue": null,
            "common_shares": null,
            "book_valuer_per_share": null,
            "book_valuer_per_share_4q_avg": 0,
            "equity": null,
            "current_ratio": null,
            "debt_ratio": null,
            "inventory_turnover_ratio": null,
            "account_receivable_turnover_ratio": null,
            "reinvestment_rate": null,
            "research_to_sale_ratio": null,
            "price_fair": 0,
            "eps_avg_yearly": 0,
            "eps_latest_yearly": 0,
            "eps_growth_yearly": 0
        },
        "20084": {
            "year_quarter": 20084,
            "year": 2008,
            "quarter": 4,
            "eps": null,
            "eps_growth_year": null,
            "eps_4q": null,
            "eps_4q_growth_year": null,
            "roe": null,
            "roe_4q": 0,
            "gross_profit": null,
            "gross_margin": null,
            "gross_margin_4q_avg": 0,
            "net_income": null,
            "revenue": null,
            "common_shares": 1926000,
            "book_valuer_per_share": 21.57,
            "book_valuer_per_share_4q_avg": 5.39,
            "equity": 5266451,
            "current_ratio": 106.3,
            "debt_ratio": 62.95,
            "inventory_turnover_ratio": null,
            "account_receivable_turnover_ratio": null,
            "reinvestment_rate": null,
            "research_to_sale_ratio": null,
            "price_fair": 0,
            "eps_avg_yearly": 0,
            "eps_latest_yearly": 0,
            "eps_growth_yearly": 0
        },
        "20091": {
            "year_quarter": 20091,
            "year": 2009,
            "quarter": 1,
            "eps": null,
            "eps_growth_year": null,
            "eps_4q": null,
            "eps_4q_growth_year": null,
            "roe": null,
            "roe_4q": 0,
            "gross_profit": null,
            "gross_margin": null,
            "gross_margin_4q_avg": 0,
            "net_income": null,
            "revenue": null,
            "common_shares": null,
            "book_valuer_per_share": null,
            "book_valuer_per_share_4q_avg": 5.39,
            "equity": null,
            "current_ratio": null,
            "debt_ratio": null,
            "inventory_turnover_ratio": null,
            "account_receivable_turnover_ratio": null,
            "reinvestment_rate": null,
            "research_to_sale_ratio": null,
            "price_fair": 0,
            "eps_avg_yearly": 0,
            "eps_latest_yearly": 0,
            "eps_growth_yearly": 0
        },
        "20092": {
            "year_quarter": 20092,
            "year": 2009,
            "quarter": 2,
            "eps": null,
            "eps_growth_year": null,
            "eps_4q": null,
            "eps_4q_growth_year": null,
            "roe": null,
            "roe_4q": 0,
            "gross_profit": null,
            "gross_margin": null,
            "gross_margin_4q_avg": 0,
            "net_income": null,
            "revenue": null,
            "common_shares": 0,
            "book_valuer_per_share": null,
            "book_valuer_per_share_4q_avg": 5.39,
            "equity": 0,
            "current_ratio": null,
            "debt_ratio": null,
            "inventory_turnover_ratio": null,
            "account_receivable_turnover_ratio": null,
            "reinvestment_rate": null,
            "research_to_sale_ratio": null,
            "price_fair": 0,
            "eps_avg_yearly": 0,
            "eps_latest_yearly": 0,
            "eps_growth_yearly": 0
        },
        "20093": {
            "year_quarter": 20093,
            "year": 2009,
            "quarter": 3,
            "eps": null,
            "eps_growth_year": null,
            "eps_4q": null,
            "eps_4q_growth_year": null,
            "roe": null,
            "roe_4q": 0,
            "gross_profit": 0,
            "gross_margin": null,
            "gross_margin_4q_avg": 0,
            "net_income": 0,
            "revenue": 0,
            "common_shares": 0,
            "book_valuer_per_share": null,
            "book_valuer_per_share_4q_avg": 5.39,
            "equity": 0,
            "current_ratio": null,
            "debt_ratio": null,
            "inventory_turnover_ratio": null,
            "account_receivable_turnover_ratio": null,
            "reinvestment_rate": null,
            "research_to_sale_ratio": null,
            "price_fair": 0,
            "eps_avg_yearly": 0,
            "eps_latest_yearly": 0,
            "eps_growth_yearly": 0
        },
        "20094": {
            "year_quarter": 20094,
            "year": 2009,
            "quarter": 4,
            "eps": null,
            "eps_growth_year": null,
            "eps_4q": null,
            "eps_4q_growth_year": null,
            "roe": null,
            "roe_4q": 0,
            "gross_profit": 2597917,
            "gross_margin": null,
            "gross_margin_4q_avg": 0,
            "net_income": 667598,
            "revenue": 17039511,
            "common_shares": 1926000,
            "book_valuer_per_share": 22.64,
            "book_valuer_per_share_4q_avg": 5.66,
            "equity": 5590590,
            "current_ratio": 123.97,
            "debt_ratio": 57.22,
            "inventory_turnover_ratio": null,
            "account_receivable_turnover_ratio": null,
            "reinvestment_rate": null,
            "research_to_sale_ratio": null,
            "price_fair": 0,
            "eps_avg_yearly": 0,
            "eps_latest_yearly": 0,
            "eps_growth_yearly": 0
        },
        "20101": {
            "year_quarter": 20101,
            "year": 2010,
            "quarter": 1,
            "eps": null,
            "eps_growth_year": null,
            "eps_4q": null,
            "eps_4q_growth_year": null,
            "roe": null,
            "roe_4q": 0,
            "gross_profit": 666056,
            "gross_margin": null,
            "gross_margin_4q_avg": 0,
            "net_income": 152261,
            "revenue": 4593302,
            "common_shares": 1926000,
            "book_valuer_per_share": 23.15,
            "book_valuer_per_share_4q_avg": 11.45,
            "equity": 5833838,
            "current_ratio": 133.91,
            "debt_ratio": 54.67,
            "inventory_turnover_ratio": null,
            "account_receivable_turnover_ratio": null,
            "reinvestment_rate": null,
            "research_to_sale_ratio": null,
            "price_fair": 0,
            "eps_avg_yearly": 0,
            "eps_latest_yearly": 0,
            "eps_growth_yearly": 0
        },
        "20102": {
            "year_quarter": 20102,
            "year": 2010,
            "quarter": 2,
            "eps": 1.08,
            "eps_growth_year": null,
            "eps_4q": 1.08,
            "eps_4q_growth_year": null,
            "roe": 3.69,
            "roe_4q": 3.69,
            "gross_profit": 652547,
            "gross_margin": 13.11,
            "gross_margin_4q_avg": 3.28,
            "net_income": 235996,
            "revenue": 4977210,
            "common_shares": 2186000,
            "book_valuer_per_share": 25,
            "book_valuer_per_share_4q_avg": 17.7,
            "equity": 6942793,
            "current_ratio": 143.78,
            "debt_ratio": 51.32,
            "inventory_turnover_ratio": 2.06,
            "account_receivable_turnover_ratio": 3.55,
            "reinvestment_rate": null,
            "research_to_sale_ratio": null,
            "price_fair": 0,
            "eps_avg_yearly": 0,
            "eps_latest_yearly": 0,
            "eps_growth_yearly": 0
        },
        "20103": {
            "year_quarter": 20103,
            "year": 2010,
            "quarter": 3,
            "eps": 1.06,
            "eps_growth_year": null,
            "eps_4q": 2.14,
            "eps_4q_growth_year": null,
            "roe": 4,
            "roe_4q": 7.6899999999999995,
            "gross_profit": 762861,
            "gross_margin": 14.09,
            "gross_margin_4q_avg": 6.8,
            "net_income": 282613,
            "revenue": 5414962,
            "common_shares": 2186000,
            "book_valuer_per_share": 25.79,
            "book_valuer_per_share_4q_avg": 24.15,
            "equity": 7192375,
            "current_ratio": 152.48,
            "debt_ratio": 50.16,
            "inventory_turnover_ratio": 2.1,
            "account_receivable_turnover_ratio": 2,
            "reinvestment_rate": null,
            "research_to_sale_ratio": 2.85,
            "price_fair": 12.72,
            "eps_avg_yearly": 4.24,
            "eps_latest_yearly": 4.24,
            "eps_growth_yearly": -7.41
        },
        "20104": {
            "year_quarter": 20104,
            "year": 2010,
            "quarter": 4,
            "eps": 0.17,
            "eps_growth_year": null,
            "eps_4q": 2.31,
            "eps_4q_growth_year": null,
            "roe": 1.06,
            "roe_4q": 8.75,
            "gross_profit": 629233,
            "gross_margin": 13.04,
            "gross_margin_4q_avg": 10.06,
            "net_income": 76034,
            "revenue": 4826241,
            "common_shares": 2186000,
            "book_valuer_per_share": 25.33,
            "book_valuer_per_share_4q_avg": 24.82,
            "equity": 7108620,
            "current_ratio": 163.7,
            "debt_ratio": 46.93,
            "inventory_turnover_ratio": 2.17,
            "account_receivable_turnover_ratio": 1.94,
            "reinvestment_rate": null,
            "research_to_sale_ratio": 2.86,
            "price_fair": 7.38,
            "eps_avg_yearly": 2.46,
            "eps_latest_yearly": 0.68,
            "eps_growth_yearly": -171.63
        },
        "20111": {
            "year_quarter": 20111,
            "year": 2011,
            "quarter": 1,
            "eps": 0.27,
            "eps_growth_year": null,
            "eps_4q": 2.58,
            "eps_4q_growth_year": null,
            "roe": 1.45,
            "roe_4q": 10.2,
            "gross_profit": 585092,
            "gross_margin": 14.88,
            "gross_margin_4q_avg": 13.78,
            "net_income": 103494,
            "revenue": 3931505,
            "common_shares": 2186000,
            "book_valuer_per_share": 25.44,
            "book_valuer_per_share_4q_avg": 25.39,
            "equity": 7177016,
            "current_ratio": 179.18,
            "debt_ratio": 42.73,
            "inventory_turnover_ratio": 2.27,
            "account_receivable_turnover_ratio": 1.84,
            "reinvestment_rate": null,
            "research_to_sale_ratio": 2.79,
            "price_fair": 6,
            "eps_avg_yearly": 2,
            "eps_latest_yearly": 1.08,
            "eps_growth_yearly": -35.99
        },
        "20112": {
            "year_quarter": 20112,
            "year": 2011,
            "quarter": 2,
            "eps": 0.02,
            "eps_growth_year": -97.81,
            "eps_4q": 1.53,
            "eps_4q_growth_year": 41.61,
            "roe": 0.3,
            "roe_4q": 6.8100000000000005,
            "gross_profit": 576358,
            "gross_margin": 13.71,
            "gross_margin_4q_avg": 13.93,
            "net_income": 21351,
            "revenue": 4203187,
            "common_shares": 2186000,
            "book_valuer_per_share": 24.11,
            "book_valuer_per_share_4q_avg": 25.17,
            "equity": 6899973,
            "current_ratio": 166.34,
            "debt_ratio": 46.1,
            "inventory_turnover_ratio": 2.27,
            "account_receivable_turnover_ratio": 1.87,
            "reinvestment_rate": null,
            "research_to_sale_ratio": 2.77,
            "price_fair": 4.56,
            "eps_avg_yearly": 1.52,
            "eps_latest_yearly": 0.08,
            "eps_growth_yearly": -119.58
        },
        "20113": {
            "year_quarter": 20113,
            "year": 2011,
            "quarter": 3,
            "eps": 0.15,
            "eps_growth_year": -85.45,
            "eps_4q": 0.62,
            "eps_4q_growth_year": -71,
            "roe": 0.81,
            "roe_4q": 3.62,
            "gross_profit": 690826,
            "gross_margin": 14.88,
            "gross_margin_4q_avg": 14.13,
            "net_income": 57232,
            "revenue": 4644056,
            "common_shares": 2186000,
            "book_valuer_per_share": 25.42,
            "book_valuer_per_share_4q_avg": 25.08,
            "equity": 7219929,
            "current_ratio": 159.78,
            "debt_ratio": 49.68,
            "inventory_turnover_ratio": 1.86,
            "account_receivable_turnover_ratio": 1.86,
            "reinvestment_rate": null,
            "research_to_sale_ratio": 2.62,
            "price_fair": 46.76,
            "eps_avg_yearly": 1.34,
            "eps_latest_yearly": 0.6,
            "eps_growth_yearly": 424.33
        },
        "20114": {
            "year_quarter": 20114,
            "year": 2011,
            "quarter": 4,
            "eps": -0.25,
            "eps_growth_year": -249.95,
            "eps_4q": 0.2,
            "eps_4q_growth_year": -91.48,
            "roe": -1.61,
            "roe_4q": 0.95,
            "gross_profit": 539773,
            "gross_margin": 11.11,
            "gross_margin_4q_avg": 13.65,
            "net_income": -115504,
            "revenue": 4857923,
            "common_shares": 2186000,
            "book_valuer_per_share": 25.08,
            "book_valuer_per_share_4q_avg": 25.01,
            "equity": 7086890,
            "current_ratio": 169.15,
            "debt_ratio": 47.56,
            "inventory_turnover_ratio": 2.02,
            "account_receivable_turnover_ratio": 2.05,
            "reinvestment_rate": null,
            "research_to_sale_ratio": 2.66,
            "price_fair": 46.76,
            "eps_avg_yearly": 1.34,
            "eps_latest_yearly": 0.6,
            "eps_growth_yearly": 424.33
        },
        "20121": {
            "year_quarter": 20121,
            "year": 2012,
            "quarter": 1,
            "eps": -0.2,
            "eps_growth_year": -174.07,
            "eps_4q": -0.28,
            "eps_4q_growth_year": -110.71,
            "roe": -1.02,
            "roe_4q": -1.5199999999999998,
            "gross_profit": 403060,
            "gross_margin": 12.89,
            "gross_margin_4q_avg": 13.15,
            "net_income": -72038,
            "revenue": 3127983,
            "common_shares": 2186000,
            "book_valuer_per_share": 24.41,
            "book_valuer_per_share_4q_avg": 24.76,
            "equity": 6996788,
            "current_ratio": 173.78,
            "debt_ratio": 46.21,
            "inventory_turnover_ratio": 1.46,
            "account_receivable_turnover_ratio": 1.76,
            "reinvestment_rate": null,
            "research_to_sale_ratio": 2.69,
            "price_fair": 46.76,
            "eps_avg_yearly": 1.34,
            "eps_latest_yearly": 0.6,
            "eps_growth_yearly": 424.33
        },
        "20122": {
            "year_quarter": 20122,
            "year": 2012,
            "quarter": 2,
            "eps": -1.86,
            "eps_growth_year": -7972.96,
            "eps_4q": -2.16,
            "eps_4q_growth_year": -241.19,
            "roe": -6.15,
            "roe_4q": -7.969999999999999,
            "gross_profit": 476557,
            "gross_margin": 13.27,
            "gross_margin_4q_avg": 13.04,
            "net_income": -416869,
            "revenue": 3590740,
            "common_shares": 2186000,
            "book_valuer_per_share": 22.58,
            "book_valuer_per_share_4q_avg": 24.37,
            "equity": 6555710,
            "current_ratio": 167.69,
            "debt_ratio": 51.04,
            "inventory_turnover_ratio": 1.74,
            "account_receivable_turnover_ratio": 2.62,
            "reinvestment_rate": null,
            "research_to_sale_ratio": 2.25,
            "price_fair": 46.76,
            "eps_avg_yearly": 1.34,
            "eps_latest_yearly": 0.6,
            "eps_growth_yearly": 424.33
        },
        "20123": {
            "year_quarter": 20123,
            "year": 2012,
            "quarter": 3,
            "eps": 0.26,
            "eps_growth_year": 67.21,
            "eps_4q": -2.05,
            "eps_4q_growth_year": -430.77,
            "roe": 1.74,
            "roe_4q": -7.04,
            "gross_profit": 606703,
            "gross_margin": 14.77,
            "gross_margin_4q_avg": 13.01,
            "net_income": 114138,
            "revenue": 4107117,
            "common_shares": 2186000,
            "book_valuer_per_share": 22.52,
            "book_valuer_per_share_4q_avg": 23.65,
            "equity": 6564319,
            "current_ratio": 158.46,
            "debt_ratio": 54.64,
            "inventory_turnover_ratio": 2.18,
            "account_receivable_turnover_ratio": 2.39,
            "reinvestment_rate": null,
            "research_to_sale_ratio": 2.14,
            "price_fair": 46.76,
            "eps_avg_yearly": 1.34,
            "eps_latest_yearly": 0.6,
            "eps_growth_yearly": 424.33
        },
        "20124": {
            "year_quarter": 20124,
            "year": 2012,
            "quarter": 4,
            "eps": 0,
            "eps_growth_year": null,
            "eps_4q": -1.62,
            "eps_4q_growth_year": -923.98,
            "roe": 0.86,
            "roe_4q": -4.57,
            "gross_profit": 561651,
            "gross_margin": 14.34,
            "gross_margin_4q_avg": 13.82,
            "net_income": 57688,
            "revenue": 3916738,
            "common_shares": 2186000,
            "book_valuer_per_share": 23.18,
            "book_valuer_per_share_4q_avg": 23.17,
            "equity": 6843411,
            "current_ratio": 184.12,
            "debt_ratio": 45.14,
            "inventory_turnover_ratio": 2.33,
            "account_receivable_turnover_ratio": 2.06,
            "reinvestment_rate": null,
            "research_to_sale_ratio": 2.33,
            "price_fair": 46.76,
            "eps_avg_yearly": 1.34,
            "eps_latest_yearly": 0.6,
            "eps_growth_yearly": 424.33
        },
        "20131": {
            "year_quarter": 20131,
            "year": 2013,
            "quarter": 1,
            "eps": 0.04,
            "eps_growth_year": null,
            "eps_4q": -1.26,
            "eps_4q_growth_year": null,
            "roe": 0.62,
            "roe_4q": -2.9300000000000006,
            "gross_profit": 461262,
            "gross_margin": 15.51,
            "gross_margin_4q_avg": 14.47,
            "net_income": 43850,
            "revenue": 2974739,
            "common_shares": 2686000,
            "book_valuer_per_share": 20.43,
            "book_valuer_per_share_4q_avg": 22.18,
            "equity": 7309283,
            "current_ratio": 207.64,
            "debt_ratio": 40.63,
            "inventory_turnover_ratio": 1.89,
            "account_receivable_turnover_ratio": 1.98,
            "reinvestment_rate": null,
            "research_to_sale_ratio": 2.38,
            "price_fair": 46.76,
            "eps_avg_yearly": 1.34,
            "eps_latest_yearly": 0.6,
            "eps_growth_yearly": 424.33
        },
        "20132": {
            "year_quarter": 20132,
            "year": 2013,
            "quarter": 2,
            "eps": -0.22,
            "eps_growth_year": null,
            "eps_4q": 0.03,
            "eps_4q_growth_year": null,
            "roe": -0.76,
            "roe_4q": 2.46,
            "gross_profit": 327984,
            "gross_margin": 10.41,
            "gross_margin_4q_avg": 13.76,
            "net_income": -55617,
            "revenue": 3151052,
            "common_shares": 2686000,
            "book_valuer_per_share": 20.38,
            "book_valuer_per_share_4q_avg": 21.63,
            "equity": 7295630,
            "current_ratio": 189.26,
            "debt_ratio": 44.57,
            "inventory_turnover_ratio": 2.28,
            "account_receivable_turnover_ratio": 2.55,
            "reinvestment_rate": 290.2,
            "research_to_sale_ratio": 2.38,
            "price_fair": 46.76,
            "eps_avg_yearly": 1.34,
            "eps_latest_yearly": 0.6,
            "eps_growth_yearly": 424.33
        },
        "20133": {
            "year_quarter": 20133,
            "year": 2013,
            "quarter": 3,
            "eps": 0.1,
            "eps_growth_year": -61.31,
            "eps_4q": -0.08,
            "eps_4q_growth_year": null,
            "roe": 1.32,
            "roe_4q": 2.04,
            "gross_profit": 519140,
            "gross_margin": 12.74,
            "gross_margin_4q_avg": 13.25,
            "net_income": 96342,
            "revenue": 4075610,
            "common_shares": 2686000,
            "book_valuer_per_share": 20.31,
            "book_valuer_per_share_4q_avg": 21.08,
            "equity": 7331302,
            "current_ratio": 187.34,
            "debt_ratio": 45.91,
            "inventory_turnover_ratio": 3.05,
            "account_receivable_turnover_ratio": 2.63,
            "reinvestment_rate": 258.21,
            "research_to_sale_ratio": 1.9,
            "price_fair": 46.76,
            "eps_avg_yearly": 1.34,
            "eps_latest_yearly": 0.6,
            "eps_growth_yearly": 424.33
        },
        "20134": {
            "year_quarter": 20134,
            "year": 2013,
            "quarter": 4,
            "eps": -0.22,
            "eps_growth_year": -30176.85,
            "eps_4q": -0.3,
            "eps_4q_growth_year": null,
            "roe": -0.3,
            "roe_4q": 0.88,
            "gross_profit": 397452,
            "gross_margin": 10.65,
            "gross_margin_4q_avg": 12.33,
            "net_income": -21865,
            "revenue": 3732556,
            "common_shares": 2686000,
            "book_valuer_per_share": 20.21,
            "book_valuer_per_share_4q_avg": 20.33,
            "equity": 7377609,
            "current_ratio": 196.26,
            "debt_ratio": 43.71,
            "inventory_turnover_ratio": 2.96,
            "account_receivable_turnover_ratio": 2.44,
            "reinvestment_rate": -1016.83,
            "research_to_sale_ratio": 2.35,
            "price_fair": 46.76,
            "eps_avg_yearly": 1.34,
            "eps_latest_yearly": 0.6,
            "eps_growth_yearly": 424.33
        },
        "20141": {
            "year_quarter": 20141,
            "year": 2014,
            "quarter": 1,
            "eps": -0.05,
            "eps_growth_year": -225,
            "eps_4q": -0.39,
            "eps_4q_growth_year": null,
            "roe": 0.25,
            "roe_4q": 0.51,
            "gross_profit": 402943,
            "gross_margin": 13.27,
            "gross_margin_4q_avg": 11.77,
            "net_income": 18694,
            "revenue": 3035613,
            "common_shares": 2686000,
            "book_valuer_per_share": 20.4,
            "book_valuer_per_share_4q_avg": 20.33,
            "equity": 7490845,
            "current_ratio": 184.1,
            "debt_ratio": 46.78,
            "inventory_turnover_ratio": 2.43,
            "account_receivable_turnover_ratio": 2.53,
            "reinvestment_rate": -4586.01,
            "research_to_sale_ratio": 2.22,
            "price_fair": 46.76,
            "eps_avg_yearly": 1.34,
            "eps_latest_yearly": 0.6,
            "eps_growth_yearly": 424.33
        },
        "20142": {
            "year_quarter": 20142,
            "year": 2014,
            "quarter": 2,
            "eps": 0.02,
            "eps_growth_year": null,
            "eps_4q": -0.15,
            "eps_4q_growth_year": -560.32,
            "roe": 0.4,
            "roe_4q": 1.6700000000000002,
            "gross_profit": 445931,
            "gross_margin": 13.99,
            "gross_margin_4q_avg": 12.66,
            "net_income": 29821,
            "revenue": 3186869,
            "common_shares": 2686000,
            "book_valuer_per_share": 20.17,
            "book_valuer_per_share_4q_avg": 20.27,
            "equity": 7308161,
            "current_ratio": 175.27,
            "debt_ratio": 49.78,
            "inventory_turnover_ratio": 2.53,
            "account_receivable_turnover_ratio": 2.99,
            "reinvestment_rate": null,
            "research_to_sale_ratio": 2.59,
            "price_fair": 46.76,
            "eps_avg_yearly": 1.34,
            "eps_latest_yearly": 0.6,
            "eps_growth_yearly": 424.33
        },
        "20143": {
            "year_quarter": 20143,
            "year": 2014,
            "quarter": 3,
            "eps": 0.26,
            "eps_growth_year": 160,
            "eps_4q": -0.01,
            "eps_4q_growth_year": null,
            "roe": 2.1,
            "roe_4q": 2.45,
            "gross_profit": 534971,
            "gross_margin": 13.92,
            "gross_margin_4q_avg": 12.96,
            "net_income": 141924,
            "revenue": 3842586,
            "common_shares": 1343000,
            "book_valuer_per_share": 31.26,
            "book_valuer_per_share_4q_avg": 23.01,
            "equity": 6190604,
            "current_ratio": 162.19,
            "debt_ratio": 55.88,
            "inventory_turnover_ratio": 2.96,
            "account_receivable_turnover_ratio": 2.88,
            "reinvestment_rate": null,
            "research_to_sale_ratio": 2.34,
            "price_fair": 24.36,
            "eps_avg_yearly": 0.7,
            "eps_latest_yearly": 1.04,
            "eps_growth_yearly": 1385.81
        },
        "20144": {
            "year_quarter": 20144,
            "year": 2014,
            "quarter": 4,
            "eps": 5.94,
            "eps_growth_year": null,
            "eps_4q": 6.37,
            "eps_4q_growth_year": null,
            "roe": 12.43,
            "roe_4q": 15.18,
            "gross_profit": 481333,
            "gross_margin": 13.37,
            "gross_margin_4q_avg": 13.64,
            "net_income": 835458,
            "revenue": 3601341,
            "common_shares": 1343000,
            "book_valuer_per_share": 38.3,
            "book_valuer_per_share_4q_avg": 27.53,
            "equity": 7252464,
            "current_ratio": 215.46,
            "debt_ratio": 44.55,
            "inventory_turnover_ratio": 2.85,
            "account_receivable_turnover_ratio": 2.42,
            "reinvestment_rate": -1443.98,
            "research_to_sale_ratio": 2.53,
            "price_fair": 185.92,
            "eps_avg_yearly": 5.31,
            "eps_latest_yearly": 23.76,
            "eps_growth_yearly": 3200.68
        },
        "20151": {
            "year_quarter": 20151,
            "year": 2015,
            "quarter": 1,
            "eps": 0,
            "eps_growth_year": null,
            "eps_4q": 6.47,
            "eps_4q_growth_year": null,
            "roe": 0.39,
            "roe_4q": 15.32,
            "gross_profit": 413738,
            "gross_margin": 12.56,
            "gross_margin_4q_avg": 13.46,
            "net_income": 28396,
            "revenue": 3294820,
            "common_shares": 1343000,
            "book_valuer_per_share": 38.03,
            "book_valuer_per_share_4q_avg": 31.94,
            "equity": 7228880,
            "current_ratio": 206.29,
            "debt_ratio": 46.48,
            "inventory_turnover_ratio": 2.91,
            "account_receivable_turnover_ratio": 2.43,
            "reinvestment_rate": -1685.44,
            "research_to_sale_ratio": 2.76,
            "price_fair": 222.95,
            "eps_avg_yearly": 6.37,
            "eps_latest_yearly": 23.76,
            "eps_growth_yearly": 3942.02
        },
        "20152": {
            "year_quarter": 20152,
            "year": 2015,
            "quarter": 2,
            "eps": -0.41,
            "eps_growth_year": -2150,
            "eps_4q": 6.02,
            "eps_4q_growth_year": null,
            "roe": -0.66,
            "roe_4q": 14.26,
            "gross_profit": 442036,
            "gross_margin": 14.15,
            "gross_margin_4q_avg": 13.5,
            "net_income": -45551,
            "revenue": 3123763,
            "common_shares": 1343000,
            "book_valuer_per_share": 33.78,
            "book_valuer_per_share_4q_avg": 35.34,
            "equity": 6576459,
            "current_ratio": 190.55,
            "debt_ratio": 49.6,
            "inventory_turnover_ratio": 2.66,
            "account_receivable_turnover_ratio": 2.4,
            "reinvestment_rate": -2037.78,
            "research_to_sale_ratio": 3.12,
            "price_fair": 296.33,
            "eps_avg_yearly": 8.47,
            "eps_latest_yearly": 23.76,
            "eps_growth_yearly": 5379.49
        },
        "20153": {
            "year_quarter": 20153,
            "year": 2015,
            "quarter": 3,
            "eps": 0,
            "eps_growth_year": -100,
            "eps_4q": 5.52,
            "eps_4q_growth_year": null,
            "roe": 0.38,
            "roe_4q": 12.54,
            "gross_profit": 530958,
            "gross_margin": 13.24,
            "gross_margin_4q_avg": 13.33,
            "net_income": 25651,
            "revenue": 4011129,
            "common_shares": 1343000,
            "book_valuer_per_share": 34.84,
            "book_valuer_per_share_4q_avg": 36.24,
            "equity": 6792099,
            "current_ratio": 192.55,
            "debt_ratio": 49.26,
            "inventory_turnover_ratio": 3.17,
            "account_receivable_turnover_ratio": 2.37,
            "reinvestment_rate": -2399.3,
            "research_to_sale_ratio": 2.6,
            "price_fair": 434,
            "eps_avg_yearly": 12.4,
            "eps_latest_yearly": 23.76,
            "eps_growth_yearly": 6769.23
        },
        "20154": {
            "year_quarter": 20154,
            "year": 2015,
            "quarter": 4,
            "eps": -0.19,
            "eps_growth_year": -103.27,
            "eps_4q": -0.61,
            "eps_4q_growth_year": -109.51,
            "roe": -0.47,
            "roe_4q": -0.36,
            "gross_profit": 467885,
            "gross_margin": 14.47,
            "gross_margin_4q_avg": 13.61,
            "net_income": -31525,
            "revenue": 3233372,
            "common_shares": 1343000,
            "book_valuer_per_share": 34.29,
            "book_valuer_per_share_4q_avg": 35.24,
            "equity": 6676378,
            "current_ratio": 205.26,
            "debt_ratio": 46.15,
            "inventory_turnover_ratio": 2.24,
            "account_receivable_turnover_ratio": 1.94,
            "reinvestment_rate": -2090.15,
            "research_to_sale_ratio": 2.94,
            "price_fair": 434,
            "eps_avg_yearly": 12.4,
            "eps_latest_yearly": 23.76,
            "eps_growth_yearly": 6769.23
        },
        "20161": {
            "year_quarter": 20161,
            "year": 2016,
            "quarter": 1,
            "eps": 0.17,
            "eps_growth_year": null,
            "eps_4q": -0.44,
            "eps_4q_growth_year": -106.79,
            "roe": 0.5,
            "roe_4q": -0.25,
            "gross_profit": 516943,
            "gross_margin": 17.66,
            "gross_margin_4q_avg": 14.88,
            "net_income": 33350,
            "revenue": 2926956,
            "common_shares": 1343000,
            "book_valuer_per_share": 33.65,
            "book_valuer_per_share_4q_avg": 34.14,
            "equity": 6709649,
            "current_ratio": 225.35,
            "debt_ratio": 41.58,
            "inventory_turnover_ratio": 1.89,
            "account_receivable_turnover_ratio": 2.73,
            "reinvestment_rate": -1645.62,
            "research_to_sale_ratio": 3.4,
            "price_fair": 434,
            "eps_avg_yearly": 12.4,
            "eps_latest_yearly": 23.76,
            "eps_growth_yearly": 6769.23
        },
        "20162": {
            "year_quarter": 20162,
            "year": 2016,
            "quarter": 2,
            "eps": 0.19,
            "eps_growth_year": null,
            "eps_4q": 0.16,
            "eps_4q_growth_year": -97.27,
            "roe": 0.73,
            "roe_4q": 1.1400000000000001,
            "gross_profit": 457884,
            "gross_margin": 16.49,
            "gross_margin_4q_avg": 15.47,
            "net_income": 48815,
            "revenue": 2777176,
            "common_shares": 1343000,
            "book_valuer_per_share": 33.47,
            "book_valuer_per_share_4q_avg": 34.06,
            "equity": 6614726,
            "current_ratio": 211.55,
            "debt_ratio": 43.12,
            "inventory_turnover_ratio": 2.11,
            "account_receivable_turnover_ratio": 2.71,
            "reinvestment_rate": -653.84,
            "research_to_sale_ratio": 3.04,
            "price_fair": 298.2,
            "eps_avg_yearly": 8.52,
            "eps_latest_yearly": 0.76,
            "eps_growth_yearly": 4528.51
        },
        "20163": {
            "year_quarter": 20163,
            "year": 2016,
            "quarter": 3,
            "eps": 0.12,
            "eps_growth_year": null,
            "eps_4q": 0.28,
            "eps_4q_growth_year": -94.94,
            "roe": 0.51,
            "roe_4q": 1.27,
            "gross_profit": 583129,
            "gross_margin": 16.17,
            "gross_margin_4q_avg": 16.2,
            "net_income": 33461,
            "revenue": 3606999,
            "common_shares": 1343000,
            "book_valuer_per_share": 32.81,
            "book_valuer_per_share_4q_avg": 33.56,
            "equity": 6479236,
            "current_ratio": 188.68,
            "debt_ratio": 46.26,
            "inventory_turnover_ratio": 3.01,
            "account_receivable_turnover_ratio": 2.54,
            "reinvestment_rate": -690.03,
            "research_to_sale_ratio": 2.27,
            "price_fair": 227.85,
            "eps_avg_yearly": 6.51,
            "eps_latest_yearly": 0.48,
            "eps_growth_yearly": 3359.54
        },
        "20164": {
            "year_quarter": 20164,
            "year": 2016,
            "quarter": 4,
            "eps": -0.14,
            "eps_growth_year": null,
            "eps_4q": 0.33,
            "eps_4q_growth_year": null,
            "roe": -0.11,
            "roe_4q": 1.63,
            "gross_profit": 513953,
            "gross_margin": 17.42,
            "gross_margin_4q_avg": 16.94,
            "net_income": -7315,
            "revenue": 2949917,
            "common_shares": 1343000,
            "book_valuer_per_share": 32.77,
            "book_valuer_per_share_4q_avg": 33.18,
            "equity": 6465734,
            "current_ratio": 186.45,
            "debt_ratio": 46.62,
            "inventory_turnover_ratio": 2.34,
            "account_receivable_turnover_ratio": 1.92,
            "reinvestment_rate": -106.16,
            "research_to_sale_ratio": 3.14,
            "price_fair": 227.85,
            "eps_avg_yearly": 6.51,
            "eps_latest_yearly": 0.48,
            "eps_growth_yearly": 3359.54
        },
        "20171": {
            "year_quarter": 20171,
            "year": 2017,
            "quarter": 1,
            "eps": -0.18,
            "eps_growth_year": -205.88,
            "eps_4q": -0.01,
            "eps_4q_growth_year": null,
            "roe": -0.64,
            "roe_4q": 0.49,
            "gross_profit": 473619,
            "gross_margin": 16.35,
            "gross_margin_4q_avg": 16.61,
            "net_income": -40765,
            "revenue": 2897162,
            "common_shares": 1343000,
            "book_valuer_per_share": 31.21,
            "book_valuer_per_share_4q_avg": 32.57,
            "equity": 6236827,
            "current_ratio": 196.42,
            "debt_ratio": 43.72,
            "inventory_turnover_ratio": 2.51,
            "account_receivable_turnover_ratio": 2.41,
            "reinvestment_rate": -102.06,
            "research_to_sale_ratio": 2.26,
            "price_fair": 227.85,
            "eps_avg_yearly": 6.51,
            "eps_latest_yearly": 0.48,
            "eps_growth_yearly": 3359.54
        },
        "20172": {
            "year_quarter": 20172,
            "year": 2017,
            "quarter": 2,
            "eps": -0.57,
            "eps_growth_year": -400,
            "eps_4q": -0.77,
            "eps_4q_growth_year": -571.09,
            "roe": -2.18,
            "roe_4q": -2.42,
            "gross_profit": 422051,
            "gross_margin": 15.67,
            "gross_margin_4q_avg": 16.4,
            "net_income": -134492,
            "revenue": 2693028,
            "common_shares": 1343000,
            "book_valuer_per_share": 30.71,
            "book_valuer_per_share_4q_avg": 31.88,
            "equity": 6083611,
            "current_ratio": 183.67,
            "debt_ratio": 47.08,
            "inventory_turnover_ratio": 2.6,
            "account_receivable_turnover_ratio": 2.42,
            "reinvestment_rate": -103.74,
            "research_to_sale_ratio": 3.14,
            "price_fair": 227.85,
            "eps_avg_yearly": 6.51,
            "eps_latest_yearly": 0.48,
            "eps_growth_yearly": 3359.54
        },
        "20173": {
            "year_quarter": 20173,
            "year": 2017,
            "quarter": 3,
            "eps": -0.41,
            "eps_growth_year": -441.67,
            "eps_4q": -1.3,
            "eps_4q_growth_year": -565.6,
            "roe": -1.74,
            "roe_4q": -4.67,
            "gross_profit": 461441,
            "gross_margin": 13.51,
            "gross_margin_4q_avg": 15.74,
            "net_income": -104943,
            "revenue": 3414847,
            "common_shares": 1343000,
            "book_valuer_per_share": 30.48,
            "book_valuer_per_share_4q_avg": 31.29,
            "equity": 6009982,
            "current_ratio": 183.07,
            "debt_ratio": 47.26,
            "inventory_turnover_ratio": 3.43,
            "account_receivable_turnover_ratio": 2.4,
            "reinvestment_rate": -96.35,
            "research_to_sale_ratio": 2.36,
            "price_fair": 227.85,
            "eps_avg_yearly": 6.51,
            "eps_latest_yearly": 0.48,
            "eps_growth_yearly": 3359.54
        },
        "20174": {
            "year_quarter": 20174,
            "year": 2017,
            "quarter": 4,
            "eps": 0.07,
            "eps_growth_year": null,
            "eps_4q": -1.09,
            "eps_4q_growth_year": -426.71,
            "roe": 2.9,
            "roe_4q": -1.6600000000000001,
            "gross_profit": 414191,
            "gross_margin": 14.75,
            "gross_margin_4q_avg": 15.07,
            "net_income": 176448,
            "revenue": 2808272,
            "common_shares": 1343000,
            "book_valuer_per_share": 30.44,
            "book_valuer_per_share_4q_avg": 30.71,
            "equity": 6172242,
            "current_ratio": 192.94,
            "debt_ratio": 47.83,
            "inventory_turnover_ratio": 2.68,
            "account_receivable_turnover_ratio": 1.88,
            "reinvestment_rate": -86.03,
            "research_to_sale_ratio": 3.01,
            "price_fair": 227.85,
            "eps_avg_yearly": 6.51,
            "eps_latest_yearly": 0.48,
            "eps_growth_yearly": 3359.54
        },
        "20181": {
            "year_quarter": 20181,
            "year": 2018,
            "quarter": 1,
            "eps": -0.98,
            "eps_growth_year": null,
            "eps_4q": -1.89,
            "eps_4q_growth_year": null,
            "roe": -3.2,
            "roe_4q": -4.220000000000001,
            "gross_profit": 251085,
            "gross_margin": 11.51,
            "gross_margin_4q_avg": 13.86,
            "net_income": -197339,
            "revenue": 2182290,
            "common_shares": 1343000,
            "book_valuer_per_share": 29.42,
            "book_valuer_per_share_4q_avg": 30.26,
            "equity": 6143391,
            "current_ratio": 197.5,
            "debt_ratio": 46.21,
            "inventory_turnover_ratio": 2.01,
            "account_receivable_turnover_ratio": 2,
            "reinvestment_rate": -122.25,
            "research_to_sale_ratio": 3.43,
            "price_fair": 227.85,
            "eps_avg_yearly": 6.51,
            "eps_latest_yearly": 0.48,
            "eps_growth_yearly": 3359.54
        },
        "20182": {
            "year_quarter": 20182,
            "year": 2018,
            "quarter": 2,
            "eps": -0.37,
            "eps_growth_year": null,
            "eps_4q": -1.7,
            "eps_4q_growth_year": null,
            "roe": -1.54,
            "roe_4q": -3.58,
            "gross_profit": 299564,
            "gross_margin": 11.51,
            "gross_margin_4q_avg": 12.82,
            "net_income": -93643,
            "revenue": 2602072,
            "common_shares": 1343000,
            "book_valuer_per_share": 29.42,
            "book_valuer_per_share_4q_avg": 29.94,
            "equity": 6028121,
            "current_ratio": 198.07,
            "debt_ratio": 46.03,
            "inventory_turnover_ratio": 2.25,
            "account_receivable_turnover_ratio": 2.7,
            "reinvestment_rate": -57.9,
            "research_to_sale_ratio": 3.1,
            "price_fair": 227.85,
            "eps_avg_yearly": 6.51,
            "eps_latest_yearly": 0.48,
            "eps_growth_yearly": 3359.54
        },
        "20183": {
            "year_quarter": 20183,
            "year": 2018,
            "quarter": 3,
            "eps": 0.2,
            "eps_growth_year": null,
            "eps_4q": -1.08,
            "eps_4q_growth_year": null,
            "roe": 1.11,
            "roe_4q": -0.73,
            "gross_profit": 501984,
            "gross_margin": 13.99,
            "gross_margin_4q_avg": 12.94,
            "net_income": 66788,
            "revenue": 3587386,
            "common_shares": 1343000,
            "book_valuer_per_share": 29.1,
            "book_valuer_per_share_4q_avg": 29.6,
            "equity": 5956991,
            "current_ratio": 184.23,
            "debt_ratio": 49.12,
            "inventory_turnover_ratio": 3.05,
            "account_receivable_turnover_ratio": 2.6,
            "reinvestment_rate": -35.06,
            "research_to_sale_ratio": 2.15,
            "price_fair": 291.67,
            "eps_avg_yearly": 8.33,
            "eps_latest_yearly": 0.48,
            "eps_growth_yearly": 2879.38
        },
        "20184": {
            "year_quarter": 20184,
            "year": 2018,
            "quarter": 4,
            "eps": -0.33,
            "eps_growth_year": -565.63,
            "eps_4q": -1.48,
            "eps_4q_growth_year": null,
            "roe": -0.77,
            "roe_4q": -4.4,
            "gross_profit": 421074,
            "gross_margin": 15.66,
            "gross_margin_4q_avg": 13.17,
            "net_income": -45833,
            "revenue": 2689423,
            "common_shares": 1343000,
            "book_valuer_per_share": 28.95,
            "book_valuer_per_share_4q_avg": 29.22,
            "equity": 5915149,
            "current_ratio": 190.55,
            "debt_ratio": 49.18,
            "inventory_turnover_ratio": 2.21,
            "account_receivable_turnover_ratio": 1.77,
            "reinvestment_rate": null,
            "research_to_sale_ratio": 2.83,
            "price_fair": 1.86,
            "eps_avg_yearly": 0.62,
            "eps_latest_yearly": 0.48,
            "eps_growth_yearly": -50.15
        },
        "20191": {
            "year_quarter": 20191,
            "year": 2019,
            "quarter": 1,
            "eps": -0.19,
            "eps_growth_year": null,
            "eps_4q": -0.69,
            "eps_4q_growth_year": null,
            "roe": 2.12,
            "roe_4q": 0.9199999999999999,
            "gross_profit": 345750,
            "gross_margin": 14.12,
            "gross_margin_4q_avg": 13.82,
            "net_income": 121944,
            "revenue": 2448492,
            "common_shares": 1343000,
            "book_valuer_per_share": 27.09,
            "book_valuer_per_share_4q_avg": 28.64,
            "equity": 5608046,
            "current_ratio": 208.74,
            "debt_ratio": 60.15,
            "inventory_turnover_ratio": 1.89,
            "account_receivable_turnover_ratio": 1.97,
            "reinvestment_rate": null,
            "research_to_sale_ratio": 2.69,
            "price_fair": 1.86,
            "eps_avg_yearly": 0.62,
            "eps_latest_yearly": 0.48,
            "eps_growth_yearly": -50.15
        },
        "20192": {
            "year_quarter": 20192,
            "year": 2019,
            "quarter": 2,
            "eps": 0.11,
            "eps_growth_year": null,
            "eps_4q": -0.21,
            "eps_4q_growth_year": null,
            "roe": 1.09,
            "roe_4q": 3.55,
            "gross_profit": 504978,
            "gross_margin": 16.67,
            "gross_margin_4q_avg": 15.11,
            "net_income": 61121,
            "revenue": 3029642,
            "common_shares": 1343000,
            "book_valuer_per_share": 27.06,
            "book_valuer_per_share_4q_avg": 28.05,
            "equity": 5595625,
            "current_ratio": 198.94,
            "debt_ratio": 60.78,
            "inventory_turnover_ratio": 2.32,
            "account_receivable_turnover_ratio": 2.32,
            "reinvestment_rate": null,
            "research_to_sale_ratio": 3.28,
            "price_fair": 1.86,
            "eps_avg_yearly": 0.62,
            "eps_latest_yearly": 0.48,
            "eps_growth_yearly": -50.15
        },
        "20193": {
            "year_quarter": 20193,
            "year": 2019,
            "quarter": 3,
            "eps": 0.66,
            "eps_growth_year": 230,
            "eps_4q": 0.26,
            "eps_4q_growth_year": null,
            "roe": 2.3,
            "roe_4q": 4.74,
            "gross_profit": 557543,
            "gross_margin": 17.88,
            "gross_margin_4q_avg": 16.08,
            "net_income": 130161,
            "revenue": 3118098,
            "common_shares": 1343000,
            "book_valuer_per_share": 27.45,
            "book_valuer_per_share_4q_avg": 27.64,
            "equity": 5709753,
            "current_ratio": 209.94,
            "debt_ratio": 59.03,
            "inventory_turnover_ratio": 2.49,
            "account_receivable_turnover_ratio": 1.99,
            "reinvestment_rate": null,
            "research_to_sale_ratio": 2.86,
            "price_fair": 45.27,
            "eps_avg_yearly": 1.29,
            "eps_latest_yearly": 2.64,
            "eps_growth_yearly": 633.23
        },
        "20194": {
            "year_quarter": 20194,
            "year": 2019,
            "quarter": 4,
            "eps": -0.12,
            "eps_growth_year": null,
            "eps_4q": 0.46,
            "eps_4q_growth_year": null,
            "roe": 0.14,
            "roe_4q": 5.65,
            "gross_profit": 410543,
            "gross_margin": 16.61,
            "gross_margin_4q_avg": 16.32,
            "net_income": 7777,
            "revenue": 2471631,
            "common_shares": 1343000,
            "book_valuer_per_share": 26.88,
            "book_valuer_per_share_4q_avg": 27.12,
            "equity": 5625568,
            "current_ratio": 206.04,
            "debt_ratio": 57.81,
            "inventory_turnover_ratio": 2.11,
            "account_receivable_turnover_ratio": 1.68,
            "reinvestment_rate": null,
            "research_to_sale_ratio": 1.6,
            "price_fair": 45.27,
            "eps_avg_yearly": 1.29,
            "eps_latest_yearly": 2.64,
            "eps_growth_yearly": 633.23
        },
        "20201": {
            "year_quarter": 20201,
            "year": 2020,
            "quarter": 1,
            "eps": -0.11,
            "eps_growth_year": null,
            "eps_4q": 0.54,
            "eps_4q_growth_year": null,
            "roe": -0.31,
            "roe_4q": 3.2199999999999998,
            "gross_profit": 247148,
            "gross_margin": 17.04,
            "gross_margin_4q_avg": 17.05,
            "net_income": -17181,
            "revenue": 1450075,
            "common_shares": 1343000,
            "book_valuer_per_share": 26.6,
            "book_valuer_per_share_4q_avg": 27,
            "equity": 5567682,
            "current_ratio": 236.51,
            "debt_ratio": 54.84,
            "inventory_turnover_ratio": 1.28,
            "account_receivable_turnover_ratio": 1.29,
            "reinvestment_rate": null,
            "research_to_sale_ratio": 4.54,
            "price_fair": 45.27,
            "eps_avg_yearly": 1.29,
            "eps_latest_yearly": 2.64,
            "eps_growth_yearly": 633.23
        },
        "20202": {
            "year_quarter": 20202,
            "year": 2020,
            "quarter": 2,
            "eps": 0.65,
            "eps_growth_year": 490.91,
            "eps_4q": 1.08,
            "eps_4q_growth_year": null,
            "roe": 2.8,
            "roe_4q": 4.93,
            "gross_profit": 407198,
            "gross_margin": 19.45,
            "gross_margin_4q_avg": 17.75,
            "net_income": 155176,
            "revenue": 2093535,
            "common_shares": 1343000,
            "book_valuer_per_share": 26.39,
            "book_valuer_per_share_4q_avg": 26.83,
            "equity": 5514888,
            "current_ratio": 229.84,
            "debt_ratio": 55.14,
            "inventory_turnover_ratio": 2.07,
            "account_receivable_turnover_ratio": 1.86,
            "reinvestment_rate": null,
            "research_to_sale_ratio": 3.88,
            "price_fair": 54.6,
            "eps_avg_yearly": 1.56,
            "eps_latest_yearly": 2.64,
            "eps_growth_yearly": 926.32
        },
        "20203": {
            "year_quarter": 20203,
            "year": 2020,
            "quarter": 3,
            "eps": 0.99,
            "eps_growth_year": 50,
            "eps_4q": 1.39,
            "eps_4q_growth_year": 440.25,
            "roe": 4.71,
            "roe_4q": 7.34,
            "gross_profit": 589939,
            "gross_margin": 19.56,
            "gross_margin_4q_avg": 18.17,
            "net_income": 266351,
            "revenue": 3016300,
            "common_shares": 1343000,
            "book_valuer_per_share": 27.42,
            "book_valuer_per_share_4q_avg": 26.82,
            "equity": 5798132,
            "current_ratio": 199.43,
            "debt_ratio": 58.45,
            "inventory_turnover_ratio": 2.99,
            "account_receivable_turnover_ratio": 1.82,
            "reinvestment_rate": null,
            "research_to_sale_ratio": 2.22,
            "price_fair": 115.5,
            "eps_avg_yearly": 3.3,
            "eps_latest_yearly": 3.96,
            "eps_growth_yearly": 1104.62
        },
        "20204": {
            "year_quarter": 20204,
            "year": 2020,
            "quarter": 4,
            "eps": 0.71,
            "eps_growth_year": null,
            "eps_4q": 2.23,
            "eps_4q_growth_year": 384.74,
            "roe": 3.5,
            "roe_4q": 10.700000000000001,
            "gross_profit": 503899,
            "gross_margin": 17.33,
            "gross_margin_4q_avg": 18.35,
            "net_income": 208136,
            "revenue": 2906967,
            "common_shares": 1343000,
            "book_valuer_per_share": 28.35,
            "book_valuer_per_share_4q_avg": 27.19,
            "equity": 6078976,
            "current_ratio": 221.12,
            "debt_ratio": 59.38,
            "inventory_turnover_ratio": 2.4,
            "account_receivable_turnover_ratio": 1.47,
            "reinvestment_rate": -4576.03,
            "research_to_sale_ratio": 1.6,
            "price_fair": 110.13,
            "eps_avg_yearly": 3.15,
            "eps_latest_yearly": 2.84,
            "eps_growth_yearly": 698.7
        },
        "20211": {
            "year_quarter": 20211,
            "year": 2021,
            "quarter": 1,
            "eps": 0.5,
            "eps_growth_year": null,
            "eps_4q": 2.84,
            "eps_4q_growth_year": 429.34,
            "roe": 2.45,
            "roe_4q": 13.46,
            "gross_profit": 381178,
            "gross_margin": 15.04,
            "gross_margin_4q_avg": 17.85,
            "net_income": 144455,
            "revenue": 2534371,
            "common_shares": 1343000,
            "book_valuer_per_share": 25.21,
            "book_valuer_per_share_4q_avg": 26.84,
            "equity": 5728056,
            "current_ratio": 212.43,
            "debt_ratio": 61.23,
            "inventory_turnover_ratio": 1.89,
            "account_receivable_turnover_ratio": 1.37,
            "reinvestment_rate": -711.47,
            "research_to_sale_ratio": 2.48,
            "price_fair": 100.1,
            "eps_avg_yearly": 2.86,
            "eps_latest_yearly": 2,
            "eps_growth_yearly": 494.45
        },
        "20212": {
            "year_quarter": 20212,
            "year": 2021,
            "quarter": 2,
            "eps": 0.61,
            "eps_growth_year": -6.15,
            "eps_4q": 2.8,
            "eps_4q_growth_year": 160.24,
            "roe": 2.9,
            "roe_4q": 13.559999999999999,
            "gross_profit": 447942,
            "gross_margin": 15.8,
            "gross_margin_4q_avg": 16.93,
            "net_income": 166616,
            "revenue": 2835300,
            "common_shares": 1343000,
            "book_valuer_per_share": 25.48,
            "book_valuer_per_share_4q_avg": 26.62,
            "equity": 5761363,
            "current_ratio": 230.03,
            "debt_ratio": 58.31,
            "inventory_turnover_ratio": 1.96,
            "account_receivable_turnover_ratio": 1.55,
            "reinvestment_rate": -287.35,
            "research_to_sale_ratio": 2.3,
            "price_fair": 97.16,
            "eps_avg_yearly": 2.78,
            "eps_latest_yearly": 2.44,
            "eps_growth_yearly": 413.16
        },
        "20213": {
            "year_quarter": 20213,
            "year": 2021,
            "quarter": 3,
            "eps": 1.59,
            "eps_growth_year": 60.61,
            "eps_4q": 3.41,
            "eps_4q_growth_year": 144.48,
            "roe": 5.39,
            "roe_4q": 14.239999999999998,
            "gross_profit": 455383,
            "gross_margin": 16.7,
            "gross_margin_4q_avg": 16.22,
            "net_income": 318256,
            "revenue": 2726180,
            "common_shares": 1343000,
            "book_valuer_per_share": 26.94,
            "book_valuer_per_share_4q_avg": 26.5,
            "equity": 6050658,
            "current_ratio": 254.77,
            "debt_ratio": 54.41,
            "inventory_turnover_ratio": 1.76,
            "account_receivable_turnover_ratio": 1.35,
            "reinvestment_rate": -135.68,
            "research_to_sale_ratio": 3.03,
            "price_fair": 118.07,
            "eps_avg_yearly": 3.37,
            "eps_latest_yearly": 6.36,
            "eps_growth_yearly": 451.4
        },
        "20214": {
            "year_quarter": 20214,
            "year": 2021,
            "quarter": 4,
            "eps": 0.49,
            "eps_growth_year": -30.86,
            "eps_4q": 3.19,
            "eps_4q_growth_year": 43.24,
            "roe": 2.11,
            "roe_4q": 12.850000000000001,
            "gross_profit": 310882,
            "gross_margin": 12.89,
            "gross_margin_4q_avg": 15.11,
            "net_income": 129512,
            "revenue": 2411897,
            "common_shares": 1343000,
            "book_valuer_per_share": 27.54,
            "book_valuer_per_share_4q_avg": 26.29,
            "equity": 6220466,
            "current_ratio": 269.86,
            "debt_ratio": 52.33,
            "inventory_turnover_ratio": 1.74,
            "account_receivable_turnover_ratio": 1.46,
            "reinvestment_rate": -106.1,
            "research_to_sale_ratio": 1.96,
            "price_fair": 111,
            "eps_avg_yearly": 3.17,
            "eps_latest_yearly": 1.96,
            "eps_growth_yearly": 347.38
        },
        "20221": {
            "year_quarter": 20221,
            "year": 2022,
            "quarter": 1,
            "eps": 0.49,
            "eps_growth_year": -2,
            "eps_4q": 5.08,
            "eps_4q_growth_year": 78.89,
            "roe": 1.39,
            "roe_4q": 11.790000000000001,
            "gross_profit": 260515,
            "gross_margin": 13.29,
            "gross_margin_4q_avg": 14.67,
            "net_income": 81511,
            "revenue": 1960431,
            "common_shares": 800000,
            "book_valuer_per_share": 36.2,
            "book_valuer_per_share_4q_avg": 29.04,
            "equity": 5549370,
            "current_ratio": 242.25,
            "debt_ratio": 56.59,
            "inventory_turnover_ratio": 1.69,
            "account_receivable_turnover_ratio": 1.82,
            "reinvestment_rate": -75.73,
            "research_to_sale_ratio": 3.72,
            "price_fair": 105.7,
            "eps_avg_yearly": 3.02,
            "eps_latest_yearly": 1.96,
            "eps_growth_yearly": 303.96
        },
        "20222": {
            "year_quarter": 20222,
            "year": 2022,
            "quarter": 2,
            "eps": 1.28,
            "eps_growth_year": 109.84,
            "eps_4q": 5.33,
            "eps_4q_growth_year": 90.5,
            "roe": 3.14,
            "roe_4q": 12.030000000000001,
            "gross_profit": 358426,
            "gross_margin": 17.34,
            "gross_margin_4q_avg": 15.06,
            "net_income": 175166,
            "revenue": 2067363,
            "common_shares": 800000,
            "book_valuer_per_share": 37.21,
            "book_valuer_per_share_4q_avg": 31.97,
            "equity": 5621569,
            "current_ratio": 262,
            "debt_ratio": 54.13,
            "inventory_turnover_ratio": 1.94,
            "account_receivable_turnover_ratio": 2.13,
            "reinvestment_rate": -49.68,
            "research_to_sale_ratio": 3.8,
            "price_fair": 113.87,
            "eps_avg_yearly": 3.25,
            "eps_latest_yearly": 5.12,
            "eps_growth_yearly": 341.84
        },
        "20223": {
            "year_quarter": 20223,
            "year": 2022,
            "quarter": 3,
            "eps": 1.12,
            "eps_growth_year": -29.56,
            "eps_4q": 3.78,
            "eps_4q_growth_year": 11.1,
            "roe": 2.92,
            "roe_4q": 9.56,
            "gross_profit": 363156,
            "gross_margin": 19.18,
            "gross_margin_4q_avg": 15.68,
            "net_income": 167768,
            "revenue": 1893137,
            "common_shares": 800000,
            "book_valuer_per_share": 38.88,
            "book_valuer_per_share_4q_avg": 34.96,
            "equity": 5875088,
            "current_ratio": 283.3,
            "debt_ratio": 51.73,
            "inventory_turnover_ratio": 1.9,
            "account_receivable_turnover_ratio": 1.98,
            "reinvestment_rate": -52.56,
            "research_to_sale_ratio": 4.34,
            "price_fair": 118.16,
            "eps_avg_yearly": 3.38,
            "eps_latest_yearly": 4.48,
            "eps_growth_yearly": 302.66
        },
        "20224": {
            "year_quarter": 20224,
            "year": 2022,
            "quarter": 4,
            "eps": 0.34,
            "eps_growth_year": -29.86,
            "eps_4q": 3.31,
            "eps_4q_growth_year": 3.71,
            "roe": 1.73,
            "roe_4q": 9.180000000000001,
            "gross_profit": 312476,
            "gross_margin": 21.12,
            "gross_margin_4q_avg": 17.73,
            "net_income": 102421,
            "revenue": 1479190,
            "common_shares": 800000,
            "book_valuer_per_share": 39.3,
            "book_valuer_per_share_4q_avg": 37.9,
            "equity": 5938527,
            "current_ratio": 332.52,
            "debt_ratio": 48.94,
            "inventory_turnover_ratio": 1.5,
            "account_receivable_turnover_ratio": 2.05,
            "reinvestment_rate": -40.65,
            "research_to_sale_ratio": 2.45,
            "price_fair": 111.75,
            "eps_avg_yearly": 3.19,
            "eps_latest_yearly": 1.36,
            "eps_growth_yearly": 249.82
        },
        "20231": {
            "year_quarter": 20231,
            "year": 2023,
            "quarter": 1,
            "eps": 0.31,
            "eps_growth_year": -36.73,
            "eps_4q": 3.05,
            "eps_4q_growth_year": -39.81,
            "roe": 0.95,
            "roe_4q": 8.74,
            "gross_profit": 258724,
            "gross_margin": 17.6,
            "gross_margin_4q_avg": 18.81,
            "net_income": 56263,
            "revenue": 1469925,
            "common_shares": 800000,
            "book_valuer_per_share": 37.66,
            "book_valuer_per_share_4q_avg": 38.26,
            "equity": 5850304,
            "current_ratio": 344.04,
            "debt_ratio": 49.8,
            "inventory_turnover_ratio": 1.6,
            "account_receivable_turnover_ratio": 2.64,
            "reinvestment_rate": -38.89,
            "research_to_sale_ratio": 4.27,
            "price_fair": 106.05,
            "eps_avg_yearly": 3.03,
            "eps_latest_yearly": 1.24,
            "eps_growth_yearly": 226.06
        }
    },
    "months": {
        "2010-06": {
            "month": "2010-06",
            "price": "30.55",
            "revenue": 1765410
        },
        "2010-07": {
            "month": "2010-07",
            "price": "34.36",
            "revenue": 1966754
        },
        "2010-08": {
            "month": "2010-08",
            "price": "43.00",
            "revenue": 1818059
        },
        "2010-09": {
            "month": "2010-09",
            "price": "42.02",
            "revenue": 1628320
        },
        "2010-10": {
            "month": "2010-10",
            "price": "39.92",
            "revenue": 1619707
        },
        "2010-11": {
            "month": "2010-11",
            "price": "39.23",
            "revenue": 1614732
        },
        "2010-12": {
            "month": "2010-12",
            "price": "43.54",
            "revenue": 1569923
        },
        "2011-01": {
            "month": "2011-01",
            "price": "42.88",
            "revenue": 1434851
        },
        "2011-02": {
            "month": "2011-02",
            "price": "39.47",
            "revenue": 1138975
        },
        "2011-03": {
            "month": "2011-03",
            "price": "33.64",
            "revenue": 1424785
        },
        "2011-04": {
            "month": "2011-04",
            "price": "34.65",
            "revenue": 1482968
        },
        "2011-05": {
            "month": "2011-05",
            "price": "34.73",
            "revenue": 1388512
        },
        "2011-06": {
            "month": "2011-06",
            "price": "38.09",
            "revenue": 1427569
        },
        "2011-07": {
            "month": "2011-07",
            "price": "34.08",
            "revenue": 1634064
        },
        "2011-08": {
            "month": "2011-08",
            "price": "27.36",
            "revenue": 1299026
        },
        "2011-09": {
            "month": "2011-09",
            "price": "24.15",
            "revenue": 1496479
        },
        "2011-10": {
            "month": "2011-10",
            "price": "23.22",
            "revenue": 1641972
        },
        "2011-11": {
            "month": "2011-11",
            "price": "21.92",
            "revenue": 1626867
        },
        "2011-12": {
            "month": "2011-12",
            "price": "17.96",
            "revenue": 1497028
        },
        "2012-01": {
            "month": "2012-01",
            "price": "17.95",
            "revenue": 1168544
        },
        "2012-02": {
            "month": "2012-02",
            "price": "22.26",
            "revenue": 1009095
        },
        "2012-03": {
            "month": "2012-03",
            "price": "21.30",
            "revenue": 964442
        },
        "2012-04": {
            "month": "2012-04",
            "price": "16.96",
            "revenue": 1252769
        },
        "2012-05": {
            "month": "2012-05",
            "price": "14.59",
            "revenue": 1268218
        },
        "2012-06": {
            "month": "2012-06",
            "price": "13.45",
            "revenue": 1075914
        },
        "2012-07": {
            "month": "2012-07",
            "price": "12.53",
            "revenue": 1573219
        },
        "2012-08": {
            "month": "2012-08",
            "price": "13.59",
            "revenue": 1346183
        },
        "2012-09": {
            "month": "2012-09",
            "price": "13.50",
            "revenue": 961510
        },
        "2012-10": {
            "month": "2012-10",
            "price": "12.65",
            "revenue": 1280580
        },
        "2012-11": {
            "month": "2012-11",
            "price": "10.65",
            "revenue": 1215943
        },
        "2012-12": {
            "month": "2012-12",
            "price": "11.39",
            "revenue": 1258516
        },
        "2013-01": {
            "month": "2013-01",
            "price": "13.29",
            "revenue": 1131728
        },
        "2013-02": {
            "month": "2013-02",
            "price": "14.08",
            "revenue": 845072
        },
        "2013-03": {
            "month": "2013-03",
            "price": "14.18",
            "revenue": 1002616
        },
        "2013-04": {
            "month": "2013-04",
            "price": "12.80",
            "revenue": 1134845
        },
        "2013-05": {
            "month": "2013-05",
            "price": "12.85",
            "revenue": 956871
        },
        "2013-06": {
            "month": "2013-06",
            "price": "12.17",
            "revenue": 1062763
        },
        "2013-07": {
            "month": "2013-07",
            "price": "11.62",
            "revenue": 1426689
        },
        "2013-08": {
            "month": "2013-08",
            "price": "11.39",
            "revenue": 1399371
        },
        "2013-09": {
            "month": "2013-09",
            "price": "11.19",
            "revenue": 1252659
        },
        "2013-10": {
            "month": "2013-10",
            "price": "11.56",
            "revenue": 1282065
        },
        "2013-11": {
            "month": "2013-11",
            "price": "13.70",
            "revenue": 1260005
        },
        "2013-12": {
            "month": "2013-12",
            "price": "15.29",
            "revenue": 1140230
        },
        "2014-01": {
            "month": "2014-01",
            "price": "14.75",
            "revenue": 1176478
        },
        "2014-02": {
            "month": "2014-02",
            "price": "13.98",
            "revenue": 756049
        },
        "2014-03": {
            "month": "2014-03",
            "price": "13.79",
            "revenue": 1099487
        },
        "2014-04": {
            "month": "2014-04",
            "price": "14.03",
            "revenue": 1116214
        },
        "2014-05": {
            "month": "2014-05",
            "price": "15.44",
            "revenue": 1021728
        },
        "2014-06": {
            "month": "2014-06",
            "price": "16.35",
            "revenue": 1041244
        },
        "2014-07": {
            "month": "2014-07",
            "price": "15.41",
            "revenue": 1255408
        },
        "2014-08": {
            "month": "2014-08",
            "price": "14.92",
            "revenue": 1303758
        },
        "2014-09": {
            "month": "2014-09",
            "price": "15.95",
            "revenue": 1283341
        },
        "2014-10": {
            "month": "2014-10",
            "price": "14.72",
            "revenue": 1329781
        },
        "2014-11": {
            "month": "2014-11",
            "price": "17.95",
            "revenue": 1176342
        },
        "2014-12": {
            "month": "2014-12",
            "price": "24.65",
            "revenue": 1117011
        },
        "2015-01": {
            "month": "2015-01",
            "price": "25.08",
            "revenue": 1188441
        },
        "2015-02": {
            "month": "2015-02",
            "price": "25.85",
            "revenue": 956194
        },
        "2015-03": {
            "month": "2015-03",
            "price": "28.95",
            "revenue": 1160000
        },
        "2015-04": {
            "month": "2015-04",
            "price": "33.24",
            "revenue": 1106083
        },
        "2015-05": {
            "month": "2015-05",
            "price": "30.71",
            "revenue": 1013161
        },
        "2015-06": {
            "month": "2015-06",
            "price": "25.46",
            "revenue": 999023
        },
        "2015-07": {
            "month": "2015-07",
            "price": "19.99",
            "revenue": 1260446
        },
        "2015-08": {
            "month": "2015-08",
            "price": "14.20",
            "revenue": 1296110
        },
        "2015-09": {
            "month": "2015-09",
            "price": "14.75",
            "revenue": 1469354
        },
        "2015-10": {
            "month": "2015-10",
            "price": "16.31",
            "revenue": 1393652
        },
        "2015-11": {
            "month": "2015-11",
            "price": "16.62",
            "revenue": 1148029
        },
        "2015-12": {
            "month": "2015-12",
            "price": "14.98",
            "revenue": 715737
        },
        "2016-01": {
            "month": "2016-01",
            "price": "13.63",
            "revenue": 1238919
        },
        "2016-02": {
            "month": "2016-02",
            "price": "14.50",
            "revenue": 855655
        },
        "2016-03": {
            "month": "2016-03",
            "price": "15.29",
            "revenue": 842159
        },
        "2016-04": {
            "month": "2016-04",
            "price": "13.23",
            "revenue": 905155
        },
        "2016-05": {
            "month": "2016-05",
            "price": "12.22",
            "revenue": 872790
        },
        "2016-06": {
            "month": "2016-06",
            "price": "12.35",
            "revenue": 1005542
        },
        "2016-07": {
            "month": "2016-07",
            "price": "12.84",
            "revenue": 1184840
        },
        "2016-08": {
            "month": "2016-08",
            "price": "12.91",
            "revenue": 1258399
        },
        "2016-09": {
            "month": "2016-09",
            "price": "13.08",
            "revenue": 1259432
        },
        "2016-10": {
            "month": "2016-10",
            "price": "13.46",
            "revenue": 974538
        },
        "2016-11": {
            "month": "2016-11",
            "price": "12.91",
            "revenue": 998299
        },
        "2016-12": {
            "month": "2016-12",
            "price": "13.00",
            "revenue": 912470
        },
        "2017-01": {
            "month": "2017-01",
            "price": "13.35",
            "revenue": 1197174
        },
        "2017-02": {
            "month": "2017-02",
            "price": "15.20",
            "revenue": 738022
        },
        "2017-03": {
            "month": "2017-03",
            "price": "14.70",
            "revenue": 964263
        },
        "2017-04": {
            "month": "2017-04",
            "price": "14.27",
            "revenue": 945059
        },
        "2017-05": {
            "month": "2017-05",
            "price": "13.73",
            "revenue": 851974
        },
        "2017-06": {
            "month": "2017-06",
            "price": "13.94",
            "revenue": 866407
        },
        "2017-07": {
            "month": "2017-07",
            "price": "13.71",
            "revenue": 1073447
        },
        "2017-08": {
            "month": "2017-08",
            "price": "13.40",
            "revenue": 1232764
        },
        "2017-09": {
            "month": "2017-09",
            "price": "13.24",
            "revenue": 1130303
        },
        "2017-10": {
            "month": "2017-10",
            "price": "13.00",
            "revenue": 1131484
        },
        "2017-11": {
            "month": "2017-11",
            "price": "12.98",
            "revenue": 948949
        },
        "2017-12": {
            "month": "2017-12",
            "price": "12.74",
            "revenue": 760162
        },
        "2018-01": {
            "month": "2018-01",
            "price": "13.11",
            "revenue": 840317
        },
        "2018-02": {
            "month": "2018-02",
            "price": "12.67",
            "revenue": 585879
        },
        "2018-03": {
            "month": "2018-03",
            "price": "12.53",
            "revenue": 747711
        },
        "2018-04": {
            "month": "2018-04",
            "price": "12.22",
            "revenue": 871524
        },
        "2018-05": {
            "month": "2018-05",
            "price": "11.46",
            "revenue": 890735
        },
        "2018-06": {
            "month": "2018-06",
            "price": "11.80",
            "revenue": 844041
        },
        "2018-07": {
            "month": "2018-07",
            "price": "12.03",
            "revenue": 1127491
        },
        "2018-08": {
            "month": "2018-08",
            "price": "11.88",
            "revenue": 1264552
        },
        "2018-09": {
            "month": "2018-09",
            "price": "11.79",
            "revenue": 1205271
        },
        "2018-10": {
            "month": "2018-10",
            "price": "11.12",
            "revenue": 981594
        },
        "2018-11": {
            "month": "2018-11",
            "price": "10.69",
            "revenue": 893423
        },
        "2018-12": {
            "month": "2018-12",
            "price": "10.76",
            "revenue": 856899
        },
        "2019-01": {
            "month": "2019-01",
            "price": "10.76",
            "revenue": 976959
        },
        "2019-02": {
            "month": "2019-02",
            "price": "11.33",
            "revenue": 631819
        },
        "2019-03": {
            "month": "2019-03",
            "price": "12.50",
            "revenue": 862290
        },
        "2019-04": {
            "month": "2019-04",
            "price": "11.89",
            "revenue": 953825
        },
        "2019-05": {
            "month": "2019-05",
            "price": "11.38",
            "revenue": 1014125
        },
        "2019-06": {
            "month": "2019-06",
            "price": "10.95",
            "revenue": 1036245
        },
        "2019-07": {
            "month": "2019-07",
            "price": "11.48",
            "revenue": 1089822
        },
        "2019-08": {
            "month": "2019-08",
            "price": "11.03",
            "revenue": 1029880
        },
        "2019-09": {
            "month": "2019-09",
            "price": "10.57",
            "revenue": 1004801
        },
        "2019-10": {
            "month": "2019-10",
            "price": "10.43",
            "revenue": 970250
        },
        "2019-11": {
            "month": "2019-11",
            "price": "10.82",
            "revenue": 764156
        },
        "2019-12": {
            "month": "2019-12",
            "price": "11.07",
            "revenue": 743102
        },
        "2020-01": {
            "month": "2020-01",
            "price": "10.87",
            "revenue": 748118
        },
        "2020-02": {
            "month": "2020-02",
            "price": "10.34",
            "revenue": 297198
        },
        "2020-03": {
            "month": "2020-03",
            "price": "8.78",
            "revenue": 509711
        },
        "2020-04": {
            "month": "2020-04",
            "price": "9.08",
            "revenue": 652545
        },
        "2020-05": {
            "month": "2020-05",
            "price": "9.79",
            "revenue": 662930
        },
        "2020-06": {
            "month": "2020-06",
            "price": "10.46",
            "revenue": 777450
        },
        "2020-07": {
            "month": "2020-07",
            "price": "10.38",
            "revenue": 937449
        },
        "2020-08": {
            "month": "2020-08",
            "price": "11.79",
            "revenue": 1053882
        },
        "2020-09": {
            "month": "2020-09",
            "price": "13.96",
            "revenue": 1022438
        },
        "2020-10": {
            "month": "2020-10",
            "price": "14.59",
            "revenue": 1058450
        },
        "2020-11": {
            "month": "2020-11",
            "price": "18.57",
            "revenue": 1012375
        },
        "2020-12": {
            "month": "2020-12",
            "price": "19.69",
            "revenue": 876251
        },
        "2021-01": {
            "month": "2021-01",
            "price": "18.79",
            "revenue": 1004435
        },
        "2021-02": {
            "month": "2021-02",
            "price": "18.90",
            "revenue": 630859
        },
        "2021-03": {
            "month": "2021-03",
            "price": "25.33",
            "revenue": 899077
        },
        "2021-04": {
            "month": "2021-04",
            "price": "31.62",
            "revenue": 975530
        },
        "2021-05": {
            "month": "2021-05",
            "price": "24.60",
            "revenue": 928529
        },
        "2021-06": {
            "month": "2021-06",
            "price": "24.96",
            "revenue": 931241
        },
        "2021-07": {
            "month": "2021-07",
            "price": "24.96",
            "revenue": 837397
        },
        "2021-08": {
            "month": "2021-08",
            "price": "23.79",
            "revenue": 868663
        },
        "2021-09": {
            "month": "2021-09",
            "price": "22.44",
            "revenue": 1020120
        },
        "2021-10": {
            "month": "2021-10",
            "price": "21.24",
            "revenue": 951569
        },
        "2021-11": {
            "month": "2021-11",
            "price": "25.32",
            "revenue": 813358
        },
        "2021-12": {
            "month": "2021-12",
            "price": "25.30",
            "revenue": 665791
        },
        "2022-01": {
            "month": "2022-01",
            "price": "25.69",
            "revenue": 772569
        },
        "2022-02": {
            "month": "2022-02",
            "price": "27.72",
            "revenue": 472504
        },
        "2022-03": {
            "month": "2022-03",
            "price": "29.28",
            "revenue": 715358
        },
        "2022-04": {
            "month": "2022-04",
            "price": "29.18",
            "revenue": 681718
        },
        "2022-05": {
            "month": "2022-05",
            "price": "25.57",
            "revenue": 657957
        },
        "2022-06": {
            "month": "2022-06",
            "price": "26.25",
            "revenue": 727688
        },
        "2022-07": {
            "month": "2022-07",
            "price": "23.52",
            "revenue": 681833
        },
        "2022-08": {
            "month": "2022-08",
            "price": "25.87",
            "revenue": 628347
        },
        "2022-09": {
            "month": "2022-09",
            "price": "25.46",
            "revenue": 582957
        },
        "2022-10": {
            "month": "2022-10",
            "price": "24.30",
            "revenue": 576455
        },
        "2022-11": {
            "month": "2022-11",
            "price": "25.43",
            "revenue": 548600
        },
        "2022-12": {
            "month": "2022-12",
            "price": "26.92",
            "revenue": 377356
        },
        "2023-01": {
            "month": "2023-01",
            "price": "27.44",
            "revenue": 526771
        },
        "2023-02": {
            "month": "2023-02",
            "price": "29.16",
            "revenue": 422878
        },
        "2023-03": {
            "month": "2023-03",
            "price": "29.59",
            "revenue": 520276
        },
        "2023-04": {
            "month": "2023-04",
            "price": "25.87",
            "revenue": 448904
        }
    }
}
