{
    "summary": {
        "stock_name": "新盛力",
        "stock_id": "4931",
        "category": "電子零組件",
        "main_business": "鋰電池模組製造銷售<br>電池零件買賣<br>電子材料買賣",
        "website_url": "http://www.stl-tech.com",
        "ceo": "張中秋",
        "pe_ratio": 15,
        "report_year_from": 2009,
        "report_year_to": 2023,
        "age": 14,
        "eps_negative_percentage": 20,
        "eps_growth_avg": {
            "last_all": -80.08,
            "last_2y": -80.08,
            "last_4y": null,
            "last_8y": null,
            "last_12y": null,
            "last_16y": null,
            "last_20y": null,
            "at_2006_last_3y": null,
            "at_2007_last_3y": null,
            "at_2008_last_3y": null,
            "at_2009_last_3y": null,
            "at_2010_last_3y": null,
            "at_2011_last_3y": null,
            "at_2012_last_3y": null,
            "at_2013_last_3y": null,
            "at_2014_last_3y": null,
            "at_2015_last_3y": null,
            "at_2016_last_3y": null,
            "at_2017_last_3y": null,
            "at_2018_last_3y": null,
            "at_2019_last_3y": null,
            "at_2020_last_3y": null,
            "at_2021_last_3y": null,
            "at_2022_last_3y": null,
            "at_2023_last_3y": null,
            "at_2006_last_all": null,
            "at_2007_last_all": null,
            "at_2008_last_all": null,
            "at_2009_last_all": null,
            "at_2010_last_all": null,
            "at_2011_last_all": null,
            "at_2012_last_all": null,
            "at_2013_last_all": null,
            "at_2014_last_all": null,
            "at_2015_last_all": null,
            "at_2016_last_all": null,
            "at_2017_last_all": null,
            "at_2018_last_all": null,
            "at_2019_last_all": null,
            "at_2020_last_all": null,
            "at_2021_last_all": -80.08,
            "at_2022_last_all": -80.08,
            "at_2023_last_all": -80.08
        },
        "latest_eps": 3.09,
        "latest_price": 46.85,
        "latest_roe": 19.19,
        "latest_gross_margin": 20.31,
        "latest_equity": 1143018,
        "latest_revenue": 667239,
        "latest_gross_profit": 135539,
        "latest_net_income": 47357,
        "latest_debt_ratio": 34.51,
        "latest_current_ratio": 275.05,
        "latest_account_receivable_turnover_ratio": 1.27,
        "latest_inventory_turnover_ratio": 0.97,
        "latest_reinvestment_rate": 8.11,
        "latest_research_to_sale_ratio": 2.57
    },
    "eps_dividends": {
        "2001": {
            "cash": 0,
            "stock": 0,
            "eps": 0
        },
        "2002": {
            "cash": 0,
            "stock": 0,
            "eps": 0
        },
        "2003": {
            "cash": 0,
            "stock": 0,
            "eps": 0
        },
        "2004": {
            "cash": 0,
            "stock": 0,
            "eps": 0
        },
        "2005": {
            "cash": 0,
            "stock": 0,
            "eps": 0
        },
        "2006": {
            "cash": 0,
            "stock": 0,
            "eps": 0
        },
        "2007": {
            "cash": 0,
            "stock": 0,
            "eps": 0
        },
        "2008": {
            "cash": 0,
            "stock": 0,
            "eps": 0
        },
        "2009": {
            "cash": 0,
            "stock": 0,
            "eps": 0
        },
        "2010": {
            "cash": 1,
            "stock": 1,
            "eps": 0
        },
        "2011": {
            "cash": 0,
            "stock": 0,
            "eps": 0
        },
        "2012": {
            "cash": 0,
            "stock": 0,
            "eps": 0
        },
        "2013": {
            "cash": 0,
            "stock": 0,
            "eps": 0
        },
        "2014": {
            "cash": 0,
            "stock": 0,
            "eps": 0
        },
        "2015": {
            "cash": 0,
            "stock": 0,
            "eps": 0
        },
        "2016": {
            "cash": 0,
            "stock": 0,
            "eps": 0
        },
        "2017": {
            "cash": 1,
            "stock": 0,
            "eps": 0
        },
        "2018": {
            "cash": 0,
            "stock": 0,
            "eps": 0
        },
        "2019": {
            "cash": 1,
            "stock": 0,
            "eps": 2.51
        },
        "2020": {
            "cash": 2,
            "stock": 0,
            "eps": 1
        },
        "2021": {
            "cash": 1,
            "stock": 0,
            "eps": -0.63
        },
        "2022": {
            "cash": 0,
            "stock": 0,
            "eps": 2.98
        },
        "2023": {
            "cash": 2,
            "stock": 0,
            "eps": 0.74
        }
    },
    "dividends": {
        "2010-04-30": {
            "cash": 0.5,
            "stock": 0.5
        },
        "2017-08-22": {
            "cash": 0.5,
            "stock": 0
        },
        "2018-08-10": {
            "cash": 0.2,
            "stock": 0
        },
        "2019-08-15": {
            "cash": 1,
            "stock": 0
        },
        "2020-08-04": {
            "cash": 1.7,
            "stock": 0
        },
        "2021-10-22": {
            "cash": 0.9,
            "stock": 0
        },
        "2023-03-09": {
            "cash": 2.2,
            "stock": 0
        }
    },
    "prices": {
        "200101": "無",
        "200102": "無",
        "200103": "無",
        "200104": "無",
        "200105": "無",
        "200106": "無",
        "200107": "無",
        "200108": "無",
        "200109": "無",
        "200110": "無",
        "200111": "無",
        "200112": "無",
        "200201": "無",
        "200202": "無",
        "200203": "無",
        "200204": "無",
        "200205": "無",
        "200206": "無",
        "200207": "無",
        "200208": "無",
        "200209": "無",
        "200210": "無",
        "200211": "無",
        "200212": "無",
        "200301": "無",
        "200302": "無",
        "200303": "無",
        "200304": "無",
        "200305": "無",
        "200306": "無",
        "200307": "無",
        "200308": "無",
        "200309": "無",
        "200310": "無",
        "200311": "無",
        "200312": "無",
        "200401": "無",
        "200402": "無",
        "200403": "無",
        "200404": "無",
        "200405": "無",
        "200406": "無",
        "200407": "無",
        "200408": "無",
        "200409": "無",
        "200410": "無",
        "200411": "無",
        "200412": "無",
        "200501": "無",
        "200502": "無",
        "200503": "無",
        "200504": "無",
        "200505": "無",
        "200506": "無",
        "200507": "無",
        "200508": "無",
        "200509": "無",
        "200510": "無",
        "200511": "無",
        "200512": "無",
        "200601": "無",
        "200602": "無",
        "200603": "無",
        "200604": "無",
        "200605": "無",
        "200606": "無",
        "200607": "無",
        "200608": "無",
        "200609": "無",
        "200610": "無",
        "200611": "無",
        "200612": "無",
        "200701": "無",
        "200702": "無",
        "200703": "無",
        "200704": "無",
        "200705": "無",
        "200706": "無",
        "200707": "無",
        "200708": "無",
        "200709": "無",
        "200710": "無",
        "200711": "無",
        "200712": "無",
        "200801": "無",
        "200802": "無",
        "200803": "無",
        "200804": "無",
        "200805": "無",
        "200806": "無",
        "200807": "無",
        "200808": "無",
        "200809": "無",
        "200810": "無",
        "200811": "無",
        "200812": "無",
        "200901": "無",
        "200902": "無",
        "200903": "無",
        "200904": "無",
        "200905": "無",
        "200906": "無",
        "200907": "無",
        "200908": "無",
        "200909": "無",
        "200910": "無",
        "200911": "無",
        "200912": "無",
        "201001": "無",
        "201002": "無",
        "201003": "58.02",
        "201004": "66.97",
        "201005": "63.63",
        "201006": "59.84",
        "201007": "57.08",
        "201008": "53.37",
        "201009": "51.75",
        "201010": "51.68",
        "201011": "49.50",
        "201012": "45.78",
        "201101": "47.19",
        "201102": "44.29",
        "201103": "41.31",
        "201104": "40.17",
        "201105": "39.12",
        "201106": "38.17",
        "201107": "37.57",
        "201108": "35.90",
        "201109": "無",
        "201110": "32.66",
        "201111": "17.80",
        "201112": "12.95",
        "201201": "11.22",
        "201202": "14.85",
        "201203": "16.33",
        "201204": "14.22",
        "201205": "12.35",
        "201206": "11.46",
        "201207": "10.46",
        "201208": "8.09",
        "201209": "7.28",
        "201210": "6.24",
        "201211": "3.80",
        "201212": "4.07",
        "201301": "4.40",
        "201302": "4.23",
        "201303": "4.75",
        "201304": "4.18",
        "201305": "4.04",
        "201306": "4.13",
        "201307": "4.29",
        "201308": "3.97",
        "201309": "3.95",
        "201310": "3.88",
        "201311": "3.41",
        "201312": "3.26",
        "201401": "3.30",
        "201402": "4.58",
        "201403": "5.06",
        "201404": "4.90",
        "201405": "4.52",
        "201406": "4.38",
        "201407": "4.61",
        "201408": "3.64",
        "201409": "2.24",
        "201410": "無",
        "201411": "無",
        "201412": "無",
        "201501": "無",
        "201502": "無",
        "201503": "無",
        "201504": "無",
        "201505": "無",
        "201506": "無",
        "201507": "無",
        "201508": "無",
        "201509": "無",
        "201510": "無",
        "201511": "無",
        "201512": "無",
        "201601": "無",
        "201602": "無",
        "201603": "無",
        "201604": "無",
        "201605": "無",
        "201606": "無",
        "201607": "無",
        "201608": "無",
        "201609": "無",
        "201610": "無",
        "201611": "無",
        "201612": "無",
        "201701": "無",
        "201702": "無",
        "201703": "無",
        "201704": "12.22",
        "201705": "11.89",
        "201706": "10.88",
        "201707": "10.50",
        "201708": "10.10",
        "201709": "10.97",
        "201710": "11.14",
        "201711": "11.15",
        "201712": "11.36",
        "201801": "12.03",
        "201802": "12.46",
        "201803": "15.15",
        "201804": "16.18",
        "201805": "16.86",
        "201806": "21.08",
        "201807": "21.57",
        "201808": "21.28",
        "201809": "19.22",
        "201810": "16.79",
        "201811": "17.16",
        "201812": "17.78",
        "201901": "18.25",
        "201902": "19.25",
        "201903": "20.33",
        "201904": "21.94",
        "201905": "24.09",
        "201906": "25.44",
        "201907": "27.57",
        "201908": "33.35",
        "201909": "38.00",
        "201910": "34.69",
        "201911": "37.10",
        "201912": "34.76",
        "202001": "34.83",
        "202002": "34.06",
        "202003": "26.02",
        "202004": "28.27",
        "202005": "30.86",
        "202006": "28.37",
        "202007": "25.60",
        "202008": "22.91",
        "202009": "22.60",
        "202010": "22.56",
        "202011": "23.02",
        "202012": "24.06",
        "202101": "22.52",
        "202102": "21.31",
        "202103": "22.66",
        "202104": "22.74",
        "202105": "20.18",
        "202106": "19.23",
        "202107": "22.34",
        "202108": "20.55",
        "202109": "19.48",
        "202110": "18.41",
        "202111": "19.35",
        "202112": "20.56",
        "202201": "22.62",
        "202202": "25.00",
        "202203": "27.45",
        "202204": "32.47",
        "202205": "38.44",
        "202206": "41.23",
        "202207": "32.64",
        "202208": "36.84",
        "202209": "40.93",
        "202210": "44.30",
        "202211": "53.18",
        "202212": "49.61",
        "202301": "43.54",
        "202302": "48.06",
        "202303": "46.56",
        "202304": "46.55",
        "202305": "46.22"
    },
    "quarters": {
        "20011": {
            "year_quarter": 20011,
            "year": 2001,
            "quarter": 1,
            "eps": null,
            "eps_growth_year": null,
            "eps_4q": null,
            "eps_4q_growth_year": null,
            "roe": null,
            "roe_4q": 0,
            "gross_profit": null,
            "gross_margin": null,
            "gross_margin_4q_avg": 0,
            "net_income": null,
            "revenue": null,
            "common_shares": null,
            "book_valuer_per_share": null,
            "book_valuer_per_share_4q_avg": 0,
            "equity": null,
            "current_ratio": null,
            "debt_ratio": null,
            "inventory_turnover_ratio": null,
            "account_receivable_turnover_ratio": null,
            "reinvestment_rate": null,
            "research_to_sale_ratio": null,
            "price_fair": 0,
            "eps_avg_yearly": 0,
            "eps_latest_yearly": 0,
            "eps_growth_yearly": 0
        },
        "20012": {
            "year_quarter": 20012,
            "year": 2001,
            "quarter": 2,
            "eps": null,
            "eps_growth_year": null,
            "eps_4q": null,
            "eps_4q_growth_year": null,
            "roe": null,
            "roe_4q": 0,
            "gross_profit": null,
            "gross_margin": null,
            "gross_margin_4q_avg": 0,
            "net_income": null,
            "revenue": null,
            "common_shares": null,
            "book_valuer_per_share": null,
            "book_valuer_per_share_4q_avg": 0,
            "equity": null,
            "current_ratio": null,
            "debt_ratio": null,
            "inventory_turnover_ratio": null,
            "account_receivable_turnover_ratio": null,
            "reinvestment_rate": null,
            "research_to_sale_ratio": null,
            "price_fair": 0,
            "eps_avg_yearly": 0,
            "eps_latest_yearly": 0,
            "eps_growth_yearly": 0
        },
        "20013": {
            "year_quarter": 20013,
            "year": 2001,
            "quarter": 3,
            "eps": null,
            "eps_growth_year": null,
            "eps_4q": null,
            "eps_4q_growth_year": null,
            "roe": null,
            "roe_4q": 0,
            "gross_profit": null,
            "gross_margin": null,
            "gross_margin_4q_avg": 0,
            "net_income": null,
            "revenue": null,
            "common_shares": null,
            "book_valuer_per_share": null,
            "book_valuer_per_share_4q_avg": 0,
            "equity": null,
            "current_ratio": null,
            "debt_ratio": null,
            "inventory_turnover_ratio": null,
            "account_receivable_turnover_ratio": null,
            "reinvestment_rate": null,
            "research_to_sale_ratio": null,
            "price_fair": 0,
            "eps_avg_yearly": 0,
            "eps_latest_yearly": 0,
            "eps_growth_yearly": 0
        },
        "20014": {
            "year_quarter": 20014,
            "year": 2001,
            "quarter": 4,
            "eps": null,
            "eps_growth_year": null,
            "eps_4q": null,
            "eps_4q_growth_year": null,
            "roe": null,
            "roe_4q": 0,
            "gross_profit": null,
            "gross_margin": null,
            "gross_margin_4q_avg": 0,
            "net_income": null,
            "revenue": null,
            "common_shares": null,
            "book_valuer_per_share": null,
            "book_valuer_per_share_4q_avg": 0,
            "equity": null,
            "current_ratio": null,
            "debt_ratio": null,
            "inventory_turnover_ratio": null,
            "account_receivable_turnover_ratio": null,
            "reinvestment_rate": null,
            "research_to_sale_ratio": null,
            "price_fair": 0,
            "eps_avg_yearly": 0,
            "eps_latest_yearly": 0,
            "eps_growth_yearly": 0
        },
        "20021": {
            "year_quarter": 20021,
            "year": 2002,
            "quarter": 1,
            "eps": null,
            "eps_growth_year": null,
            "eps_4q": null,
            "eps_4q_growth_year": null,
            "roe": null,
            "roe_4q": 0,
            "gross_profit": null,
            "gross_margin": null,
            "gross_margin_4q_avg": 0,
            "net_income": null,
            "revenue": null,
            "common_shares": null,
            "book_valuer_per_share": null,
            "book_valuer_per_share_4q_avg": 0,
            "equity": null,
            "current_ratio": null,
            "debt_ratio": null,
            "inventory_turnover_ratio": null,
            "account_receivable_turnover_ratio": null,
            "reinvestment_rate": null,
            "research_to_sale_ratio": null,
            "price_fair": 0,
            "eps_avg_yearly": 0,
            "eps_latest_yearly": 0,
            "eps_growth_yearly": 0
        },
        "20022": {
            "year_quarter": 20022,
            "year": 2002,
            "quarter": 2,
            "eps": null,
            "eps_growth_year": null,
            "eps_4q": null,
            "eps_4q_growth_year": null,
            "roe": null,
            "roe_4q": 0,
            "gross_profit": null,
            "gross_margin": null,
            "gross_margin_4q_avg": 0,
            "net_income": null,
            "revenue": null,
            "common_shares": null,
            "book_valuer_per_share": null,
            "book_valuer_per_share_4q_avg": 0,
            "equity": null,
            "current_ratio": null,
            "debt_ratio": null,
            "inventory_turnover_ratio": null,
            "account_receivable_turnover_ratio": null,
            "reinvestment_rate": null,
            "research_to_sale_ratio": null,
            "price_fair": 0,
            "eps_avg_yearly": 0,
            "eps_latest_yearly": 0,
            "eps_growth_yearly": 0
        },
        "20023": {
            "year_quarter": 20023,
            "year": 2002,
            "quarter": 3,
            "eps": null,
            "eps_growth_year": null,
            "eps_4q": null,
            "eps_4q_growth_year": null,
            "roe": null,
            "roe_4q": 0,
            "gross_profit": null,
            "gross_margin": null,
            "gross_margin_4q_avg": 0,
            "net_income": null,
            "revenue": null,
            "common_shares": null,
            "book_valuer_per_share": null,
            "book_valuer_per_share_4q_avg": 0,
            "equity": null,
            "current_ratio": null,
            "debt_ratio": null,
            "inventory_turnover_ratio": null,
            "account_receivable_turnover_ratio": null,
            "reinvestment_rate": null,
            "research_to_sale_ratio": null,
            "price_fair": 0,
            "eps_avg_yearly": 0,
            "eps_latest_yearly": 0,
            "eps_growth_yearly": 0
        },
        "20024": {
            "year_quarter": 20024,
            "year": 2002,
            "quarter": 4,
            "eps": null,
            "eps_growth_year": null,
            "eps_4q": null,
            "eps_4q_growth_year": null,
            "roe": null,
            "roe_4q": 0,
            "gross_profit": null,
            "gross_margin": null,
            "gross_margin_4q_avg": 0,
            "net_income": null,
            "revenue": null,
            "common_shares": null,
            "book_valuer_per_share": null,
            "book_valuer_per_share_4q_avg": 0,
            "equity": null,
            "current_ratio": null,
            "debt_ratio": null,
            "inventory_turnover_ratio": null,
            "account_receivable_turnover_ratio": null,
            "reinvestment_rate": null,
            "research_to_sale_ratio": null,
            "price_fair": 0,
            "eps_avg_yearly": 0,
            "eps_latest_yearly": 0,
            "eps_growth_yearly": 0
        },
        "20031": {
            "year_quarter": 20031,
            "year": 2003,
            "quarter": 1,
            "eps": null,
            "eps_growth_year": null,
            "eps_4q": null,
            "eps_4q_growth_year": null,
            "roe": null,
            "roe_4q": 0,
            "gross_profit": null,
            "gross_margin": null,
            "gross_margin_4q_avg": 0,
            "net_income": null,
            "revenue": null,
            "common_shares": null,
            "book_valuer_per_share": null,
            "book_valuer_per_share_4q_avg": 0,
            "equity": null,
            "current_ratio": null,
            "debt_ratio": null,
            "inventory_turnover_ratio": null,
            "account_receivable_turnover_ratio": null,
            "reinvestment_rate": null,
            "research_to_sale_ratio": null,
            "price_fair": 0,
            "eps_avg_yearly": 0,
            "eps_latest_yearly": 0,
            "eps_growth_yearly": 0
        },
        "20032": {
            "year_quarter": 20032,
            "year": 2003,
            "quarter": 2,
            "eps": null,
            "eps_growth_year": null,
            "eps_4q": null,
            "eps_4q_growth_year": null,
            "roe": null,
            "roe_4q": 0,
            "gross_profit": null,
            "gross_margin": null,
            "gross_margin_4q_avg": 0,
            "net_income": null,
            "revenue": null,
            "common_shares": null,
            "book_valuer_per_share": null,
            "book_valuer_per_share_4q_avg": 0,
            "equity": null,
            "current_ratio": null,
            "debt_ratio": null,
            "inventory_turnover_ratio": null,
            "account_receivable_turnover_ratio": null,
            "reinvestment_rate": null,
            "research_to_sale_ratio": null,
            "price_fair": 0,
            "eps_avg_yearly": 0,
            "eps_latest_yearly": 0,
            "eps_growth_yearly": 0
        },
        "20033": {
            "year_quarter": 20033,
            "year": 2003,
            "quarter": 3,
            "eps": null,
            "eps_growth_year": null,
            "eps_4q": null,
            "eps_4q_growth_year": null,
            "roe": null,
            "roe_4q": 0,
            "gross_profit": null,
            "gross_margin": null,
            "gross_margin_4q_avg": 0,
            "net_income": null,
            "revenue": null,
            "common_shares": null,
            "book_valuer_per_share": null,
            "book_valuer_per_share_4q_avg": 0,
            "equity": null,
            "current_ratio": null,
            "debt_ratio": null,
            "inventory_turnover_ratio": null,
            "account_receivable_turnover_ratio": null,
            "reinvestment_rate": null,
            "research_to_sale_ratio": null,
            "price_fair": 0,
            "eps_avg_yearly": 0,
            "eps_latest_yearly": 0,
            "eps_growth_yearly": 0
        },
        "20034": {
            "year_quarter": 20034,
            "year": 2003,
            "quarter": 4,
            "eps": null,
            "eps_growth_year": null,
            "eps_4q": null,
            "eps_4q_growth_year": null,
            "roe": null,
            "roe_4q": 0,
            "gross_profit": null,
            "gross_margin": null,
            "gross_margin_4q_avg": 0,
            "net_income": null,
            "revenue": null,
            "common_shares": null,
            "book_valuer_per_share": null,
            "book_valuer_per_share_4q_avg": 0,
            "equity": null,
            "current_ratio": null,
            "debt_ratio": null,
            "inventory_turnover_ratio": null,
            "account_receivable_turnover_ratio": null,
            "reinvestment_rate": null,
            "research_to_sale_ratio": null,
            "price_fair": 0,
            "eps_avg_yearly": 0,
            "eps_latest_yearly": 0,
            "eps_growth_yearly": 0
        },
        "20041": {
            "year_quarter": 20041,
            "year": 2004,
            "quarter": 1,
            "eps": null,
            "eps_growth_year": null,
            "eps_4q": null,
            "eps_4q_growth_year": null,
            "roe": null,
            "roe_4q": 0,
            "gross_profit": null,
            "gross_margin": null,
            "gross_margin_4q_avg": 0,
            "net_income": null,
            "revenue": null,
            "common_shares": null,
            "book_valuer_per_share": null,
            "book_valuer_per_share_4q_avg": 0,
            "equity": null,
            "current_ratio": null,
            "debt_ratio": null,
            "inventory_turnover_ratio": null,
            "account_receivable_turnover_ratio": null,
            "reinvestment_rate": null,
            "research_to_sale_ratio": null,
            "price_fair": 0,
            "eps_avg_yearly": 0,
            "eps_latest_yearly": 0,
            "eps_growth_yearly": 0
        },
        "20042": {
            "year_quarter": 20042,
            "year": 2004,
            "quarter": 2,
            "eps": null,
            "eps_growth_year": null,
            "eps_4q": null,
            "eps_4q_growth_year": null,
            "roe": null,
            "roe_4q": 0,
            "gross_profit": null,
            "gross_margin": null,
            "gross_margin_4q_avg": 0,
            "net_income": null,
            "revenue": null,
            "common_shares": null,
            "book_valuer_per_share": null,
            "book_valuer_per_share_4q_avg": 0,
            "equity": null,
            "current_ratio": null,
            "debt_ratio": null,
            "inventory_turnover_ratio": null,
            "account_receivable_turnover_ratio": null,
            "reinvestment_rate": null,
            "research_to_sale_ratio": null,
            "price_fair": 0,
            "eps_avg_yearly": 0,
            "eps_latest_yearly": 0,
            "eps_growth_yearly": 0
        },
        "20043": {
            "year_quarter": 20043,
            "year": 2004,
            "quarter": 3,
            "eps": null,
            "eps_growth_year": null,
            "eps_4q": null,
            "eps_4q_growth_year": null,
            "roe": null,
            "roe_4q": 0,
            "gross_profit": null,
            "gross_margin": null,
            "gross_margin_4q_avg": 0,
            "net_income": null,
            "revenue": null,
            "common_shares": null,
            "book_valuer_per_share": null,
            "book_valuer_per_share_4q_avg": 0,
            "equity": null,
            "current_ratio": null,
            "debt_ratio": null,
            "inventory_turnover_ratio": null,
            "account_receivable_turnover_ratio": null,
            "reinvestment_rate": null,
            "research_to_sale_ratio": null,
            "price_fair": 0,
            "eps_avg_yearly": 0,
            "eps_latest_yearly": 0,
            "eps_growth_yearly": 0
        },
        "20044": {
            "year_quarter": 20044,
            "year": 2004,
            "quarter": 4,
            "eps": null,
            "eps_growth_year": null,
            "eps_4q": null,
            "eps_4q_growth_year": null,
            "roe": null,
            "roe_4q": 0,
            "gross_profit": null,
            "gross_margin": null,
            "gross_margin_4q_avg": 0,
            "net_income": null,
            "revenue": null,
            "common_shares": null,
            "book_valuer_per_share": null,
            "book_valuer_per_share_4q_avg": 0,
            "equity": null,
            "current_ratio": null,
            "debt_ratio": null,
            "inventory_turnover_ratio": null,
            "account_receivable_turnover_ratio": null,
            "reinvestment_rate": null,
            "research_to_sale_ratio": null,
            "price_fair": 0,
            "eps_avg_yearly": 0,
            "eps_latest_yearly": 0,
            "eps_growth_yearly": 0
        },
        "20051": {
            "year_quarter": 20051,
            "year": 2005,
            "quarter": 1,
            "eps": null,
            "eps_growth_year": null,
            "eps_4q": null,
            "eps_4q_growth_year": null,
            "roe": null,
            "roe_4q": 0,
            "gross_profit": null,
            "gross_margin": null,
            "gross_margin_4q_avg": 0,
            "net_income": null,
            "revenue": null,
            "common_shares": null,
            "book_valuer_per_share": null,
            "book_valuer_per_share_4q_avg": 0,
            "equity": null,
            "current_ratio": null,
            "debt_ratio": null,
            "inventory_turnover_ratio": null,
            "account_receivable_turnover_ratio": null,
            "reinvestment_rate": null,
            "research_to_sale_ratio": null,
            "price_fair": 0,
            "eps_avg_yearly": 0,
            "eps_latest_yearly": 0,
            "eps_growth_yearly": 0
        },
        "20052": {
            "year_quarter": 20052,
            "year": 2005,
            "quarter": 2,
            "eps": null,
            "eps_growth_year": null,
            "eps_4q": null,
            "eps_4q_growth_year": null,
            "roe": null,
            "roe_4q": 0,
            "gross_profit": null,
            "gross_margin": null,
            "gross_margin_4q_avg": 0,
            "net_income": null,
            "revenue": null,
            "common_shares": null,
            "book_valuer_per_share": null,
            "book_valuer_per_share_4q_avg": 0,
            "equity": null,
            "current_ratio": null,
            "debt_ratio": null,
            "inventory_turnover_ratio": null,
            "account_receivable_turnover_ratio": null,
            "reinvestment_rate": null,
            "research_to_sale_ratio": null,
            "price_fair": 0,
            "eps_avg_yearly": 0,
            "eps_latest_yearly": 0,
            "eps_growth_yearly": 0
        },
        "20053": {
            "year_quarter": 20053,
            "year": 2005,
            "quarter": 3,
            "eps": null,
            "eps_growth_year": null,
            "eps_4q": null,
            "eps_4q_growth_year": null,
            "roe": null,
            "roe_4q": 0,
            "gross_profit": null,
            "gross_margin": null,
            "gross_margin_4q_avg": 0,
            "net_income": null,
            "revenue": null,
            "common_shares": null,
            "book_valuer_per_share": null,
            "book_valuer_per_share_4q_avg": 0,
            "equity": null,
            "current_ratio": null,
            "debt_ratio": null,
            "inventory_turnover_ratio": null,
            "account_receivable_turnover_ratio": null,
            "reinvestment_rate": null,
            "research_to_sale_ratio": null,
            "price_fair": 0,
            "eps_avg_yearly": 0,
            "eps_latest_yearly": 0,
            "eps_growth_yearly": 0
        },
        "20054": {
            "year_quarter": 20054,
            "year": 2005,
            "quarter": 4,
            "eps": null,
            "eps_growth_year": null,
            "eps_4q": null,
            "eps_4q_growth_year": null,
            "roe": null,
            "roe_4q": 0,
            "gross_profit": null,
            "gross_margin": null,
            "gross_margin_4q_avg": 0,
            "net_income": null,
            "revenue": null,
            "common_shares": null,
            "book_valuer_per_share": null,
            "book_valuer_per_share_4q_avg": 0,
            "equity": null,
            "current_ratio": null,
            "debt_ratio": null,
            "inventory_turnover_ratio": null,
            "account_receivable_turnover_ratio": null,
            "reinvestment_rate": null,
            "research_to_sale_ratio": null,
            "price_fair": 0,
            "eps_avg_yearly": 0,
            "eps_latest_yearly": 0,
            "eps_growth_yearly": 0
        },
        "20061": {
            "year_quarter": 20061,
            "year": 2006,
            "quarter": 1,
            "eps": null,
            "eps_growth_year": null,
            "eps_4q": null,
            "eps_4q_growth_year": null,
            "roe": null,
            "roe_4q": 0,
            "gross_profit": null,
            "gross_margin": null,
            "gross_margin_4q_avg": 0,
            "net_income": null,
            "revenue": null,
            "common_shares": null,
            "book_valuer_per_share": null,
            "book_valuer_per_share_4q_avg": 0,
            "equity": null,
            "current_ratio": null,
            "debt_ratio": null,
            "inventory_turnover_ratio": null,
            "account_receivable_turnover_ratio": null,
            "reinvestment_rate": null,
            "research_to_sale_ratio": null,
            "price_fair": 0,
            "eps_avg_yearly": 0,
            "eps_latest_yearly": 0,
            "eps_growth_yearly": 0
        },
        "20062": {
            "year_quarter": 20062,
            "year": 2006,
            "quarter": 2,
            "eps": null,
            "eps_growth_year": null,
            "eps_4q": null,
            "eps_4q_growth_year": null,
            "roe": null,
            "roe_4q": 0,
            "gross_profit": null,
            "gross_margin": null,
            "gross_margin_4q_avg": 0,
            "net_income": null,
            "revenue": null,
            "common_shares": null,
            "book_valuer_per_share": null,
            "book_valuer_per_share_4q_avg": 0,
            "equity": null,
            "current_ratio": null,
            "debt_ratio": null,
            "inventory_turnover_ratio": null,
            "account_receivable_turnover_ratio": null,
            "reinvestment_rate": null,
            "research_to_sale_ratio": null,
            "price_fair": 0,
            "eps_avg_yearly": 0,
            "eps_latest_yearly": 0,
            "eps_growth_yearly": 0
        },
        "20063": {
            "year_quarter": 20063,
            "year": 2006,
            "quarter": 3,
            "eps": null,
            "eps_growth_year": null,
            "eps_4q": null,
            "eps_4q_growth_year": null,
            "roe": null,
            "roe_4q": 0,
            "gross_profit": null,
            "gross_margin": null,
            "gross_margin_4q_avg": 0,
            "net_income": null,
            "revenue": null,
            "common_shares": null,
            "book_valuer_per_share": null,
            "book_valuer_per_share_4q_avg": 0,
            "equity": null,
            "current_ratio": null,
            "debt_ratio": null,
            "inventory_turnover_ratio": null,
            "account_receivable_turnover_ratio": null,
            "reinvestment_rate": null,
            "research_to_sale_ratio": null,
            "price_fair": 0,
            "eps_avg_yearly": 0,
            "eps_latest_yearly": 0,
            "eps_growth_yearly": 0
        },
        "20064": {
            "year_quarter": 20064,
            "year": 2006,
            "quarter": 4,
            "eps": null,
            "eps_growth_year": null,
            "eps_4q": null,
            "eps_4q_growth_year": null,
            "roe": null,
            "roe_4q": 0,
            "gross_profit": null,
            "gross_margin": null,
            "gross_margin_4q_avg": 0,
            "net_income": null,
            "revenue": null,
            "common_shares": null,
            "book_valuer_per_share": null,
            "book_valuer_per_share_4q_avg": 0,
            "equity": null,
            "current_ratio": null,
            "debt_ratio": null,
            "inventory_turnover_ratio": null,
            "account_receivable_turnover_ratio": null,
            "reinvestment_rate": null,
            "research_to_sale_ratio": null,
            "price_fair": 0,
            "eps_avg_yearly": 0,
            "eps_latest_yearly": 0,
            "eps_growth_yearly": 0
        },
        "20071": {
            "year_quarter": 20071,
            "year": 2007,
            "quarter": 1,
            "eps": null,
            "eps_growth_year": null,
            "eps_4q": null,
            "eps_4q_growth_year": null,
            "roe": null,
            "roe_4q": 0,
            "gross_profit": null,
            "gross_margin": null,
            "gross_margin_4q_avg": 0,
            "net_income": null,
            "revenue": null,
            "common_shares": null,
            "book_valuer_per_share": null,
            "book_valuer_per_share_4q_avg": 0,
            "equity": null,
            "current_ratio": null,
            "debt_ratio": null,
            "inventory_turnover_ratio": null,
            "account_receivable_turnover_ratio": null,
            "reinvestment_rate": null,
            "research_to_sale_ratio": null,
            "price_fair": 0,
            "eps_avg_yearly": 0,
            "eps_latest_yearly": 0,
            "eps_growth_yearly": 0
        },
        "20072": {
            "year_quarter": 20072,
            "year": 2007,
            "quarter": 2,
            "eps": null,
            "eps_growth_year": null,
            "eps_4q": null,
            "eps_4q_growth_year": null,
            "roe": null,
            "roe_4q": 0,
            "gross_profit": null,
            "gross_margin": null,
            "gross_margin_4q_avg": 0,
            "net_income": null,
            "revenue": null,
            "common_shares": null,
            "book_valuer_per_share": null,
            "book_valuer_per_share_4q_avg": 0,
            "equity": null,
            "current_ratio": null,
            "debt_ratio": null,
            "inventory_turnover_ratio": null,
            "account_receivable_turnover_ratio": null,
            "reinvestment_rate": null,
            "research_to_sale_ratio": null,
            "price_fair": 0,
            "eps_avg_yearly": 0,
            "eps_latest_yearly": 0,
            "eps_growth_yearly": 0
        },
        "20073": {
            "year_quarter": 20073,
            "year": 2007,
            "quarter": 3,
            "eps": null,
            "eps_growth_year": null,
            "eps_4q": null,
            "eps_4q_growth_year": null,
            "roe": null,
            "roe_4q": 0,
            "gross_profit": null,
            "gross_margin": null,
            "gross_margin_4q_avg": 0,
            "net_income": null,
            "revenue": null,
            "common_shares": null,
            "book_valuer_per_share": null,
            "book_valuer_per_share_4q_avg": 0,
            "equity": null,
            "current_ratio": null,
            "debt_ratio": null,
            "inventory_turnover_ratio": null,
            "account_receivable_turnover_ratio": null,
            "reinvestment_rate": null,
            "research_to_sale_ratio": null,
            "price_fair": 0,
            "eps_avg_yearly": 0,
            "eps_latest_yearly": 0,
            "eps_growth_yearly": 0
        },
        "20074": {
            "year_quarter": 20074,
            "year": 2007,
            "quarter": 4,
            "eps": null,
            "eps_growth_year": null,
            "eps_4q": null,
            "eps_4q_growth_year": null,
            "roe": null,
            "roe_4q": 0,
            "gross_profit": null,
            "gross_margin": null,
            "gross_margin_4q_avg": 0,
            "net_income": null,
            "revenue": null,
            "common_shares": null,
            "book_valuer_per_share": null,
            "book_valuer_per_share_4q_avg": 0,
            "equity": null,
            "current_ratio": null,
            "debt_ratio": null,
            "inventory_turnover_ratio": null,
            "account_receivable_turnover_ratio": null,
            "reinvestment_rate": null,
            "research_to_sale_ratio": null,
            "price_fair": 0,
            "eps_avg_yearly": 0,
            "eps_latest_yearly": 0,
            "eps_growth_yearly": 0
        },
        "20081": {
            "year_quarter": 20081,
            "year": 2008,
            "quarter": 1,
            "eps": null,
            "eps_growth_year": null,
            "eps_4q": null,
            "eps_4q_growth_year": null,
            "roe": null,
            "roe_4q": 0,
            "gross_profit": null,
            "gross_margin": null,
            "gross_margin_4q_avg": 0,
            "net_income": null,
            "revenue": null,
            "common_shares": null,
            "book_valuer_per_share": null,
            "book_valuer_per_share_4q_avg": 0,
            "equity": null,
            "current_ratio": null,
            "debt_ratio": null,
            "inventory_turnover_ratio": null,
            "account_receivable_turnover_ratio": null,
            "reinvestment_rate": null,
            "research_to_sale_ratio": null,
            "price_fair": 0,
            "eps_avg_yearly": 0,
            "eps_latest_yearly": 0,
            "eps_growth_yearly": 0
        },
        "20082": {
            "year_quarter": 20082,
            "year": 2008,
            "quarter": 2,
            "eps": null,
            "eps_growth_year": null,
            "eps_4q": null,
            "eps_4q_growth_year": null,
            "roe": null,
            "roe_4q": 0,
            "gross_profit": null,
            "gross_margin": null,
            "gross_margin_4q_avg": 0,
            "net_income": null,
            "revenue": null,
            "common_shares": null,
            "book_valuer_per_share": null,
            "book_valuer_per_share_4q_avg": 0,
            "equity": null,
            "current_ratio": null,
            "debt_ratio": null,
            "inventory_turnover_ratio": null,
            "account_receivable_turnover_ratio": null,
            "reinvestment_rate": null,
            "research_to_sale_ratio": null,
            "price_fair": 0,
            "eps_avg_yearly": 0,
            "eps_latest_yearly": 0,
            "eps_growth_yearly": 0
        },
        "20083": {
            "year_quarter": 20083,
            "year": 2008,
            "quarter": 3,
            "eps": null,
            "eps_growth_year": null,
            "eps_4q": null,
            "eps_4q_growth_year": null,
            "roe": null,
            "roe_4q": 0,
            "gross_profit": null,
            "gross_margin": null,
            "gross_margin_4q_avg": 0,
            "net_income": null,
            "revenue": null,
            "common_shares": null,
            "book_valuer_per_share": null,
            "book_valuer_per_share_4q_avg": 0,
            "equity": null,
            "current_ratio": null,
            "debt_ratio": null,
            "inventory_turnover_ratio": null,
            "account_receivable_turnover_ratio": null,
            "reinvestment_rate": null,
            "research_to_sale_ratio": null,
            "price_fair": 0,
            "eps_avg_yearly": 0,
            "eps_latest_yearly": 0,
            "eps_growth_yearly": 0
        },
        "20084": {
            "year_quarter": 20084,
            "year": 2008,
            "quarter": 4,
            "eps": null,
            "eps_growth_year": null,
            "eps_4q": null,
            "eps_4q_growth_year": null,
            "roe": null,
            "roe_4q": 0,
            "gross_profit": null,
            "gross_margin": null,
            "gross_margin_4q_avg": 0,
            "net_income": null,
            "revenue": null,
            "common_shares": 454600,
            "book_valuer_per_share": null,
            "book_valuer_per_share_4q_avg": 0,
            "equity": 1207891,
            "current_ratio": null,
            "debt_ratio": null,
            "inventory_turnover_ratio": null,
            "account_receivable_turnover_ratio": null,
            "reinvestment_rate": null,
            "research_to_sale_ratio": null,
            "price_fair": 0,
            "eps_avg_yearly": 0,
            "eps_latest_yearly": 0,
            "eps_growth_yearly": 0
        },
        "20091": {
            "year_quarter": 20091,
            "year": 2009,
            "quarter": 1,
            "eps": null,
            "eps_growth_year": null,
            "eps_4q": null,
            "eps_4q_growth_year": null,
            "roe": null,
            "roe_4q": 0,
            "gross_profit": null,
            "gross_margin": null,
            "gross_margin_4q_avg": 0,
            "net_income": null,
            "revenue": null,
            "common_shares": null,
            "book_valuer_per_share": null,
            "book_valuer_per_share_4q_avg": 0,
            "equity": null,
            "current_ratio": null,
            "debt_ratio": null,
            "inventory_turnover_ratio": null,
            "account_receivable_turnover_ratio": null,
            "reinvestment_rate": null,
            "research_to_sale_ratio": null,
            "price_fair": 0,
            "eps_avg_yearly": 0,
            "eps_latest_yearly": 0,
            "eps_growth_yearly": 0
        },
        "20092": {
            "year_quarter": 20092,
            "year": 2009,
            "quarter": 2,
            "eps": null,
            "eps_growth_year": null,
            "eps_4q": null,
            "eps_4q_growth_year": null,
            "roe": null,
            "roe_4q": 0,
            "gross_profit": null,
            "gross_margin": null,
            "gross_margin_4q_avg": 0,
            "net_income": null,
            "revenue": null,
            "common_shares": 454600,
            "book_valuer_per_share": null,
            "book_valuer_per_share_4q_avg": 0,
            "equity": 1246288,
            "current_ratio": null,
            "debt_ratio": null,
            "inventory_turnover_ratio": null,
            "account_receivable_turnover_ratio": null,
            "reinvestment_rate": null,
            "research_to_sale_ratio": null,
            "price_fair": 0,
            "eps_avg_yearly": 0,
            "eps_latest_yearly": 0,
            "eps_growth_yearly": 0
        },
        "20093": {
            "year_quarter": 20093,
            "year": 2009,
            "quarter": 3,
            "eps": null,
            "eps_growth_year": null,
            "eps_4q": null,
            "eps_4q_growth_year": null,
            "roe": null,
            "roe_4q": 0,
            "gross_profit": null,
            "gross_margin": null,
            "gross_margin_4q_avg": 0,
            "net_income": null,
            "revenue": null,
            "common_shares": null,
            "book_valuer_per_share": null,
            "book_valuer_per_share_4q_avg": 0,
            "equity": null,
            "current_ratio": null,
            "debt_ratio": null,
            "inventory_turnover_ratio": null,
            "account_receivable_turnover_ratio": null,
            "reinvestment_rate": null,
            "research_to_sale_ratio": null,
            "price_fair": 0,
            "eps_avg_yearly": 0,
            "eps_latest_yearly": 0,
            "eps_growth_yearly": 0
        },
        "20094": {
            "year_quarter": 20094,
            "year": 2009,
            "quarter": 4,
            "eps": null,
            "eps_growth_year": null,
            "eps_4q": null,
            "eps_4q_growth_year": null,
            "roe": null,
            "roe_4q": 0,
            "gross_profit": null,
            "gross_margin": null,
            "gross_margin_4q_avg": 0,
            "net_income": null,
            "revenue": null,
            "common_shares": 655980,
            "book_valuer_per_share": 25.71,
            "book_valuer_per_share_4q_avg": 6.43,
            "equity": 1686558,
            "current_ratio": 154.71,
            "debt_ratio": 60.42,
            "inventory_turnover_ratio": null,
            "account_receivable_turnover_ratio": null,
            "reinvestment_rate": null,
            "research_to_sale_ratio": null,
            "price_fair": 0,
            "eps_avg_yearly": 0,
            "eps_latest_yearly": 0,
            "eps_growth_yearly": 0
        },
        "20101": {
            "year_quarter": 20101,
            "year": 2010,
            "quarter": 1,
            "eps": null,
            "eps_growth_year": null,
            "eps_4q": null,
            "eps_4q_growth_year": null,
            "roe": null,
            "roe_4q": 0,
            "gross_profit": null,
            "gross_margin": null,
            "gross_margin_4q_avg": 0,
            "net_income": null,
            "revenue": null,
            "common_shares": null,
            "book_valuer_per_share": null,
            "book_valuer_per_share_4q_avg": 6.43,
            "equity": null,
            "current_ratio": null,
            "debt_ratio": null,
            "inventory_turnover_ratio": null,
            "account_receivable_turnover_ratio": null,
            "reinvestment_rate": null,
            "research_to_sale_ratio": null,
            "price_fair": 0,
            "eps_avg_yearly": 0,
            "eps_latest_yearly": 0,
            "eps_growth_yearly": 0
        },
        "20102": {
            "year_quarter": 20102,
            "year": 2010,
            "quarter": 2,
            "eps": null,
            "eps_growth_year": null,
            "eps_4q": null,
            "eps_4q_growth_year": null,
            "roe": null,
            "roe_4q": 0,
            "gross_profit": null,
            "gross_margin": null,
            "gross_margin_4q_avg": 0,
            "net_income": null,
            "revenue": null,
            "common_shares": 655980,
            "book_valuer_per_share": 26.18,
            "book_valuer_per_share_4q_avg": 12.97,
            "equity": 1717471,
            "current_ratio": 164.35,
            "debt_ratio": 55.59,
            "inventory_turnover_ratio": null,
            "account_receivable_turnover_ratio": null,
            "reinvestment_rate": null,
            "research_to_sale_ratio": null,
            "price_fair": 0,
            "eps_avg_yearly": 0,
            "eps_latest_yearly": 0,
            "eps_growth_yearly": 0
        },
        "20103": {
            "year_quarter": 20103,
            "year": 2010,
            "quarter": 3,
            "eps": null,
            "eps_growth_year": null,
            "eps_4q": null,
            "eps_4q_growth_year": null,
            "roe": null,
            "roe_4q": 0,
            "gross_profit": null,
            "gross_margin": null,
            "gross_margin_4q_avg": 0,
            "net_income": null,
            "revenue": null,
            "common_shares": null,
            "book_valuer_per_share": null,
            "book_valuer_per_share_4q_avg": 12.97,
            "equity": null,
            "current_ratio": null,
            "debt_ratio": null,
            "inventory_turnover_ratio": null,
            "account_receivable_turnover_ratio": null,
            "reinvestment_rate": null,
            "research_to_sale_ratio": null,
            "price_fair": 0,
            "eps_avg_yearly": 0,
            "eps_latest_yearly": 0,
            "eps_growth_yearly": 0
        },
        "20104": {
            "year_quarter": 20104,
            "year": 2010,
            "quarter": 4,
            "eps": null,
            "eps_growth_year": null,
            "eps_4q": null,
            "eps_4q_growth_year": null,
            "roe": null,
            "roe_4q": 0,
            "gross_profit": null,
            "gross_margin": null,
            "gross_margin_4q_avg": 0,
            "net_income": null,
            "revenue": null,
            "common_shares": 688779,
            "book_valuer_per_share": 24.39,
            "book_valuer_per_share_4q_avg": 12.64,
            "equity": 1680020,
            "current_ratio": 255.8,
            "debt_ratio": 53.51,
            "inventory_turnover_ratio": null,
            "account_receivable_turnover_ratio": null,
            "reinvestment_rate": null,
            "research_to_sale_ratio": null,
            "price_fair": 0,
            "eps_avg_yearly": 0,
            "eps_latest_yearly": 0,
            "eps_growth_yearly": 0
        },
        "20111": {
            "year_quarter": 20111,
            "year": 2011,
            "quarter": 1,
            "eps": null,
            "eps_growth_year": null,
            "eps_4q": null,
            "eps_4q_growth_year": null,
            "roe": null,
            "roe_4q": 0,
            "gross_profit": null,
            "gross_margin": null,
            "gross_margin_4q_avg": 0,
            "net_income": null,
            "revenue": null,
            "common_shares": null,
            "book_valuer_per_share": null,
            "book_valuer_per_share_4q_avg": 12.64,
            "equity": null,
            "current_ratio": null,
            "debt_ratio": null,
            "inventory_turnover_ratio": null,
            "account_receivable_turnover_ratio": null,
            "reinvestment_rate": null,
            "research_to_sale_ratio": null,
            "price_fair": 0,
            "eps_avg_yearly": 0,
            "eps_latest_yearly": 0,
            "eps_growth_yearly": 0
        },
        "20112": {
            "year_quarter": 20112,
            "year": 2011,
            "quarter": 2,
            "eps": null,
            "eps_growth_year": null,
            "eps_4q": null,
            "eps_4q_growth_year": null,
            "roe": null,
            "roe_4q": 0,
            "gross_profit": null,
            "gross_margin": null,
            "gross_margin_4q_avg": 0,
            "net_income": null,
            "revenue": null,
            "common_shares": 688779,
            "book_valuer_per_share": 23.45,
            "book_valuer_per_share_4q_avg": 11.96,
            "equity": 1615056,
            "current_ratio": 220.71,
            "debt_ratio": 59.31,
            "inventory_turnover_ratio": null,
            "account_receivable_turnover_ratio": null,
            "reinvestment_rate": null,
            "research_to_sale_ratio": null,
            "price_fair": 0,
            "eps_avg_yearly": 0,
            "eps_latest_yearly": 0,
            "eps_growth_yearly": 0
        },
        "20113": {
            "year_quarter": 20113,
            "year": 2011,
            "quarter": 3,
            "eps": null,
            "eps_growth_year": null,
            "eps_4q": null,
            "eps_4q_growth_year": null,
            "roe": null,
            "roe_4q": 0,
            "gross_profit": null,
            "gross_margin": null,
            "gross_margin_4q_avg": 0,
            "net_income": null,
            "revenue": null,
            "common_shares": null,
            "book_valuer_per_share": null,
            "book_valuer_per_share_4q_avg": 11.96,
            "equity": null,
            "current_ratio": null,
            "debt_ratio": null,
            "inventory_turnover_ratio": null,
            "account_receivable_turnover_ratio": null,
            "reinvestment_rate": null,
            "research_to_sale_ratio": null,
            "price_fair": 0,
            "eps_avg_yearly": 0,
            "eps_latest_yearly": 0,
            "eps_growth_yearly": 0
        },
        "20114": {
            "year_quarter": 20114,
            "year": 2011,
            "quarter": 4,
            "eps": null,
            "eps_growth_year": null,
            "eps_4q": null,
            "eps_4q_growth_year": null,
            "roe": null,
            "roe_4q": 0,
            "gross_profit": null,
            "gross_margin": null,
            "gross_margin_4q_avg": 0,
            "net_income": null,
            "revenue": null,
            "common_shares": 688779,
            "book_valuer_per_share": 22.88,
            "book_valuer_per_share_4q_avg": 11.58,
            "equity": 1575625,
            "current_ratio": 468.09,
            "debt_ratio": 44.96,
            "inventory_turnover_ratio": null,
            "account_receivable_turnover_ratio": null,
            "reinvestment_rate": null,
            "research_to_sale_ratio": null,
            "price_fair": 0,
            "eps_avg_yearly": 0,
            "eps_latest_yearly": 0,
            "eps_growth_yearly": 0
        },
        "20121": {
            "year_quarter": 20121,
            "year": 2012,
            "quarter": 1,
            "eps": null,
            "eps_growth_year": null,
            "eps_4q": null,
            "eps_4q_growth_year": null,
            "roe": null,
            "roe_4q": 0,
            "gross_profit": null,
            "gross_margin": null,
            "gross_margin_4q_avg": 0,
            "net_income": null,
            "revenue": null,
            "common_shares": null,
            "book_valuer_per_share": null,
            "book_valuer_per_share_4q_avg": 11.58,
            "equity": null,
            "current_ratio": null,
            "debt_ratio": null,
            "inventory_turnover_ratio": null,
            "account_receivable_turnover_ratio": null,
            "reinvestment_rate": null,
            "research_to_sale_ratio": null,
            "price_fair": 0,
            "eps_avg_yearly": 0,
            "eps_latest_yearly": 0,
            "eps_growth_yearly": 0
        },
        "20122": {
            "year_quarter": 20122,
            "year": 2012,
            "quarter": 2,
            "eps": null,
            "eps_growth_year": null,
            "eps_4q": null,
            "eps_4q_growth_year": null,
            "roe": null,
            "roe_4q": 0,
            "gross_profit": null,
            "gross_margin": null,
            "gross_margin_4q_avg": 0,
            "net_income": null,
            "revenue": null,
            "common_shares": 688779,
            "book_valuer_per_share": 21.17,
            "book_valuer_per_share_4q_avg": 11.01,
            "equity": 1457869,
            "current_ratio": 290.93,
            "debt_ratio": 52.97,
            "inventory_turnover_ratio": null,
            "account_receivable_turnover_ratio": null,
            "reinvestment_rate": null,
            "research_to_sale_ratio": null,
            "price_fair": 0,
            "eps_avg_yearly": 0,
            "eps_latest_yearly": 0,
            "eps_growth_yearly": 0
        },
        "20123": {
            "year_quarter": 20123,
            "year": 2012,
            "quarter": 3,
            "eps": null,
            "eps_growth_year": null,
            "eps_4q": null,
            "eps_4q_growth_year": null,
            "roe": null,
            "roe_4q": 0,
            "gross_profit": null,
            "gross_margin": null,
            "gross_margin_4q_avg": 0,
            "net_income": null,
            "revenue": null,
            "common_shares": null,
            "book_valuer_per_share": null,
            "book_valuer_per_share_4q_avg": 11.01,
            "equity": null,
            "current_ratio": null,
            "debt_ratio": null,
            "inventory_turnover_ratio": null,
            "account_receivable_turnover_ratio": null,
            "reinvestment_rate": null,
            "research_to_sale_ratio": null,
            "price_fair": 0,
            "eps_avg_yearly": 0,
            "eps_latest_yearly": 0,
            "eps_growth_yearly": 0
        },
        "20124": {
            "year_quarter": 20124,
            "year": 2012,
            "quarter": 4,
            "eps": null,
            "eps_growth_year": null,
            "eps_4q": null,
            "eps_4q_growth_year": null,
            "roe": null,
            "roe_4q": 0,
            "gross_profit": null,
            "gross_margin": null,
            "gross_margin_4q_avg": 0,
            "net_income": null,
            "revenue": null,
            "common_shares": 688779,
            "book_valuer_per_share": 14.15,
            "book_valuer_per_share_4q_avg": 8.83,
            "equity": 974965,
            "current_ratio": 249.97,
            "debt_ratio": 35.31,
            "inventory_turnover_ratio": null,
            "account_receivable_turnover_ratio": null,
            "reinvestment_rate": null,
            "research_to_sale_ratio": null,
            "price_fair": 0,
            "eps_avg_yearly": 0,
            "eps_latest_yearly": 0,
            "eps_growth_yearly": 0
        },
        "20131": {
            "year_quarter": 20131,
            "year": 2013,
            "quarter": 1,
            "eps": null,
            "eps_growth_year": null,
            "eps_4q": null,
            "eps_4q_growth_year": null,
            "roe": null,
            "roe_4q": 0,
            "gross_profit": null,
            "gross_margin": null,
            "gross_margin_4q_avg": 0,
            "net_income": null,
            "revenue": null,
            "common_shares": null,
            "book_valuer_per_share": null,
            "book_valuer_per_share_4q_avg": 8.83,
            "equity": null,
            "current_ratio": null,
            "debt_ratio": null,
            "inventory_turnover_ratio": null,
            "account_receivable_turnover_ratio": null,
            "reinvestment_rate": null,
            "research_to_sale_ratio": null,
            "price_fair": 0,
            "eps_avg_yearly": 0,
            "eps_latest_yearly": 0,
            "eps_growth_yearly": 0
        },
        "20132": {
            "year_quarter": 20132,
            "year": 2013,
            "quarter": 2,
            "eps": null,
            "eps_growth_year": null,
            "eps_4q": null,
            "eps_4q_growth_year": null,
            "roe": null,
            "roe_4q": 0,
            "gross_profit": null,
            "gross_margin": null,
            "gross_margin_4q_avg": 0,
            "net_income": null,
            "revenue": null,
            "common_shares": 688779,
            "book_valuer_per_share": 13.17,
            "book_valuer_per_share_4q_avg": 6.83,
            "equity": 907068,
            "current_ratio": 256.94,
            "debt_ratio": 31.81,
            "inventory_turnover_ratio": null,
            "account_receivable_turnover_ratio": null,
            "reinvestment_rate": null,
            "research_to_sale_ratio": null,
            "price_fair": 0,
            "eps_avg_yearly": 0,
            "eps_latest_yearly": 0,
            "eps_growth_yearly": 0
        },
        "20133": {
            "year_quarter": 20133,
            "year": 2013,
            "quarter": 3,
            "eps": null,
            "eps_growth_year": null,
            "eps_4q": null,
            "eps_4q_growth_year": null,
            "roe": null,
            "roe_4q": 0,
            "gross_profit": null,
            "gross_margin": null,
            "gross_margin_4q_avg": 0,
            "net_income": null,
            "revenue": null,
            "common_shares": null,
            "book_valuer_per_share": null,
            "book_valuer_per_share_4q_avg": 6.83,
            "equity": null,
            "current_ratio": null,
            "debt_ratio": null,
            "inventory_turnover_ratio": null,
            "account_receivable_turnover_ratio": null,
            "reinvestment_rate": null,
            "research_to_sale_ratio": null,
            "price_fair": 0,
            "eps_avg_yearly": 0,
            "eps_latest_yearly": 0,
            "eps_growth_yearly": 0
        },
        "20134": {
            "year_quarter": 20134,
            "year": 2013,
            "quarter": 4,
            "eps": null,
            "eps_growth_year": null,
            "eps_4q": null,
            "eps_4q_growth_year": null,
            "roe": null,
            "roe_4q": 0,
            "gross_profit": null,
            "gross_margin": null,
            "gross_margin_4q_avg": 0,
            "net_income": null,
            "revenue": null,
            "common_shares": 688779,
            "book_valuer_per_share": 11.7,
            "book_valuer_per_share_4q_avg": 6.22,
            "equity": 805790,
            "current_ratio": 444.38,
            "debt_ratio": 17.34,
            "inventory_turnover_ratio": null,
            "account_receivable_turnover_ratio": null,
            "reinvestment_rate": null,
            "research_to_sale_ratio": null,
            "price_fair": 0,
            "eps_avg_yearly": 0,
            "eps_latest_yearly": 0,
            "eps_growth_yearly": 0
        },
        "20141": {
            "year_quarter": 20141,
            "year": 2014,
            "quarter": 1,
            "eps": null,
            "eps_growth_year": null,
            "eps_4q": null,
            "eps_4q_growth_year": null,
            "roe": null,
            "roe_4q": 0,
            "gross_profit": null,
            "gross_margin": null,
            "gross_margin_4q_avg": 0,
            "net_income": null,
            "revenue": null,
            "common_shares": null,
            "book_valuer_per_share": null,
            "book_valuer_per_share_4q_avg": 6.22,
            "equity": null,
            "current_ratio": null,
            "debt_ratio": null,
            "inventory_turnover_ratio": null,
            "account_receivable_turnover_ratio": null,
            "reinvestment_rate": null,
            "research_to_sale_ratio": null,
            "price_fair": 0,
            "eps_avg_yearly": 0,
            "eps_latest_yearly": 0,
            "eps_growth_yearly": 0
        },
        "20142": {
            "year_quarter": 20142,
            "year": 2014,
            "quarter": 2,
            "eps": null,
            "eps_growth_year": null,
            "eps_4q": null,
            "eps_4q_growth_year": null,
            "roe": null,
            "roe_4q": 0,
            "gross_profit": null,
            "gross_margin": null,
            "gross_margin_4q_avg": 0,
            "net_income": null,
            "revenue": null,
            "common_shares": 688779,
            "book_valuer_per_share": 10.43,
            "book_valuer_per_share_4q_avg": 5.53,
            "equity": 718194,
            "current_ratio": 394.82,
            "debt_ratio": 19.8,
            "inventory_turnover_ratio": null,
            "account_receivable_turnover_ratio": null,
            "reinvestment_rate": null,
            "research_to_sale_ratio": null,
            "price_fair": 0,
            "eps_avg_yearly": 0,
            "eps_latest_yearly": 0,
            "eps_growth_yearly": 0
        },
        "20143": {
            "year_quarter": 20143,
            "year": 2014,
            "quarter": 3,
            "eps": null,
            "eps_growth_year": null,
            "eps_4q": null,
            "eps_4q_growth_year": null,
            "roe": null,
            "roe_4q": 0,
            "gross_profit": null,
            "gross_margin": null,
            "gross_margin_4q_avg": 0,
            "net_income": null,
            "revenue": null,
            "common_shares": null,
            "book_valuer_per_share": null,
            "book_valuer_per_share_4q_avg": 5.53,
            "equity": null,
            "current_ratio": null,
            "debt_ratio": null,
            "inventory_turnover_ratio": null,
            "account_receivable_turnover_ratio": null,
            "reinvestment_rate": null,
            "research_to_sale_ratio": null,
            "price_fair": 0,
            "eps_avg_yearly": 0,
            "eps_latest_yearly": 0,
            "eps_growth_yearly": 0
        },
        "20144": {
            "year_quarter": 20144,
            "year": 2014,
            "quarter": 4,
            "eps": null,
            "eps_growth_year": null,
            "eps_4q": null,
            "eps_4q_growth_year": null,
            "roe": null,
            "roe_4q": 0,
            "gross_profit": null,
            "gross_margin": null,
            "gross_margin_4q_avg": 0,
            "net_income": null,
            "revenue": null,
            "common_shares": 688779,
            "book_valuer_per_share": 9.75,
            "book_valuer_per_share_4q_avg": 5.05,
            "equity": 665942,
            "current_ratio": 314.98,
            "debt_ratio": 24.52,
            "inventory_turnover_ratio": null,
            "account_receivable_turnover_ratio": null,
            "reinvestment_rate": null,
            "research_to_sale_ratio": null,
            "price_fair": 0,
            "eps_avg_yearly": 0,
            "eps_latest_yearly": 0,
            "eps_growth_yearly": 0
        },
        "20151": {
            "year_quarter": 20151,
            "year": 2015,
            "quarter": 1,
            "eps": null,
            "eps_growth_year": null,
            "eps_4q": null,
            "eps_4q_growth_year": null,
            "roe": null,
            "roe_4q": 0,
            "gross_profit": null,
            "gross_margin": null,
            "gross_margin_4q_avg": 0,
            "net_income": null,
            "revenue": null,
            "common_shares": null,
            "book_valuer_per_share": null,
            "book_valuer_per_share_4q_avg": 5.05,
            "equity": null,
            "current_ratio": null,
            "debt_ratio": null,
            "inventory_turnover_ratio": null,
            "account_receivable_turnover_ratio": null,
            "reinvestment_rate": null,
            "research_to_sale_ratio": null,
            "price_fair": 0,
            "eps_avg_yearly": 0,
            "eps_latest_yearly": 0,
            "eps_growth_yearly": 0
        },
        "20152": {
            "year_quarter": 20152,
            "year": 2015,
            "quarter": 2,
            "eps": null,
            "eps_growth_year": null,
            "eps_4q": null,
            "eps_4q_growth_year": null,
            "roe": null,
            "roe_4q": 0,
            "gross_profit": null,
            "gross_margin": null,
            "gross_margin_4q_avg": 0,
            "net_income": null,
            "revenue": null,
            "common_shares": 688779,
            "book_valuer_per_share": 9.68,
            "book_valuer_per_share_4q_avg": 4.86,
            "equity": 661621,
            "current_ratio": 249.21,
            "debt_ratio": 33.01,
            "inventory_turnover_ratio": null,
            "account_receivable_turnover_ratio": null,
            "reinvestment_rate": null,
            "research_to_sale_ratio": null,
            "price_fair": 0,
            "eps_avg_yearly": 0,
            "eps_latest_yearly": 0,
            "eps_growth_yearly": 0
        },
        "20153": {
            "year_quarter": 20153,
            "year": 2015,
            "quarter": 3,
            "eps": null,
            "eps_growth_year": null,
            "eps_4q": null,
            "eps_4q_growth_year": null,
            "roe": null,
            "roe_4q": 0,
            "gross_profit": null,
            "gross_margin": null,
            "gross_margin_4q_avg": 0,
            "net_income": null,
            "revenue": null,
            "common_shares": null,
            "book_valuer_per_share": null,
            "book_valuer_per_share_4q_avg": 4.86,
            "equity": null,
            "current_ratio": null,
            "debt_ratio": null,
            "inventory_turnover_ratio": null,
            "account_receivable_turnover_ratio": null,
            "reinvestment_rate": null,
            "research_to_sale_ratio": null,
            "price_fair": 0,
            "eps_avg_yearly": 0,
            "eps_latest_yearly": 0,
            "eps_growth_yearly": 0
        },
        "20154": {
            "year_quarter": 20154,
            "year": 2015,
            "quarter": 4,
            "eps": null,
            "eps_growth_year": null,
            "eps_4q": null,
            "eps_4q_growth_year": null,
            "roe": null,
            "roe_4q": 0,
            "gross_profit": null,
            "gross_margin": null,
            "gross_margin_4q_avg": 0,
            "net_income": null,
            "revenue": null,
            "common_shares": 703779,
            "book_valuer_per_share": 10.14,
            "book_valuer_per_share_4q_avg": 4.96,
            "equity": 708022,
            "current_ratio": 265.85,
            "debt_ratio": 31.36,
            "inventory_turnover_ratio": null,
            "account_receivable_turnover_ratio": null,
            "reinvestment_rate": null,
            "research_to_sale_ratio": null,
            "price_fair": 0,
            "eps_avg_yearly": 0,
            "eps_latest_yearly": 0,
            "eps_growth_yearly": 0
        },
        "20161": {
            "year_quarter": 20161,
            "year": 2016,
            "quarter": 1,
            "eps": null,
            "eps_growth_year": null,
            "eps_4q": null,
            "eps_4q_growth_year": null,
            "roe": null,
            "roe_4q": 0,
            "gross_profit": null,
            "gross_margin": null,
            "gross_margin_4q_avg": 0,
            "net_income": null,
            "revenue": null,
            "common_shares": null,
            "book_valuer_per_share": null,
            "book_valuer_per_share_4q_avg": 4.96,
            "equity": null,
            "current_ratio": null,
            "debt_ratio": null,
            "inventory_turnover_ratio": null,
            "account_receivable_turnover_ratio": null,
            "reinvestment_rate": null,
            "research_to_sale_ratio": null,
            "price_fair": 0,
            "eps_avg_yearly": 0,
            "eps_latest_yearly": 0,
            "eps_growth_yearly": 0
        },
        "20162": {
            "year_quarter": 20162,
            "year": 2016,
            "quarter": 2,
            "eps": null,
            "eps_growth_year": null,
            "eps_4q": null,
            "eps_4q_growth_year": null,
            "roe": null,
            "roe_4q": 0,
            "gross_profit": null,
            "gross_margin": null,
            "gross_margin_4q_avg": 0,
            "net_income": null,
            "revenue": null,
            "common_shares": 703329,
            "book_valuer_per_share": 10.5,
            "book_valuer_per_share_4q_avg": 5.16,
            "equity": 738618,
            "current_ratio": 257.72,
            "debt_ratio": 33.08,
            "inventory_turnover_ratio": null,
            "account_receivable_turnover_ratio": null,
            "reinvestment_rate": null,
            "research_to_sale_ratio": null,
            "price_fair": 0,
            "eps_avg_yearly": 0,
            "eps_latest_yearly": 0,
            "eps_growth_yearly": 0
        },
        "20163": {
            "year_quarter": 20163,
            "year": 2016,
            "quarter": 3,
            "eps": null,
            "eps_growth_year": null,
            "eps_4q": null,
            "eps_4q_growth_year": null,
            "roe": null,
            "roe_4q": 0,
            "gross_profit": null,
            "gross_margin": null,
            "gross_margin_4q_avg": 0,
            "net_income": null,
            "revenue": null,
            "common_shares": null,
            "book_valuer_per_share": null,
            "book_valuer_per_share_4q_avg": 5.16,
            "equity": null,
            "current_ratio": null,
            "debt_ratio": null,
            "inventory_turnover_ratio": null,
            "account_receivable_turnover_ratio": null,
            "reinvestment_rate": null,
            "research_to_sale_ratio": null,
            "price_fair": 0,
            "eps_avg_yearly": 0,
            "eps_latest_yearly": 0,
            "eps_growth_yearly": 0
        },
        "20164": {
            "year_quarter": 20164,
            "year": 2016,
            "quarter": 4,
            "eps": null,
            "eps_growth_year": null,
            "eps_4q": null,
            "eps_4q_growth_year": null,
            "roe": null,
            "roe_4q": 0,
            "gross_profit": null,
            "gross_margin": null,
            "gross_margin_4q_avg": 0,
            "net_income": null,
            "revenue": null,
            "common_shares": null,
            "book_valuer_per_share": null,
            "book_valuer_per_share_4q_avg": 2.63,
            "equity": null,
            "current_ratio": null,
            "debt_ratio": null,
            "inventory_turnover_ratio": null,
            "account_receivable_turnover_ratio": null,
            "reinvestment_rate": null,
            "research_to_sale_ratio": null,
            "price_fair": 0,
            "eps_avg_yearly": 0,
            "eps_latest_yearly": 0,
            "eps_growth_yearly": 0
        },
        "20171": {
            "year_quarter": 20171,
            "year": 2017,
            "quarter": 1,
            "eps": null,
            "eps_growth_year": null,
            "eps_4q": null,
            "eps_4q_growth_year": null,
            "roe": null,
            "roe_4q": 0,
            "gross_profit": null,
            "gross_margin": null,
            "gross_margin_4q_avg": 0,
            "net_income": null,
            "revenue": null,
            "common_shares": null,
            "book_valuer_per_share": null,
            "book_valuer_per_share_4q_avg": 2.63,
            "equity": null,
            "current_ratio": null,
            "debt_ratio": null,
            "inventory_turnover_ratio": null,
            "account_receivable_turnover_ratio": null,
            "reinvestment_rate": null,
            "research_to_sale_ratio": null,
            "price_fair": 0,
            "eps_avg_yearly": 0,
            "eps_latest_yearly": 0,
            "eps_growth_yearly": 0
        },
        "20172": {
            "year_quarter": 20172,
            "year": 2017,
            "quarter": 2,
            "eps": null,
            "eps_growth_year": null,
            "eps_4q": null,
            "eps_4q_growth_year": null,
            "roe": null,
            "roe_4q": 0,
            "gross_profit": null,
            "gross_margin": null,
            "gross_margin_4q_avg": 0,
            "net_income": null,
            "revenue": null,
            "common_shares": 702129,
            "book_valuer_per_share": 10.53,
            "book_valuer_per_share_4q_avg": 2.63,
            "equity": 733314,
            "current_ratio": 267.91,
            "debt_ratio": 32.51,
            "inventory_turnover_ratio": null,
            "account_receivable_turnover_ratio": null,
            "reinvestment_rate": null,
            "research_to_sale_ratio": null,
            "price_fair": 0,
            "eps_avg_yearly": 0,
            "eps_latest_yearly": 0,
            "eps_growth_yearly": 0
        },
        "20173": {
            "year_quarter": 20173,
            "year": 2017,
            "quarter": 3,
            "eps": null,
            "eps_growth_year": null,
            "eps_4q": null,
            "eps_4q_growth_year": null,
            "roe": null,
            "roe_4q": 0,
            "gross_profit": null,
            "gross_margin": null,
            "gross_margin_4q_avg": 0,
            "net_income": null,
            "revenue": null,
            "common_shares": null,
            "book_valuer_per_share": null,
            "book_valuer_per_share_4q_avg": 2.63,
            "equity": null,
            "current_ratio": null,
            "debt_ratio": null,
            "inventory_turnover_ratio": null,
            "account_receivable_turnover_ratio": null,
            "reinvestment_rate": null,
            "research_to_sale_ratio": null,
            "price_fair": 0,
            "eps_avg_yearly": 0,
            "eps_latest_yearly": 0,
            "eps_growth_yearly": 0
        },
        "20174": {
            "year_quarter": 20174,
            "year": 2017,
            "quarter": 4,
            "eps": null,
            "eps_growth_year": null,
            "eps_4q": null,
            "eps_4q_growth_year": null,
            "roe": null,
            "roe_4q": 0,
            "gross_profit": null,
            "gross_margin": null,
            "gross_margin_4q_avg": 0,
            "net_income": null,
            "revenue": null,
            "common_shares": 550000,
            "book_valuer_per_share": 11.16,
            "book_valuer_per_share_4q_avg": 5.42,
            "equity": 613900,
            "current_ratio": 188.46,
            "debt_ratio": 47.51,
            "inventory_turnover_ratio": null,
            "account_receivable_turnover_ratio": null,
            "reinvestment_rate": null,
            "research_to_sale_ratio": null,
            "price_fair": 0,
            "eps_avg_yearly": 0,
            "eps_latest_yearly": 0,
            "eps_growth_yearly": 0
        },
        "20181": {
            "year_quarter": 20181,
            "year": 2018,
            "quarter": 1,
            "eps": null,
            "eps_growth_year": null,
            "eps_4q": null,
            "eps_4q_growth_year": null,
            "roe": null,
            "roe_4q": 0,
            "gross_profit": null,
            "gross_margin": null,
            "gross_margin_4q_avg": 0,
            "net_income": null,
            "revenue": null,
            "common_shares": null,
            "book_valuer_per_share": null,
            "book_valuer_per_share_4q_avg": 5.42,
            "equity": null,
            "current_ratio": null,
            "debt_ratio": null,
            "inventory_turnover_ratio": null,
            "account_receivable_turnover_ratio": null,
            "reinvestment_rate": null,
            "research_to_sale_ratio": null,
            "price_fair": 0,
            "eps_avg_yearly": 0,
            "eps_latest_yearly": 0,
            "eps_growth_yearly": 0
        },
        "20182": {
            "year_quarter": 20182,
            "year": 2018,
            "quarter": 2,
            "eps": null,
            "eps_growth_year": null,
            "eps_4q": null,
            "eps_4q_growth_year": null,
            "roe": null,
            "roe_4q": 0,
            "gross_profit": null,
            "gross_margin": null,
            "gross_margin_4q_avg": 0,
            "net_income": null,
            "revenue": null,
            "common_shares": 550000,
            "book_valuer_per_share": 11.88,
            "book_valuer_per_share_4q_avg": 5.76,
            "equity": 653125,
            "current_ratio": 218.99,
            "debt_ratio": 41.5,
            "inventory_turnover_ratio": null,
            "account_receivable_turnover_ratio": null,
            "reinvestment_rate": null,
            "research_to_sale_ratio": null,
            "price_fair": 0,
            "eps_avg_yearly": 0,
            "eps_latest_yearly": 0,
            "eps_growth_yearly": 0
        },
        "20183": {
            "year_quarter": 20183,
            "year": 2018,
            "quarter": 3,
            "eps": null,
            "eps_growth_year": null,
            "eps_4q": null,
            "eps_4q_growth_year": null,
            "roe": null,
            "roe_4q": 0,
            "gross_profit": null,
            "gross_margin": null,
            "gross_margin_4q_avg": 0,
            "net_income": null,
            "revenue": null,
            "common_shares": null,
            "book_valuer_per_share": null,
            "book_valuer_per_share_4q_avg": 5.76,
            "equity": null,
            "current_ratio": null,
            "debt_ratio": null,
            "inventory_turnover_ratio": null,
            "account_receivable_turnover_ratio": null,
            "reinvestment_rate": null,
            "research_to_sale_ratio": null,
            "price_fair": 0,
            "eps_avg_yearly": 0,
            "eps_latest_yearly": 0,
            "eps_growth_yearly": 0
        },
        "20184": {
            "year_quarter": 20184,
            "year": 2018,
            "quarter": 4,
            "eps": null,
            "eps_growth_year": null,
            "eps_4q": null,
            "eps_4q_growth_year": null,
            "roe": null,
            "roe_4q": 0,
            "gross_profit": null,
            "gross_margin": null,
            "gross_margin_4q_avg": 0,
            "net_income": null,
            "revenue": null,
            "common_shares": 546837,
            "book_valuer_per_share": 12.7,
            "book_valuer_per_share_4q_avg": 6.15,
            "equity": 694734,
            "current_ratio": 240.95,
            "debt_ratio": 38.76,
            "inventory_turnover_ratio": null,
            "account_receivable_turnover_ratio": null,
            "reinvestment_rate": null,
            "research_to_sale_ratio": null,
            "price_fair": 0,
            "eps_avg_yearly": 0,
            "eps_latest_yearly": 0,
            "eps_growth_yearly": 0
        },
        "20191": {
            "year_quarter": 20191,
            "year": 2019,
            "quarter": 1,
            "eps": 0.27,
            "eps_growth_year": null,
            "eps_4q": null,
            "eps_4q_growth_year": null,
            "roe": 2.08,
            "roe_4q": 2.08,
            "gross_profit": 70686,
            "gross_margin": 16.57,
            "gross_margin_4q_avg": 4.14,
            "net_income": 14626,
            "revenue": 426566,
            "common_shares": 546837,
            "book_valuer_per_share": 13,
            "book_valuer_per_share_4q_avg": 9.4,
            "equity": 710775,
            "current_ratio": 234.7,
            "debt_ratio": 40.92,
            "inventory_turnover_ratio": 0.98,
            "account_receivable_turnover_ratio": 1.15,
            "reinvestment_rate": null,
            "research_to_sale_ratio": 3.31,
            "price_fair": 0,
            "eps_avg_yearly": 0,
            "eps_latest_yearly": 0,
            "eps_growth_yearly": 0
        },
        "20192": {
            "year_quarter": 20192,
            "year": 2019,
            "quarter": 2,
            "eps": 0.89,
            "eps_growth_year": null,
            "eps_4q": null,
            "eps_4q_growth_year": null,
            "roe": 6.86,
            "roe_4q": 8.940000000000001,
            "gross_profit": 111020,
            "gross_margin": 18.64,
            "gross_margin_4q_avg": 8.8,
            "net_income": 48645,
            "revenue": 595753,
            "common_shares": 546837,
            "book_valuer_per_share": 12.92,
            "book_valuer_per_share_4q_avg": 9.66,
            "equity": 706603,
            "current_ratio": 226.49,
            "debt_ratio": 42.3,
            "inventory_turnover_ratio": 1.54,
            "account_receivable_turnover_ratio": 1.66,
            "reinvestment_rate": null,
            "research_to_sale_ratio": 2.62,
            "price_fair": 124.6,
            "eps_avg_yearly": 3.56,
            "eps_latest_yearly": 3.56,
            "eps_growth_yearly": 918.52
        },
        "20193": {
            "year_quarter": 20193,
            "year": 2019,
            "quarter": 3,
            "eps": 0.73,
            "eps_growth_year": null,
            "eps_4q": null,
            "eps_4q_growth_year": null,
            "roe": 4.91,
            "roe_4q": 13.85,
            "gross_profit": 93561,
            "gross_margin": 19.16,
            "gross_margin_4q_avg": 13.59,
            "net_income": 40987,
            "revenue": 488307,
            "common_shares": 619757,
            "book_valuer_per_share": 15.52,
            "book_valuer_per_share_4q_avg": 13.54,
            "equity": 962103,
            "current_ratio": 307.48,
            "debt_ratio": 31.48,
            "inventory_turnover_ratio": 1.42,
            "account_receivable_turnover_ratio": 1.42,
            "reinvestment_rate": null,
            "research_to_sale_ratio": 3.15,
            "price_fair": 113.4,
            "eps_avg_yearly": 3.24,
            "eps_latest_yearly": 2.92,
            "eps_growth_yearly": 423.3
        },
        "20194": {
            "year_quarter": 20194,
            "year": 2019,
            "quarter": 4,
            "eps": 0.62,
            "eps_growth_year": null,
            "eps_4q": 2.3,
            "eps_4q_growth_year": null,
            "roe": 3.91,
            "roe_4q": 17.759999999999998,
            "gross_profit": 98986,
            "gross_margin": 20.52,
            "gross_margin_4q_avg": 18.72,
            "net_income": 38317,
            "revenue": 482425,
            "common_shares": 619757,
            "book_valuer_per_share": 16.1,
            "book_valuer_per_share_4q_avg": 14.39,
            "equity": 997894,
            "current_ratio": 335.39,
            "debt_ratio": 28.62,
            "inventory_turnover_ratio": 1.46,
            "account_receivable_turnover_ratio": 1.68,
            "reinvestment_rate": null,
            "research_to_sale_ratio": 3.55,
            "price_fair": 104.53,
            "eps_avg_yearly": 2.99,
            "eps_latest_yearly": 2.48,
            "eps_growth_yearly": 262.11
        },
        "20201": {
            "year_quarter": 20201,
            "year": 2020,
            "quarter": 1,
            "eps": 0.36,
            "eps_growth_year": 33.33,
            "eps_4q": 2.43,
            "eps_4q_growth_year": null,
            "roe": 2.24,
            "roe_4q": 17.92,
            "gross_profit": 84989,
            "gross_margin": 20.15,
            "gross_margin_4q_avg": 19.62,
            "net_income": 22620,
            "revenue": 421839,
            "common_shares": 619757,
            "book_valuer_per_share": 16.5,
            "book_valuer_per_share_4q_avg": 15.26,
            "equity": 1022326,
            "current_ratio": 321.66,
            "debt_ratio": 29.83,
            "inventory_turnover_ratio": 1.29,
            "account_receivable_turnover_ratio": 1.44,
            "reinvestment_rate": null,
            "research_to_sale_ratio": 3.61,
            "price_fair": 91,
            "eps_avg_yearly": 2.6,
            "eps_latest_yearly": 1.44,
            "eps_growth_yearly": 154.65
        },
        "20202": {
            "year_quarter": 20202,
            "year": 2020,
            "quarter": 2,
            "eps": 0.21,
            "eps_growth_year": -76.4,
            "eps_4q": 1.86,
            "eps_4q_growth_year": null,
            "roe": 1.35,
            "roe_4q": 12.41,
            "gross_profit": 65815,
            "gross_margin": 16.53,
            "gross_margin_4q_avg": 19.09,
            "net_income": 13190,
            "revenue": 398061,
            "common_shares": 619757,
            "book_valuer_per_share": 15,
            "book_valuer_per_share_4q_avg": 15.78,
            "equity": 929391,
            "current_ratio": 255.9,
            "debt_ratio": 37.16,
            "inventory_turnover_ratio": 1.14,
            "account_receivable_turnover_ratio": 1.51,
            "reinvestment_rate": null,
            "research_to_sale_ratio": 3.71,
            "price_fair": 78.68,
            "eps_avg_yearly": 2.25,
            "eps_latest_yearly": 0.84,
            "eps_growth_yearly": 90.39
        },
        "20203": {
            "year_quarter": 20203,
            "year": 2020,
            "quarter": 3,
            "eps": 0.22,
            "eps_growth_year": -69.86,
            "eps_4q": 1.41,
            "eps_4q_growth_year": null,
            "roe": 1.49,
            "roe_4q": 8.99,
            "gross_profit": 68702,
            "gross_margin": 17.83,
            "gross_margin_4q_avg": 18.76,
            "net_income": 14038,
            "revenue": 385301,
            "common_shares": 619757,
            "book_valuer_per_share": 15.25,
            "book_valuer_per_share_4q_avg": 15.71,
            "equity": 955528,
            "current_ratio": 376.08,
            "debt_ratio": 25.29,
            "inventory_turnover_ratio": 1.12,
            "account_receivable_turnover_ratio": 1.54,
            "reinvestment_rate": null,
            "research_to_sale_ratio": 4.07,
            "price_fair": 70.7,
            "eps_avg_yearly": 2.02,
            "eps_latest_yearly": 0.88,
            "eps_growth_yearly": 78.5
        },
        "20204": {
            "year_quarter": 20204,
            "year": 2020,
            "quarter": 4,
            "eps": 0.21,
            "eps_growth_year": -65.44,
            "eps_4q": 1.01,
            "eps_4q_growth_year": -56.15,
            "roe": 1.39,
            "roe_4q": 6.470000000000001,
            "gross_profit": 66309,
            "gross_margin": 15.73,
            "gross_margin_4q_avg": 17.56,
            "net_income": 13397,
            "revenue": 421543,
            "common_shares": 626587,
            "book_valuer_per_share": 15.43,
            "book_valuer_per_share_4q_avg": 15.55,
            "equity": 967163,
            "current_ratio": 328.67,
            "debt_ratio": 28.86,
            "inventory_turnover_ratio": 1.48,
            "account_receivable_turnover_ratio": 1.47,
            "reinvestment_rate": null,
            "research_to_sale_ratio": 3.73,
            "price_fair": 64.8,
            "eps_avg_yearly": 1.85,
            "eps_latest_yearly": 0.84,
            "eps_growth_yearly": 64.68
        },
        "20211": {
            "year_quarter": 20211,
            "year": 2021,
            "quarter": 1,
            "eps": 0.14,
            "eps_growth_year": -61.11,
            "eps_4q": 0.79,
            "eps_4q_growth_year": -67.54,
            "roe": 0.92,
            "roe_4q": 5.15,
            "gross_profit": 58822,
            "gross_margin": 18.14,
            "gross_margin_4q_avg": 17.06,
            "net_income": 8982,
            "revenue": 324291,
            "common_shares": 626962,
            "book_valuer_per_share": 15.59,
            "book_valuer_per_share_4q_avg": 15.32,
            "equity": 980468,
            "current_ratio": 362.96,
            "debt_ratio": 26.29,
            "inventory_turnover_ratio": 1.18,
            "account_receivable_turnover_ratio": 1.12,
            "reinvestment_rate": null,
            "research_to_sale_ratio": 4.87,
            "price_fair": 59.15,
            "eps_avg_yearly": 1.69,
            "eps_latest_yearly": 0.56,
            "eps_growth_yearly": 39.93
        },
        "20212": {
            "year_quarter": 20212,
            "year": 2021,
            "quarter": 2,
            "eps": -0.14,
            "eps_growth_year": -166.67,
            "eps_4q": 0.44,
            "eps_4q_growth_year": -76.25,
            "roe": -0.89,
            "roe_4q": 2.91,
            "gross_profit": 45034,
            "gross_margin": 14.26,
            "gross_margin_4q_avg": 16.49,
            "net_income": -8646,
            "revenue": 315713,
            "common_shares": 629002,
            "book_valuer_per_share": 15.41,
            "book_valuer_per_share_4q_avg": 15.42,
            "equity": 970203,
            "current_ratio": 315.32,
            "debt_ratio": 30.16,
            "inventory_turnover_ratio": 0.93,
            "account_receivable_turnover_ratio": 1.22,
            "reinvestment_rate": null,
            "research_to_sale_ratio": 5.1,
            "price_fair": 59.15,
            "eps_avg_yearly": 1.69,
            "eps_latest_yearly": 0.56,
            "eps_growth_yearly": 39.93
        },
        "20213": {
            "year_quarter": 20213,
            "year": 2021,
            "quarter": 3,
            "eps": -0.36,
            "eps_growth_year": -263.64,
            "eps_4q": -0.14,
            "eps_4q_growth_year": -110.02,
            "roe": -2.42,
            "roe_4q": -1.0000000000000002,
            "gross_profit": 18824,
            "gross_margin": 6.31,
            "gross_margin_4q_avg": 13.61,
            "net_income": -22704,
            "revenue": 298213,
            "common_shares": 629542,
            "book_valuer_per_share": 14.2,
            "book_valuer_per_share_4q_avg": 15.16,
            "equity": 903623,
            "current_ratio": 261.61,
            "debt_ratio": 36.04,
            "inventory_turnover_ratio": 0.66,
            "account_receivable_turnover_ratio": 1.23,
            "reinvestment_rate": null,
            "research_to_sale_ratio": 5.13,
            "price_fair": 59.15,
            "eps_avg_yearly": 1.69,
            "eps_latest_yearly": 0.56,
            "eps_growth_yearly": 39.93
        },
        "20214": {
            "year_quarter": 20214,
            "year": 2021,
            "quarter": 4,
            "eps": -0.27,
            "eps_growth_year": -227.18,
            "eps_4q": -0.62,
            "eps_4q_growth_year": -161.77,
            "roe": -1.93,
            "roe_4q": -4.319999999999999,
            "gross_profit": 31421,
            "gross_margin": 5.64,
            "gross_margin_4q_avg": 11.09,
            "net_income": -17299,
            "revenue": 556653,
            "common_shares": 636452,
            "book_valuer_per_share": 13.92,
            "book_valuer_per_share_4q_avg": 14.78,
            "equity": 885780,
            "current_ratio": 263.17,
            "debt_ratio": 35.75,
            "inventory_turnover_ratio": 1,
            "account_receivable_turnover_ratio": 1.59,
            "reinvestment_rate": null,
            "research_to_sale_ratio": 2.74,
            "price_fair": 59.15,
            "eps_avg_yearly": 1.69,
            "eps_latest_yearly": 0.56,
            "eps_growth_yearly": 39.93
        },
        "20221": {
            "year_quarter": 20221,
            "year": 2022,
            "quarter": 1,
            "eps": 0.6,
            "eps_growth_year": 328.57,
            "eps_4q": -0.16,
            "eps_4q_growth_year": -120.91,
            "roe": 4.2,
            "roe_4q": -1.0399999999999996,
            "gross_profit": 92909,
            "gross_margin": 13.89,
            "gross_margin_4q_avg": 10.03,
            "net_income": 38118,
            "revenue": 669011,
            "common_shares": 636562,
            "book_valuer_per_share": 14.57,
            "book_valuer_per_share_4q_avg": 14.53,
            "equity": 930246,
            "current_ratio": 215.12,
            "debt_ratio": 44.58,
            "inventory_turnover_ratio": 1.02,
            "account_receivable_turnover_ratio": 1.22,
            "reinvestment_rate": null,
            "research_to_sale_ratio": 2.46,
            "price_fair": 59.15,
            "eps_avg_yearly": 1.69,
            "eps_latest_yearly": 0.56,
            "eps_growth_yearly": 39.93
        },
        "20222": {
            "year_quarter": 20222,
            "year": 2022,
            "quarter": 2,
            "eps": 0.52,
            "eps_growth_year": null,
            "eps_4q": 0.49,
            "eps_4q_growth_year": 10.33,
            "roe": 3.48,
            "roe_4q": 3.33,
            "gross_profit": 82058,
            "gross_margin": 13.86,
            "gross_margin_4q_avg": 9.93,
            "net_income": 33010,
            "revenue": 592026,
            "common_shares": 638672,
            "book_valuer_per_share": 15.13,
            "book_valuer_per_share_4q_avg": 14.46,
            "equity": 967854,
            "current_ratio": 202.57,
            "debt_ratio": 47.32,
            "inventory_turnover_ratio": 0.81,
            "account_receivable_turnover_ratio": 0.91,
            "reinvestment_rate": null,
            "research_to_sale_ratio": 2.77,
            "price_fair": 60.67,
            "eps_avg_yearly": 1.73,
            "eps_latest_yearly": 2.08,
            "eps_growth_yearly": 29.57
        },
        "20223": {
            "year_quarter": 20223,
            "year": 2022,
            "quarter": 3,
            "eps": 1.61,
            "eps_growth_year": null,
            "eps_4q": 2.44,
            "eps_4q_growth_year": null,
            "roe": 10.03,
            "roe_4q": 15.780000000000001,
            "gross_profit": 160794,
            "gross_margin": 19.27,
            "gross_margin_4q_avg": 13.17,
            "net_income": 102699,
            "revenue": 834377,
            "common_shares": 639518,
            "book_valuer_per_share": 16.83,
            "book_valuer_per_share_4q_avg": 15.11,
            "equity": 1079919,
            "current_ratio": 217.9,
            "debt_ratio": 44.18,
            "inventory_turnover_ratio": 1.11,
            "account_receivable_turnover_ratio": 1.15,
            "reinvestment_rate": null,
            "research_to_sale_ratio": 2.05,
            "price_fair": 77.14,
            "eps_avg_yearly": 2.2,
            "eps_latest_yearly": 6.44,
            "eps_growth_yearly": 110.46
        },
        "20224": {
            "year_quarter": 20224,
            "year": 2022,
            "quarter": 4,
            "eps": 0.25,
            "eps_growth_year": null,
            "eps_4q": 2.96,
            "eps_4q_growth_year": null,
            "roe": 1.46,
            "roe_4q": 19.169999999999998,
            "gross_profit": 125814,
            "gross_margin": 19.25,
            "gross_margin_4q_avg": 16.57,
            "net_income": 15857,
            "revenue": 653468,
            "common_shares": 641618,
            "book_valuer_per_share": 17.04,
            "book_valuer_per_share_4q_avg": 15.89,
            "equity": 1093599,
            "current_ratio": 227.36,
            "debt_ratio": 42.01,
            "inventory_turnover_ratio": 0.98,
            "account_receivable_turnover_ratio": 0.99,
            "reinvestment_rate": 5.33,
            "research_to_sale_ratio": 2.51,
            "price_fair": 73.31,
            "eps_avg_yearly": 2.09,
            "eps_latest_yearly": 1,
            "eps_growth_yearly": 69.7
        },
        "20231": {
            "year_quarter": 20231,
            "year": 2023,
            "quarter": 1,
            "eps": 0.74,
            "eps_growth_year": 23.33,
            "eps_4q": 3.09,
            "eps_4q_growth_year": null,
            "roe": 4.23,
            "roe_4q": 19.2,
            "gross_profit": 135539,
            "gross_margin": 20.31,
            "gross_margin_4q_avg": 18.17,
            "net_income": 47357,
            "revenue": 667239,
            "common_shares": 641618,
            "book_valuer_per_share": 17.77,
            "book_valuer_per_share_4q_avg": 16.69,
            "equity": 1143018,
            "current_ratio": 275.05,
            "debt_ratio": 34.51,
            "inventory_turnover_ratio": 0.97,
            "account_receivable_turnover_ratio": 1.27,
            "reinvestment_rate": 8.11,
            "research_to_sale_ratio": 2.57,
            "price_fair": 75.83,
            "eps_avg_yearly": 2.17,
            "eps_latest_yearly": 2.96,
            "eps_growth_yearly": 129.22
        }
    },
    "months": {
        "2010-03": {
            "month": "2010-03",
            "price": "58.02",
            "revenue": 706151
        },
        "2010-04": {
            "month": "2010-04",
            "price": "66.97",
            "revenue": 707552
        },
        "2010-05": {
            "month": "2010-05",
            "price": "63.63",
            "revenue": 602943
        },
        "2010-06": {
            "month": "2010-06",
            "price": "59.84",
            "revenue": 608954
        },
        "2010-07": {
            "month": "2010-07",
            "price": "57.08",
            "revenue": 507441
        },
        "2010-08": {
            "month": "2010-08",
            "price": "53.37",
            "revenue": 520711
        },
        "2010-09": {
            "month": "2010-09",
            "price": "51.75",
            "revenue": 686327
        },
        "2010-10": {
            "month": "2010-10",
            "price": "51.68",
            "revenue": 589105
        },
        "2010-11": {
            "month": "2010-11",
            "price": "49.50",
            "revenue": 629360
        },
        "2010-12": {
            "month": "2010-12",
            "price": "45.78",
            "revenue": 597352
        },
        "2011-01": {
            "month": "2011-01",
            "price": "47.19",
            "revenue": 387987
        },
        "2011-02": {
            "month": "2011-02",
            "price": "44.29",
            "revenue": 381268
        },
        "2011-03": {
            "month": "2011-03",
            "price": "41.31",
            "revenue": 640673
        },
        "2011-04": {
            "month": "2011-04",
            "price": "40.17",
            "revenue": 569608
        },
        "2011-05": {
            "month": "2011-05",
            "price": "39.12",
            "revenue": 471464
        },
        "2011-06": {
            "month": "2011-06",
            "price": "38.17",
            "revenue": 421644
        },
        "2011-07": {
            "month": "2011-07",
            "price": "37.57",
            "revenue": 404939
        },
        "2011-08": {
            "month": "2011-08",
            "price": "35.90",
            "revenue": 331252
        },
        "2011-10": {
            "month": "2011-10",
            "price": "32.66",
            "revenue": 225798
        },
        "2011-11": {
            "month": "2011-11",
            "price": "17.80",
            "revenue": 227395
        },
        "2011-12": {
            "month": "2011-12",
            "price": "12.95",
            "revenue": 390483
        },
        "2013-01": {
            "month": "2013-01",
            "price": "4.40",
            "revenue": 140156
        },
        "2013-02": {
            "month": "2013-02",
            "price": "4.23",
            "revenue": 97586
        },
        "2013-04": {
            "month": "2013-04",
            "price": "4.18",
            "revenue": 122229
        },
        "2013-05": {
            "month": "2013-05",
            "price": "4.04",
            "revenue": 161279
        },
        "2013-06": {
            "month": "2013-06",
            "price": "4.13",
            "revenue": 211203
        },
        "2013-07": {
            "month": "2013-07",
            "price": "4.29",
            "revenue": 180264
        },
        "2013-08": {
            "month": "2013-08",
            "price": "3.97",
            "revenue": 101818
        },
        "2013-09": {
            "month": "2013-09",
            "price": "3.95",
            "revenue": 91453
        },
        "2013-10": {
            "month": "2013-10",
            "price": "3.88",
            "revenue": 75725
        },
        "2013-11": {
            "month": "2013-11",
            "price": "3.41",
            "revenue": 78299
        },
        "2013-12": {
            "month": "2013-12",
            "price": "3.26",
            "revenue": 99932
        },
        "2014-01": {
            "month": "2014-01",
            "price": "3.30",
            "revenue": 97314
        },
        "2014-02": {
            "month": "2014-02",
            "price": "4.58",
            "revenue": 64179
        },
        "2014-03": {
            "month": "2014-03",
            "price": "5.06",
            "revenue": 80492
        },
        "2014-04": {
            "month": "2014-04",
            "price": "4.90",
            "revenue": 72200
        },
        "2014-05": {
            "month": "2014-05",
            "price": "4.52",
            "revenue": 105696
        },
        "2014-06": {
            "month": "2014-06",
            "price": "4.38",
            "revenue": 82785
        },
        "2014-07": {
            "month": "2014-07",
            "price": "4.61",
            "revenue": 77008
        },
        "2017-04": {
            "month": "2017-04",
            "price": "12.22",
            "revenue": 100435
        },
        "2017-05": {
            "month": "2017-05",
            "price": "11.89",
            "revenue": 115181
        },
        "2017-06": {
            "month": "2017-06",
            "price": "10.88",
            "revenue": 152278
        },
        "2017-07": {
            "month": "2017-07",
            "price": "10.50",
            "revenue": 148752
        },
        "2017-08": {
            "month": "2017-08",
            "price": "10.10",
            "revenue": 153291
        },
        "2017-09": {
            "month": "2017-09",
            "price": "10.97",
            "revenue": 166221
        },
        "2017-10": {
            "month": "2017-10",
            "price": "11.14",
            "revenue": 165163
        },
        "2017-11": {
            "month": "2017-11",
            "price": "11.15",
            "revenue": 168984
        },
        "2017-12": {
            "month": "2017-12",
            "price": "11.36",
            "revenue": 124631
        },
        "2018-01": {
            "month": "2018-01",
            "price": "12.03",
            "revenue": 139247
        },
        "2018-02": {
            "month": "2018-02",
            "price": "12.46",
            "revenue": 128298
        },
        "2018-03": {
            "month": "2018-03",
            "price": "15.15",
            "revenue": 147397
        },
        "2018-04": {
            "month": "2018-04",
            "price": "16.18",
            "revenue": 156969
        },
        "2018-05": {
            "month": "2018-05",
            "price": "16.86",
            "revenue": 153478
        },
        "2018-06": {
            "month": "2018-06",
            "price": "21.08",
            "revenue": 159617
        },
        "2018-07": {
            "month": "2018-07",
            "price": "21.57",
            "revenue": 155725
        },
        "2018-08": {
            "month": "2018-08",
            "price": "21.28",
            "revenue": 114345
        },
        "2018-09": {
            "month": "2018-09",
            "price": "19.22",
            "revenue": 111862
        },
        "2018-10": {
            "month": "2018-10",
            "price": "16.79",
            "revenue": 226771
        },
        "2018-11": {
            "month": "2018-11",
            "price": "17.16",
            "revenue": 144601
        },
        "2018-12": {
            "month": "2018-12",
            "price": "17.78",
            "revenue": 137984
        },
        "2019-01": {
            "month": "2019-01",
            "price": "18.25",
            "revenue": 201911
        },
        "2019-02": {
            "month": "2019-02",
            "price": "19.25",
            "revenue": 118323
        },
        "2019-03": {
            "month": "2019-03",
            "price": "20.33",
            "revenue": 106332
        },
        "2019-04": {
            "month": "2019-04",
            "price": "21.94",
            "revenue": 196462
        },
        "2019-05": {
            "month": "2019-05",
            "price": "24.09",
            "revenue": 207281
        },
        "2019-06": {
            "month": "2019-06",
            "price": "25.44",
            "revenue": 192011
        },
        "2019-07": {
            "month": "2019-07",
            "price": "27.57",
            "revenue": 230421
        },
        "2019-08": {
            "month": "2019-08",
            "price": "33.35",
            "revenue": 142399
        },
        "2019-09": {
            "month": "2019-09",
            "price": "38.00",
            "revenue": 115486
        },
        "2019-10": {
            "month": "2019-10",
            "price": "34.69",
            "revenue": 185884
        },
        "2019-11": {
            "month": "2019-11",
            "price": "37.10",
            "revenue": 144732
        },
        "2019-12": {
            "month": "2019-12",
            "price": "34.76",
            "revenue": 151810
        },
        "2020-01": {
            "month": "2020-01",
            "price": "34.83",
            "revenue": 187648
        },
        "2020-02": {
            "month": "2020-02",
            "price": "34.06",
            "revenue": 118214
        },
        "2020-03": {
            "month": "2020-03",
            "price": "26.02",
            "revenue": 128131
        },
        "2020-04": {
            "month": "2020-04",
            "price": "28.27",
            "revenue": 183590
        },
        "2020-05": {
            "month": "2020-05",
            "price": "30.86",
            "revenue": 105385
        },
        "2020-06": {
            "month": "2020-06",
            "price": "28.37",
            "revenue": 109086
        },
        "2020-07": {
            "month": "2020-07",
            "price": "25.60",
            "revenue": 138713
        },
        "2020-08": {
            "month": "2020-08",
            "price": "22.91",
            "revenue": 103071
        },
        "2020-09": {
            "month": "2020-09",
            "price": "22.60",
            "revenue": 143517
        },
        "2020-10": {
            "month": "2020-10",
            "price": "22.56",
            "revenue": 169865
        },
        "2020-11": {
            "month": "2020-11",
            "price": "23.02",
            "revenue": 129019
        },
        "2020-12": {
            "month": "2020-12",
            "price": "24.06",
            "revenue": 122658
        },
        "2021-01": {
            "month": "2021-01",
            "price": "22.52",
            "revenue": 127220
        },
        "2021-02": {
            "month": "2021-02",
            "price": "21.31",
            "revenue": 101191
        },
        "2021-03": {
            "month": "2021-03",
            "price": "22.66",
            "revenue": 95880
        },
        "2021-04": {
            "month": "2021-04",
            "price": "22.74",
            "revenue": 103394
        },
        "2021-05": {
            "month": "2021-05",
            "price": "20.18",
            "revenue": 85022
        },
        "2021-06": {
            "month": "2021-06",
            "price": "19.23",
            "revenue": 127297
        },
        "2021-07": {
            "month": "2021-07",
            "price": "22.34",
            "revenue": 97020
        },
        "2021-08": {
            "month": "2021-08",
            "price": "20.55",
            "revenue": 123193
        },
        "2021-09": {
            "month": "2021-09",
            "price": "19.48",
            "revenue": 78000
        },
        "2021-10": {
            "month": "2021-10",
            "price": "18.41",
            "revenue": 176055
        },
        "2021-11": {
            "month": "2021-11",
            "price": "19.35",
            "revenue": 190745
        },
        "2021-12": {
            "month": "2021-12",
            "price": "20.56",
            "revenue": 189854
        },
        "2022-01": {
            "month": "2022-01",
            "price": "22.62",
            "revenue": 270039
        },
        "2022-02": {
            "month": "2022-02",
            "price": "25.00",
            "revenue": 156658
        },
        "2022-03": {
            "month": "2022-03",
            "price": "27.45",
            "revenue": 242340
        },
        "2022-04": {
            "month": "2022-04",
            "price": "32.47",
            "revenue": 196848
        },
        "2022-05": {
            "month": "2022-05",
            "price": "38.44",
            "revenue": 212898
        },
        "2022-06": {
            "month": "2022-06",
            "price": "41.23",
            "revenue": 182280
        },
        "2022-07": {
            "month": "2022-07",
            "price": "32.64",
            "revenue": 204050
        },
        "2022-08": {
            "month": "2022-08",
            "price": "36.84",
            "revenue": 317328
        },
        "2022-09": {
            "month": "2022-09",
            "price": "40.93",
            "revenue": 312999
        },
        "2022-10": {
            "month": "2022-10",
            "price": "44.30",
            "revenue": 231525
        },
        "2022-11": {
            "month": "2022-11",
            "price": "53.18",
            "revenue": 240229
        },
        "2022-12": {
            "month": "2022-12",
            "price": "49.61",
            "revenue": 181714
        },
        "2023-01": {
            "month": "2023-01",
            "price": "43.54",
            "revenue": 231352
        },
        "2023-02": {
            "month": "2023-02",
            "price": "48.06",
            "revenue": 197345
        },
        "2023-03": {
            "month": "2023-03",
            "price": "46.56",
            "revenue": 238542
        },
        "2023-04": {
            "month": "2023-04",
            "price": "46.55",
            "revenue": 227605
        }
    }
}
