{
    "summary": {
        "stock_name": "友輝",
        "stock_id": "4933",
        "category": "光電",
        "main_business": "LCD背光模組零組件-聚光片",
        "website_url": "http://www.ubright.com.tw",
        "ceo": "吳昕杰",
        "pe_ratio": 13,
        "report_year_from": 2009,
        "report_year_to": 2023,
        "age": 14,
        "eps_negative_percentage": 0,
        "eps_growth_avg": {
            "last_all": 11.66,
            "last_2y": 47.54,
            "last_4y": 42.19,
            "last_8y": 5.14,
            "last_12y": null,
            "last_16y": null,
            "last_20y": null,
            "at_2006_last_3y": null,
            "at_2007_last_3y": null,
            "at_2008_last_3y": null,
            "at_2009_last_3y": null,
            "at_2010_last_3y": null,
            "at_2011_last_3y": null,
            "at_2012_last_3y": null,
            "at_2013_last_3y": null,
            "at_2014_last_3y": 9.88,
            "at_2015_last_3y": -21.7,
            "at_2016_last_3y": -29.76,
            "at_2017_last_3y": -41.17,
            "at_2018_last_3y": -2.64,
            "at_2019_last_3y": -3.97,
            "at_2020_last_3y": 21.25,
            "at_2021_last_3y": 53.15,
            "at_2022_last_3y": 27.74,
            "at_2023_last_3y": 27.74,
            "at_2006_last_all": null,
            "at_2007_last_all": null,
            "at_2008_last_all": null,
            "at_2009_last_all": null,
            "at_2010_last_all": null,
            "at_2011_last_all": null,
            "at_2012_last_all": 65.68,
            "at_2013_last_all": 31.22,
            "at_2014_last_all": 9.88,
            "at_2015_last_all": 2.64,
            "at_2016_last_all": 2.05,
            "at_2017_last_all": -10.15,
            "at_2018_last_all": 3.62,
            "at_2019_last_all": -0.3,
            "at_2020_last_all": 9.73,
            "at_2021_last_all": 12.87,
            "at_2022_last_all": 11.66,
            "at_2023_last_all": 11.66
        },
        "latest_eps": 2.58,
        "latest_price": 34.8,
        "latest_roe": 6.75,
        "latest_gross_margin": 21.19,
        "latest_equity": 3065545,
        "latest_revenue": 442766,
        "latest_gross_profit": 93843,
        "latest_net_income": 9169,
        "latest_debt_ratio": 27.56,
        "latest_current_ratio": 384.92,
        "latest_account_receivable_turnover_ratio": 1.36,
        "latest_inventory_turnover_ratio": 0.91,
        "latest_reinvestment_rate": -28.5,
        "latest_research_to_sale_ratio": 10.92
    },
    "eps_dividends": {
        "2001": {
            "cash": 0,
            "stock": 0,
            "eps": 0
        },
        "2002": {
            "cash": 0,
            "stock": 0,
            "eps": 0
        },
        "2003": {
            "cash": 0,
            "stock": 0,
            "eps": 0
        },
        "2004": {
            "cash": 0,
            "stock": 0,
            "eps": 0
        },
        "2005": {
            "cash": 0,
            "stock": 0,
            "eps": 0
        },
        "2006": {
            "cash": 0,
            "stock": 0,
            "eps": 0
        },
        "2007": {
            "cash": 0,
            "stock": 0,
            "eps": 0
        },
        "2008": {
            "cash": 0,
            "stock": 0,
            "eps": 0
        },
        "2009": {
            "cash": 0,
            "stock": 0,
            "eps": 0
        },
        "2010": {
            "cash": 1,
            "stock": 0,
            "eps": 0.43
        },
        "2011": {
            "cash": 4,
            "stock": 0,
            "eps": 8.1
        },
        "2012": {
            "cash": 1.5,
            "stock": 2.5,
            "eps": 10.64
        },
        "2013": {
            "cash": 2,
            "stock": 3,
            "eps": 6.63
        },
        "2014": {
            "cash": 2.5,
            "stock": 0,
            "eps": 3.04
        },
        "2015": {
            "cash": 2,
            "stock": 0,
            "eps": 2.24
        },
        "2016": {
            "cash": 1.25,
            "stock": 0,
            "eps": 2.22
        },
        "2017": {
            "cash": 1.35,
            "stock": 0,
            "eps": 0.37
        },
        "2018": {
            "cash": 0.8,
            "stock": 0,
            "eps": 1.8
        },
        "2019": {
            "cash": 1.62,
            "stock": 0,
            "eps": 1.23
        },
        "2020": {
            "cash": 1.09,
            "stock": 0,
            "eps": 2.53
        },
        "2021": {
            "cash": 2.2,
            "stock": 0,
            "eps": 3.65
        },
        "2022": {
            "cash": 3.32,
            "stock": 0,
            "eps": 3.59
        },
        "2023": {
            "cash": 2.92,
            "stock": 0,
            "eps": 0.11
        }
    },
    "dividends": {
        "2010-04-29": {
            "cash": 1,
            "stock": 0
        },
        "2011-04-01": {
            "cash": 4,
            "stock": 0
        },
        "2012-06-22": {
            "cash": 1.5,
            "stock": 2.5
        },
        "2013-06-11": {
            "cash": 2,
            "stock": 3
        },
        "2014-09-16": {
            "cash": 2.5,
            "stock": 0
        },
        "2015-10-02": {
            "cash": 2,
            "stock": 0
        },
        "2016-09-21": {
            "cash": 1.25,
            "stock": 0
        },
        "2017-09-01": {
            "cash": 1.35,
            "stock": 0
        },
        "2018-07-20": {
            "cash": 0.8,
            "stock": 0
        },
        "2019-09-05": {
            "cash": 1.62,
            "stock": 0
        },
        "2020-08-24": {
            "cash": 1.09,
            "stock": 0
        },
        "2021-08-24": {
            "cash": 2.2,
            "stock": 0
        },
        "2022-08-24": {
            "cash": 3.32,
            "stock": 0
        },
        "2023-03-09": {
            "cash": 2.92,
            "stock": 0
        }
    },
    "prices": {
        "200101": "無",
        "200102": "無",
        "200103": "無",
        "200104": "無",
        "200105": "無",
        "200106": "無",
        "200107": "無",
        "200108": "無",
        "200109": "無",
        "200110": "無",
        "200111": "無",
        "200112": "無",
        "200201": "無",
        "200202": "無",
        "200203": "無",
        "200204": "無",
        "200205": "無",
        "200206": "無",
        "200207": "無",
        "200208": "無",
        "200209": "無",
        "200210": "無",
        "200211": "無",
        "200212": "無",
        "200301": "無",
        "200302": "無",
        "200303": "無",
        "200304": "無",
        "200305": "無",
        "200306": "無",
        "200307": "無",
        "200308": "無",
        "200309": "無",
        "200310": "無",
        "200311": "無",
        "200312": "無",
        "200401": "無",
        "200402": "無",
        "200403": "無",
        "200404": "無",
        "200405": "無",
        "200406": "無",
        "200407": "無",
        "200408": "無",
        "200409": "無",
        "200410": "無",
        "200411": "無",
        "200412": "無",
        "200501": "無",
        "200502": "無",
        "200503": "無",
        "200504": "無",
        "200505": "無",
        "200506": "無",
        "200507": "無",
        "200508": "無",
        "200509": "無",
        "200510": "無",
        "200511": "無",
        "200512": "無",
        "200601": "無",
        "200602": "無",
        "200603": "無",
        "200604": "無",
        "200605": "無",
        "200606": "無",
        "200607": "無",
        "200608": "無",
        "200609": "無",
        "200610": "無",
        "200611": "無",
        "200612": "無",
        "200701": "無",
        "200702": "無",
        "200703": "無",
        "200704": "無",
        "200705": "無",
        "200706": "無",
        "200707": "無",
        "200708": "無",
        "200709": "無",
        "200710": "無",
        "200711": "無",
        "200712": "無",
        "200801": "無",
        "200802": "無",
        "200803": "無",
        "200804": "無",
        "200805": "無",
        "200806": "無",
        "200807": "無",
        "200808": "無",
        "200809": "無",
        "200810": "無",
        "200811": "無",
        "200812": "無",
        "200901": "無",
        "200902": "無",
        "200903": "無",
        "200904": "無",
        "200905": "無",
        "200906": "無",
        "200907": "無",
        "200908": "無",
        "200909": "無",
        "200910": "無",
        "200911": "無",
        "200912": "無",
        "201001": "無",
        "201002": "無",
        "201003": "無",
        "201004": "無",
        "201005": "132.79",
        "201006": "108.97",
        "201007": "106.33",
        "201008": "106.04",
        "201009": "107.64",
        "201010": "105.44",
        "201011": "88.65",
        "201012": "90.09",
        "201101": "86.92",
        "201102": "84.69",
        "201103": "82.25",
        "201104": "76.67",
        "201105": "92.04",
        "201106": "97.38",
        "201107": "83.00",
        "201108": "79.33",
        "201109": "71.71",
        "201110": "59.40",
        "201111": "68.13",
        "201112": "57.19",
        "201201": "61.35",
        "201202": "95.14",
        "201203": "157.46",
        "201204": "135.32",
        "201205": "124.95",
        "201206": "133.38",
        "201207": "130.34",
        "201208": "122.23",
        "201209": "126.52",
        "201210": "133.93",
        "201211": "125.39",
        "201212": "126.36",
        "201301": "135.30",
        "201302": "143.54",
        "201303": "145.43",
        "201304": "134.22",
        "201305": "135.39",
        "201306": "123.37",
        "201307": "106.31",
        "201308": "111.17",
        "201309": "84.84",
        "201310": "68.95",
        "201311": "61.50",
        "201312": "65.00",
        "201401": "73.19",
        "201402": "70.40",
        "201403": "72.72",
        "201404": "76.18",
        "201405": "71.33",
        "201406": "67.68",
        "201407": "64.58",
        "201408": "56.83",
        "201409": "53.84",
        "201410": "46.93",
        "201411": "43.22",
        "201412": "46.22",
        "201501": "47.63",
        "201502": "45.96",
        "201503": "44.91",
        "201504": "42.00",
        "201505": "38.08",
        "201506": "30.34",
        "201507": "27.62",
        "201508": "22.69",
        "201509": "23.55",
        "201510": "25.94",
        "201511": "25.55",
        "201512": "24.23",
        "201601": "21.52",
        "201602": "22.43",
        "201603": "23.70",
        "201604": "23.84",
        "201605": "21.13",
        "201606": "21.33",
        "201607": "22.89",
        "201608": "23.08",
        "201609": "22.42",
        "201610": "23.61",
        "201611": "22.15",
        "201612": "21.91",
        "201701": "23.38",
        "201702": "30.52",
        "201703": "29.55",
        "201704": "30.29",
        "201705": "28.28",
        "201706": "25.82",
        "201707": "24.11",
        "201708": "22.65",
        "201709": "23.16",
        "201710": "23.14",
        "201711": "22.86",
        "201712": "21.66",
        "201801": "22.04",
        "201802": "20.69",
        "201803": "20.41",
        "201804": "19.78",
        "201805": "19.43",
        "201806": "19.78",
        "201807": "18.29",
        "201808": "20.11",
        "201809": "20.67",
        "201810": "20.70",
        "201811": "21.03",
        "201812": "21.69",
        "201901": "21.56",
        "201902": "23.00",
        "201903": "28.54",
        "201904": "34.87",
        "201905": "29.40",
        "201906": "28.88",
        "201907": "31.96",
        "201908": "29.65",
        "201909": "28.57",
        "201910": "26.52",
        "201911": "25.76",
        "201912": "25.71",
        "202001": "25.65",
        "202002": "23.83",
        "202003": "19.90",
        "202004": "19.49",
        "202005": "20.87",
        "202006": "23.26",
        "202007": "25.12",
        "202008": "26.06",
        "202009": "30.58",
        "202010": "29.64",
        "202011": "32.62",
        "202012": "41.55",
        "202101": "39.62",
        "202102": "42.24",
        "202103": "40.98",
        "202104": "45.82",
        "202105": "40.00",
        "202106": "40.16",
        "202107": "40.43",
        "202108": "35.80",
        "202109": "32.46",
        "202110": "31.34",
        "202111": "34.91",
        "202112": "36.87",
        "202201": "37.80",
        "202202": "37.90",
        "202203": "38.27",
        "202204": "38.61",
        "202205": "38.74",
        "202206": "37.95",
        "202207": "35.02",
        "202208": "33.58",
        "202209": "33.19",
        "202210": "30.13",
        "202211": "31.02",
        "202212": "31.82",
        "202301": "31.31",
        "202302": "33.13",
        "202303": "35.18",
        "202304": "35.19",
        "202305": "34.58"
    },
    "quarters": {
        "20011": {
            "year_quarter": 20011,
            "year": 2001,
            "quarter": 1,
            "eps": null,
            "eps_growth_year": null,
            "eps_4q": null,
            "eps_4q_growth_year": null,
            "roe": null,
            "roe_4q": 0,
            "gross_profit": null,
            "gross_margin": null,
            "gross_margin_4q_avg": 0,
            "net_income": null,
            "revenue": null,
            "common_shares": null,
            "book_valuer_per_share": null,
            "book_valuer_per_share_4q_avg": 0,
            "equity": null,
            "current_ratio": null,
            "debt_ratio": null,
            "inventory_turnover_ratio": null,
            "account_receivable_turnover_ratio": null,
            "reinvestment_rate": null,
            "research_to_sale_ratio": null,
            "price_fair": 0,
            "eps_avg_yearly": 0,
            "eps_latest_yearly": 0,
            "eps_growth_yearly": 0
        },
        "20012": {
            "year_quarter": 20012,
            "year": 2001,
            "quarter": 2,
            "eps": null,
            "eps_growth_year": null,
            "eps_4q": null,
            "eps_4q_growth_year": null,
            "roe": null,
            "roe_4q": 0,
            "gross_profit": null,
            "gross_margin": null,
            "gross_margin_4q_avg": 0,
            "net_income": null,
            "revenue": null,
            "common_shares": null,
            "book_valuer_per_share": null,
            "book_valuer_per_share_4q_avg": 0,
            "equity": null,
            "current_ratio": null,
            "debt_ratio": null,
            "inventory_turnover_ratio": null,
            "account_receivable_turnover_ratio": null,
            "reinvestment_rate": null,
            "research_to_sale_ratio": null,
            "price_fair": 0,
            "eps_avg_yearly": 0,
            "eps_latest_yearly": 0,
            "eps_growth_yearly": 0
        },
        "20013": {
            "year_quarter": 20013,
            "year": 2001,
            "quarter": 3,
            "eps": null,
            "eps_growth_year": null,
            "eps_4q": null,
            "eps_4q_growth_year": null,
            "roe": null,
            "roe_4q": 0,
            "gross_profit": null,
            "gross_margin": null,
            "gross_margin_4q_avg": 0,
            "net_income": null,
            "revenue": null,
            "common_shares": null,
            "book_valuer_per_share": null,
            "book_valuer_per_share_4q_avg": 0,
            "equity": null,
            "current_ratio": null,
            "debt_ratio": null,
            "inventory_turnover_ratio": null,
            "account_receivable_turnover_ratio": null,
            "reinvestment_rate": null,
            "research_to_sale_ratio": null,
            "price_fair": 0,
            "eps_avg_yearly": 0,
            "eps_latest_yearly": 0,
            "eps_growth_yearly": 0
        },
        "20014": {
            "year_quarter": 20014,
            "year": 2001,
            "quarter": 4,
            "eps": null,
            "eps_growth_year": null,
            "eps_4q": null,
            "eps_4q_growth_year": null,
            "roe": null,
            "roe_4q": 0,
            "gross_profit": null,
            "gross_margin": null,
            "gross_margin_4q_avg": 0,
            "net_income": null,
            "revenue": null,
            "common_shares": null,
            "book_valuer_per_share": null,
            "book_valuer_per_share_4q_avg": 0,
            "equity": null,
            "current_ratio": null,
            "debt_ratio": null,
            "inventory_turnover_ratio": null,
            "account_receivable_turnover_ratio": null,
            "reinvestment_rate": null,
            "research_to_sale_ratio": null,
            "price_fair": 0,
            "eps_avg_yearly": 0,
            "eps_latest_yearly": 0,
            "eps_growth_yearly": 0
        },
        "20021": {
            "year_quarter": 20021,
            "year": 2002,
            "quarter": 1,
            "eps": null,
            "eps_growth_year": null,
            "eps_4q": null,
            "eps_4q_growth_year": null,
            "roe": null,
            "roe_4q": 0,
            "gross_profit": null,
            "gross_margin": null,
            "gross_margin_4q_avg": 0,
            "net_income": null,
            "revenue": null,
            "common_shares": null,
            "book_valuer_per_share": null,
            "book_valuer_per_share_4q_avg": 0,
            "equity": null,
            "current_ratio": null,
            "debt_ratio": null,
            "inventory_turnover_ratio": null,
            "account_receivable_turnover_ratio": null,
            "reinvestment_rate": null,
            "research_to_sale_ratio": null,
            "price_fair": 0,
            "eps_avg_yearly": 0,
            "eps_latest_yearly": 0,
            "eps_growth_yearly": 0
        },
        "20022": {
            "year_quarter": 20022,
            "year": 2002,
            "quarter": 2,
            "eps": null,
            "eps_growth_year": null,
            "eps_4q": null,
            "eps_4q_growth_year": null,
            "roe": null,
            "roe_4q": 0,
            "gross_profit": null,
            "gross_margin": null,
            "gross_margin_4q_avg": 0,
            "net_income": null,
            "revenue": null,
            "common_shares": null,
            "book_valuer_per_share": null,
            "book_valuer_per_share_4q_avg": 0,
            "equity": null,
            "current_ratio": null,
            "debt_ratio": null,
            "inventory_turnover_ratio": null,
            "account_receivable_turnover_ratio": null,
            "reinvestment_rate": null,
            "research_to_sale_ratio": null,
            "price_fair": 0,
            "eps_avg_yearly": 0,
            "eps_latest_yearly": 0,
            "eps_growth_yearly": 0
        },
        "20023": {
            "year_quarter": 20023,
            "year": 2002,
            "quarter": 3,
            "eps": null,
            "eps_growth_year": null,
            "eps_4q": null,
            "eps_4q_growth_year": null,
            "roe": null,
            "roe_4q": 0,
            "gross_profit": null,
            "gross_margin": null,
            "gross_margin_4q_avg": 0,
            "net_income": null,
            "revenue": null,
            "common_shares": null,
            "book_valuer_per_share": null,
            "book_valuer_per_share_4q_avg": 0,
            "equity": null,
            "current_ratio": null,
            "debt_ratio": null,
            "inventory_turnover_ratio": null,
            "account_receivable_turnover_ratio": null,
            "reinvestment_rate": null,
            "research_to_sale_ratio": null,
            "price_fair": 0,
            "eps_avg_yearly": 0,
            "eps_latest_yearly": 0,
            "eps_growth_yearly": 0
        },
        "20024": {
            "year_quarter": 20024,
            "year": 2002,
            "quarter": 4,
            "eps": null,
            "eps_growth_year": null,
            "eps_4q": null,
            "eps_4q_growth_year": null,
            "roe": null,
            "roe_4q": 0,
            "gross_profit": null,
            "gross_margin": null,
            "gross_margin_4q_avg": 0,
            "net_income": null,
            "revenue": null,
            "common_shares": null,
            "book_valuer_per_share": null,
            "book_valuer_per_share_4q_avg": 0,
            "equity": null,
            "current_ratio": null,
            "debt_ratio": null,
            "inventory_turnover_ratio": null,
            "account_receivable_turnover_ratio": null,
            "reinvestment_rate": null,
            "research_to_sale_ratio": null,
            "price_fair": 0,
            "eps_avg_yearly": 0,
            "eps_latest_yearly": 0,
            "eps_growth_yearly": 0
        },
        "20031": {
            "year_quarter": 20031,
            "year": 2003,
            "quarter": 1,
            "eps": null,
            "eps_growth_year": null,
            "eps_4q": null,
            "eps_4q_growth_year": null,
            "roe": null,
            "roe_4q": 0,
            "gross_profit": null,
            "gross_margin": null,
            "gross_margin_4q_avg": 0,
            "net_income": null,
            "revenue": null,
            "common_shares": null,
            "book_valuer_per_share": null,
            "book_valuer_per_share_4q_avg": 0,
            "equity": null,
            "current_ratio": null,
            "debt_ratio": null,
            "inventory_turnover_ratio": null,
            "account_receivable_turnover_ratio": null,
            "reinvestment_rate": null,
            "research_to_sale_ratio": null,
            "price_fair": 0,
            "eps_avg_yearly": 0,
            "eps_latest_yearly": 0,
            "eps_growth_yearly": 0
        },
        "20032": {
            "year_quarter": 20032,
            "year": 2003,
            "quarter": 2,
            "eps": null,
            "eps_growth_year": null,
            "eps_4q": null,
            "eps_4q_growth_year": null,
            "roe": null,
            "roe_4q": 0,
            "gross_profit": null,
            "gross_margin": null,
            "gross_margin_4q_avg": 0,
            "net_income": null,
            "revenue": null,
            "common_shares": null,
            "book_valuer_per_share": null,
            "book_valuer_per_share_4q_avg": 0,
            "equity": null,
            "current_ratio": null,
            "debt_ratio": null,
            "inventory_turnover_ratio": null,
            "account_receivable_turnover_ratio": null,
            "reinvestment_rate": null,
            "research_to_sale_ratio": null,
            "price_fair": 0,
            "eps_avg_yearly": 0,
            "eps_latest_yearly": 0,
            "eps_growth_yearly": 0
        },
        "20033": {
            "year_quarter": 20033,
            "year": 2003,
            "quarter": 3,
            "eps": null,
            "eps_growth_year": null,
            "eps_4q": null,
            "eps_4q_growth_year": null,
            "roe": null,
            "roe_4q": 0,
            "gross_profit": null,
            "gross_margin": null,
            "gross_margin_4q_avg": 0,
            "net_income": null,
            "revenue": null,
            "common_shares": null,
            "book_valuer_per_share": null,
            "book_valuer_per_share_4q_avg": 0,
            "equity": null,
            "current_ratio": null,
            "debt_ratio": null,
            "inventory_turnover_ratio": null,
            "account_receivable_turnover_ratio": null,
            "reinvestment_rate": null,
            "research_to_sale_ratio": null,
            "price_fair": 0,
            "eps_avg_yearly": 0,
            "eps_latest_yearly": 0,
            "eps_growth_yearly": 0
        },
        "20034": {
            "year_quarter": 20034,
            "year": 2003,
            "quarter": 4,
            "eps": null,
            "eps_growth_year": null,
            "eps_4q": null,
            "eps_4q_growth_year": null,
            "roe": null,
            "roe_4q": 0,
            "gross_profit": null,
            "gross_margin": null,
            "gross_margin_4q_avg": 0,
            "net_income": null,
            "revenue": null,
            "common_shares": null,
            "book_valuer_per_share": null,
            "book_valuer_per_share_4q_avg": 0,
            "equity": null,
            "current_ratio": null,
            "debt_ratio": null,
            "inventory_turnover_ratio": null,
            "account_receivable_turnover_ratio": null,
            "reinvestment_rate": null,
            "research_to_sale_ratio": null,
            "price_fair": 0,
            "eps_avg_yearly": 0,
            "eps_latest_yearly": 0,
            "eps_growth_yearly": 0
        },
        "20041": {
            "year_quarter": 20041,
            "year": 2004,
            "quarter": 1,
            "eps": null,
            "eps_growth_year": null,
            "eps_4q": null,
            "eps_4q_growth_year": null,
            "roe": null,
            "roe_4q": 0,
            "gross_profit": null,
            "gross_margin": null,
            "gross_margin_4q_avg": 0,
            "net_income": null,
            "revenue": null,
            "common_shares": null,
            "book_valuer_per_share": null,
            "book_valuer_per_share_4q_avg": 0,
            "equity": null,
            "current_ratio": null,
            "debt_ratio": null,
            "inventory_turnover_ratio": null,
            "account_receivable_turnover_ratio": null,
            "reinvestment_rate": null,
            "research_to_sale_ratio": null,
            "price_fair": 0,
            "eps_avg_yearly": 0,
            "eps_latest_yearly": 0,
            "eps_growth_yearly": 0
        },
        "20042": {
            "year_quarter": 20042,
            "year": 2004,
            "quarter": 2,
            "eps": null,
            "eps_growth_year": null,
            "eps_4q": null,
            "eps_4q_growth_year": null,
            "roe": null,
            "roe_4q": 0,
            "gross_profit": null,
            "gross_margin": null,
            "gross_margin_4q_avg": 0,
            "net_income": null,
            "revenue": null,
            "common_shares": null,
            "book_valuer_per_share": null,
            "book_valuer_per_share_4q_avg": 0,
            "equity": null,
            "current_ratio": null,
            "debt_ratio": null,
            "inventory_turnover_ratio": null,
            "account_receivable_turnover_ratio": null,
            "reinvestment_rate": null,
            "research_to_sale_ratio": null,
            "price_fair": 0,
            "eps_avg_yearly": 0,
            "eps_latest_yearly": 0,
            "eps_growth_yearly": 0
        },
        "20043": {
            "year_quarter": 20043,
            "year": 2004,
            "quarter": 3,
            "eps": null,
            "eps_growth_year": null,
            "eps_4q": null,
            "eps_4q_growth_year": null,
            "roe": null,
            "roe_4q": 0,
            "gross_profit": null,
            "gross_margin": null,
            "gross_margin_4q_avg": 0,
            "net_income": null,
            "revenue": null,
            "common_shares": null,
            "book_valuer_per_share": null,
            "book_valuer_per_share_4q_avg": 0,
            "equity": null,
            "current_ratio": null,
            "debt_ratio": null,
            "inventory_turnover_ratio": null,
            "account_receivable_turnover_ratio": null,
            "reinvestment_rate": null,
            "research_to_sale_ratio": null,
            "price_fair": 0,
            "eps_avg_yearly": 0,
            "eps_latest_yearly": 0,
            "eps_growth_yearly": 0
        },
        "20044": {
            "year_quarter": 20044,
            "year": 2004,
            "quarter": 4,
            "eps": null,
            "eps_growth_year": null,
            "eps_4q": null,
            "eps_4q_growth_year": null,
            "roe": null,
            "roe_4q": 0,
            "gross_profit": null,
            "gross_margin": null,
            "gross_margin_4q_avg": 0,
            "net_income": null,
            "revenue": null,
            "common_shares": 120000,
            "book_valuer_per_share": 6.23,
            "book_valuer_per_share_4q_avg": 1.56,
            "equity": 74720,
            "current_ratio": 146.32,
            "debt_ratio": 26.45,
            "inventory_turnover_ratio": null,
            "account_receivable_turnover_ratio": null,
            "reinvestment_rate": null,
            "research_to_sale_ratio": null,
            "price_fair": 0,
            "eps_avg_yearly": 0,
            "eps_latest_yearly": 0,
            "eps_growth_yearly": 0
        },
        "20051": {
            "year_quarter": 20051,
            "year": 2005,
            "quarter": 1,
            "eps": null,
            "eps_growth_year": null,
            "eps_4q": null,
            "eps_4q_growth_year": null,
            "roe": null,
            "roe_4q": 0,
            "gross_profit": null,
            "gross_margin": null,
            "gross_margin_4q_avg": 0,
            "net_income": null,
            "revenue": null,
            "common_shares": null,
            "book_valuer_per_share": null,
            "book_valuer_per_share_4q_avg": 1.56,
            "equity": null,
            "current_ratio": null,
            "debt_ratio": null,
            "inventory_turnover_ratio": null,
            "account_receivable_turnover_ratio": null,
            "reinvestment_rate": null,
            "research_to_sale_ratio": null,
            "price_fair": 0,
            "eps_avg_yearly": 0,
            "eps_latest_yearly": 0,
            "eps_growth_yearly": 0
        },
        "20052": {
            "year_quarter": 20052,
            "year": 2005,
            "quarter": 2,
            "eps": null,
            "eps_growth_year": null,
            "eps_4q": null,
            "eps_4q_growth_year": null,
            "roe": null,
            "roe_4q": 0,
            "gross_profit": null,
            "gross_margin": null,
            "gross_margin_4q_avg": 0,
            "net_income": null,
            "revenue": null,
            "common_shares": null,
            "book_valuer_per_share": null,
            "book_valuer_per_share_4q_avg": 1.56,
            "equity": null,
            "current_ratio": null,
            "debt_ratio": null,
            "inventory_turnover_ratio": null,
            "account_receivable_turnover_ratio": null,
            "reinvestment_rate": null,
            "research_to_sale_ratio": null,
            "price_fair": 0,
            "eps_avg_yearly": 0,
            "eps_latest_yearly": 0,
            "eps_growth_yearly": 0
        },
        "20053": {
            "year_quarter": 20053,
            "year": 2005,
            "quarter": 3,
            "eps": null,
            "eps_growth_year": null,
            "eps_4q": null,
            "eps_4q_growth_year": null,
            "roe": null,
            "roe_4q": 0,
            "gross_profit": null,
            "gross_margin": null,
            "gross_margin_4q_avg": 0,
            "net_income": null,
            "revenue": null,
            "common_shares": null,
            "book_valuer_per_share": null,
            "book_valuer_per_share_4q_avg": 1.56,
            "equity": null,
            "current_ratio": null,
            "debt_ratio": null,
            "inventory_turnover_ratio": null,
            "account_receivable_turnover_ratio": null,
            "reinvestment_rate": null,
            "research_to_sale_ratio": null,
            "price_fair": 0,
            "eps_avg_yearly": 0,
            "eps_latest_yearly": 0,
            "eps_growth_yearly": 0
        },
        "20054": {
            "year_quarter": 20054,
            "year": 2005,
            "quarter": 4,
            "eps": null,
            "eps_growth_year": null,
            "eps_4q": null,
            "eps_4q_growth_year": null,
            "roe": null,
            "roe_4q": 0,
            "gross_profit": null,
            "gross_margin": null,
            "gross_margin_4q_avg": 0,
            "net_income": null,
            "revenue": null,
            "common_shares": 240000,
            "book_valuer_per_share": 5.41,
            "book_valuer_per_share_4q_avg": 1.35,
            "equity": 129935,
            "current_ratio": 153.04,
            "debt_ratio": 47.48,
            "inventory_turnover_ratio": null,
            "account_receivable_turnover_ratio": null,
            "reinvestment_rate": null,
            "research_to_sale_ratio": null,
            "price_fair": 0,
            "eps_avg_yearly": 0,
            "eps_latest_yearly": 0,
            "eps_growth_yearly": 0
        },
        "20061": {
            "year_quarter": 20061,
            "year": 2006,
            "quarter": 1,
            "eps": null,
            "eps_growth_year": null,
            "eps_4q": null,
            "eps_4q_growth_year": null,
            "roe": null,
            "roe_4q": 0,
            "gross_profit": null,
            "gross_margin": null,
            "gross_margin_4q_avg": 0,
            "net_income": null,
            "revenue": null,
            "common_shares": null,
            "book_valuer_per_share": null,
            "book_valuer_per_share_4q_avg": 1.35,
            "equity": null,
            "current_ratio": null,
            "debt_ratio": null,
            "inventory_turnover_ratio": null,
            "account_receivable_turnover_ratio": null,
            "reinvestment_rate": null,
            "research_to_sale_ratio": null,
            "price_fair": 0,
            "eps_avg_yearly": 0,
            "eps_latest_yearly": 0,
            "eps_growth_yearly": 0
        },
        "20062": {
            "year_quarter": 20062,
            "year": 2006,
            "quarter": 2,
            "eps": null,
            "eps_growth_year": null,
            "eps_4q": null,
            "eps_4q_growth_year": null,
            "roe": null,
            "roe_4q": 0,
            "gross_profit": null,
            "gross_margin": null,
            "gross_margin_4q_avg": 0,
            "net_income": null,
            "revenue": null,
            "common_shares": null,
            "book_valuer_per_share": null,
            "book_valuer_per_share_4q_avg": 1.35,
            "equity": null,
            "current_ratio": null,
            "debt_ratio": null,
            "inventory_turnover_ratio": null,
            "account_receivable_turnover_ratio": null,
            "reinvestment_rate": null,
            "research_to_sale_ratio": null,
            "price_fair": 0,
            "eps_avg_yearly": 0,
            "eps_latest_yearly": 0,
            "eps_growth_yearly": 0
        },
        "20063": {
            "year_quarter": 20063,
            "year": 2006,
            "quarter": 3,
            "eps": null,
            "eps_growth_year": null,
            "eps_4q": null,
            "eps_4q_growth_year": null,
            "roe": null,
            "roe_4q": 0,
            "gross_profit": null,
            "gross_margin": null,
            "gross_margin_4q_avg": 0,
            "net_income": null,
            "revenue": null,
            "common_shares": null,
            "book_valuer_per_share": null,
            "book_valuer_per_share_4q_avg": 1.35,
            "equity": null,
            "current_ratio": null,
            "debt_ratio": null,
            "inventory_turnover_ratio": null,
            "account_receivable_turnover_ratio": null,
            "reinvestment_rate": null,
            "research_to_sale_ratio": null,
            "price_fair": 0,
            "eps_avg_yearly": 0,
            "eps_latest_yearly": 0,
            "eps_growth_yearly": 0
        },
        "20064": {
            "year_quarter": 20064,
            "year": 2006,
            "quarter": 4,
            "eps": null,
            "eps_growth_year": null,
            "eps_4q": null,
            "eps_4q_growth_year": null,
            "roe": null,
            "roe_4q": 0,
            "gross_profit": null,
            "gross_margin": null,
            "gross_margin_4q_avg": 0,
            "net_income": null,
            "revenue": null,
            "common_shares": 280000,
            "book_valuer_per_share": 4.43,
            "book_valuer_per_share_4q_avg": 1.11,
            "equity": 123955,
            "current_ratio": 70.32,
            "debt_ratio": 54.86,
            "inventory_turnover_ratio": null,
            "account_receivable_turnover_ratio": null,
            "reinvestment_rate": null,
            "research_to_sale_ratio": null,
            "price_fair": 0,
            "eps_avg_yearly": 0,
            "eps_latest_yearly": 0,
            "eps_growth_yearly": 0
        },
        "20071": {
            "year_quarter": 20071,
            "year": 2007,
            "quarter": 1,
            "eps": null,
            "eps_growth_year": null,
            "eps_4q": null,
            "eps_4q_growth_year": null,
            "roe": null,
            "roe_4q": 0,
            "gross_profit": null,
            "gross_margin": null,
            "gross_margin_4q_avg": 0,
            "net_income": null,
            "revenue": null,
            "common_shares": null,
            "book_valuer_per_share": null,
            "book_valuer_per_share_4q_avg": 1.11,
            "equity": null,
            "current_ratio": null,
            "debt_ratio": null,
            "inventory_turnover_ratio": null,
            "account_receivable_turnover_ratio": null,
            "reinvestment_rate": null,
            "research_to_sale_ratio": null,
            "price_fair": 0,
            "eps_avg_yearly": 0,
            "eps_latest_yearly": 0,
            "eps_growth_yearly": 0
        },
        "20072": {
            "year_quarter": 20072,
            "year": 2007,
            "quarter": 2,
            "eps": null,
            "eps_growth_year": null,
            "eps_4q": null,
            "eps_4q_growth_year": null,
            "roe": null,
            "roe_4q": 0,
            "gross_profit": null,
            "gross_margin": null,
            "gross_margin_4q_avg": 0,
            "net_income": null,
            "revenue": null,
            "common_shares": null,
            "book_valuer_per_share": null,
            "book_valuer_per_share_4q_avg": 1.11,
            "equity": null,
            "current_ratio": null,
            "debt_ratio": null,
            "inventory_turnover_ratio": null,
            "account_receivable_turnover_ratio": null,
            "reinvestment_rate": null,
            "research_to_sale_ratio": null,
            "price_fair": 0,
            "eps_avg_yearly": 0,
            "eps_latest_yearly": 0,
            "eps_growth_yearly": 0
        },
        "20073": {
            "year_quarter": 20073,
            "year": 2007,
            "quarter": 3,
            "eps": null,
            "eps_growth_year": null,
            "eps_4q": null,
            "eps_4q_growth_year": null,
            "roe": null,
            "roe_4q": 0,
            "gross_profit": null,
            "gross_margin": null,
            "gross_margin_4q_avg": 0,
            "net_income": null,
            "revenue": null,
            "common_shares": null,
            "book_valuer_per_share": null,
            "book_valuer_per_share_4q_avg": 1.11,
            "equity": null,
            "current_ratio": null,
            "debt_ratio": null,
            "inventory_turnover_ratio": null,
            "account_receivable_turnover_ratio": null,
            "reinvestment_rate": null,
            "research_to_sale_ratio": null,
            "price_fair": 0,
            "eps_avg_yearly": 0,
            "eps_latest_yearly": 0,
            "eps_growth_yearly": 0
        },
        "20074": {
            "year_quarter": 20074,
            "year": 2007,
            "quarter": 4,
            "eps": null,
            "eps_growth_year": null,
            "eps_4q": null,
            "eps_4q_growth_year": null,
            "roe": null,
            "roe_4q": 0,
            "gross_profit": null,
            "gross_margin": null,
            "gross_margin_4q_avg": 0,
            "net_income": null,
            "revenue": null,
            "common_shares": 380000,
            "book_valuer_per_share": 9.31,
            "book_valuer_per_share_4q_avg": 2.33,
            "equity": 353816,
            "current_ratio": 113.62,
            "debt_ratio": 55.76,
            "inventory_turnover_ratio": null,
            "account_receivable_turnover_ratio": null,
            "reinvestment_rate": null,
            "research_to_sale_ratio": null,
            "price_fair": 0,
            "eps_avg_yearly": 0,
            "eps_latest_yearly": 0,
            "eps_growth_yearly": 0
        },
        "20081": {
            "year_quarter": 20081,
            "year": 2008,
            "quarter": 1,
            "eps": null,
            "eps_growth_year": null,
            "eps_4q": null,
            "eps_4q_growth_year": null,
            "roe": null,
            "roe_4q": 0,
            "gross_profit": null,
            "gross_margin": null,
            "gross_margin_4q_avg": 0,
            "net_income": null,
            "revenue": null,
            "common_shares": null,
            "book_valuer_per_share": null,
            "book_valuer_per_share_4q_avg": 2.33,
            "equity": null,
            "current_ratio": null,
            "debt_ratio": null,
            "inventory_turnover_ratio": null,
            "account_receivable_turnover_ratio": null,
            "reinvestment_rate": null,
            "research_to_sale_ratio": null,
            "price_fair": 0,
            "eps_avg_yearly": 0,
            "eps_latest_yearly": 0,
            "eps_growth_yearly": 0
        },
        "20082": {
            "year_quarter": 20082,
            "year": 2008,
            "quarter": 2,
            "eps": null,
            "eps_growth_year": null,
            "eps_4q": null,
            "eps_4q_growth_year": null,
            "roe": null,
            "roe_4q": 0,
            "gross_profit": null,
            "gross_margin": null,
            "gross_margin_4q_avg": 0,
            "net_income": null,
            "revenue": null,
            "common_shares": null,
            "book_valuer_per_share": null,
            "book_valuer_per_share_4q_avg": 2.33,
            "equity": null,
            "current_ratio": null,
            "debt_ratio": null,
            "inventory_turnover_ratio": null,
            "account_receivable_turnover_ratio": null,
            "reinvestment_rate": null,
            "research_to_sale_ratio": null,
            "price_fair": 0,
            "eps_avg_yearly": 0,
            "eps_latest_yearly": 0,
            "eps_growth_yearly": 0
        },
        "20083": {
            "year_quarter": 20083,
            "year": 2008,
            "quarter": 3,
            "eps": null,
            "eps_growth_year": null,
            "eps_4q": null,
            "eps_4q_growth_year": null,
            "roe": null,
            "roe_4q": 0,
            "gross_profit": null,
            "gross_margin": null,
            "gross_margin_4q_avg": 0,
            "net_income": null,
            "revenue": null,
            "common_shares": null,
            "book_valuer_per_share": null,
            "book_valuer_per_share_4q_avg": 2.33,
            "equity": null,
            "current_ratio": null,
            "debt_ratio": null,
            "inventory_turnover_ratio": null,
            "account_receivable_turnover_ratio": null,
            "reinvestment_rate": null,
            "research_to_sale_ratio": null,
            "price_fair": 0,
            "eps_avg_yearly": 0,
            "eps_latest_yearly": 0,
            "eps_growth_yearly": 0
        },
        "20084": {
            "year_quarter": 20084,
            "year": 2008,
            "quarter": 4,
            "eps": null,
            "eps_growth_year": null,
            "eps_4q": null,
            "eps_4q_growth_year": null,
            "roe": null,
            "roe_4q": 0,
            "gross_profit": null,
            "gross_margin": null,
            "gross_margin_4q_avg": 0,
            "net_income": null,
            "revenue": null,
            "common_shares": 328000,
            "book_valuer_per_share": 7.74,
            "book_valuer_per_share_4q_avg": 1.94,
            "equity": 253832,
            "current_ratio": 85.83,
            "debt_ratio": 70.45,
            "inventory_turnover_ratio": null,
            "account_receivable_turnover_ratio": null,
            "reinvestment_rate": null,
            "research_to_sale_ratio": null,
            "price_fair": 0,
            "eps_avg_yearly": 0,
            "eps_latest_yearly": 0,
            "eps_growth_yearly": 0
        },
        "20091": {
            "year_quarter": 20091,
            "year": 2009,
            "quarter": 1,
            "eps": null,
            "eps_growth_year": null,
            "eps_4q": null,
            "eps_4q_growth_year": null,
            "roe": null,
            "roe_4q": 0,
            "gross_profit": null,
            "gross_margin": null,
            "gross_margin_4q_avg": 0,
            "net_income": null,
            "revenue": null,
            "common_shares": null,
            "book_valuer_per_share": null,
            "book_valuer_per_share_4q_avg": 1.94,
            "equity": null,
            "current_ratio": null,
            "debt_ratio": null,
            "inventory_turnover_ratio": null,
            "account_receivable_turnover_ratio": null,
            "reinvestment_rate": null,
            "research_to_sale_ratio": null,
            "price_fair": 0,
            "eps_avg_yearly": 0,
            "eps_latest_yearly": 0,
            "eps_growth_yearly": 0
        },
        "20092": {
            "year_quarter": 20092,
            "year": 2009,
            "quarter": 2,
            "eps": null,
            "eps_growth_year": null,
            "eps_4q": null,
            "eps_4q_growth_year": null,
            "roe": null,
            "roe_4q": 0,
            "gross_profit": null,
            "gross_margin": null,
            "gross_margin_4q_avg": 0,
            "net_income": null,
            "revenue": null,
            "common_shares": 328000,
            "book_valuer_per_share": null,
            "book_valuer_per_share_4q_avg": 1.94,
            "equity": 348559,
            "current_ratio": null,
            "debt_ratio": null,
            "inventory_turnover_ratio": null,
            "account_receivable_turnover_ratio": null,
            "reinvestment_rate": null,
            "research_to_sale_ratio": null,
            "price_fair": 0,
            "eps_avg_yearly": 0,
            "eps_latest_yearly": 0,
            "eps_growth_yearly": 0
        },
        "20093": {
            "year_quarter": 20093,
            "year": 2009,
            "quarter": 3,
            "eps": null,
            "eps_growth_year": null,
            "eps_4q": null,
            "eps_4q_growth_year": null,
            "roe": null,
            "roe_4q": 0,
            "gross_profit": null,
            "gross_margin": null,
            "gross_margin_4q_avg": 0,
            "net_income": null,
            "revenue": null,
            "common_shares": null,
            "book_valuer_per_share": null,
            "book_valuer_per_share_4q_avg": 1.94,
            "equity": null,
            "current_ratio": null,
            "debt_ratio": null,
            "inventory_turnover_ratio": null,
            "account_receivable_turnover_ratio": null,
            "reinvestment_rate": null,
            "research_to_sale_ratio": null,
            "price_fair": 0,
            "eps_avg_yearly": 0,
            "eps_latest_yearly": 0,
            "eps_growth_yearly": 0
        },
        "20094": {
            "year_quarter": 20094,
            "year": 2009,
            "quarter": 4,
            "eps": null,
            "eps_growth_year": null,
            "eps_4q": null,
            "eps_4q_growth_year": null,
            "roe": null,
            "roe_4q": 0,
            "gross_profit": null,
            "gross_margin": null,
            "gross_margin_4q_avg": 0,
            "net_income": null,
            "revenue": null,
            "common_shares": 350200,
            "book_valuer_per_share": 19.17,
            "book_valuer_per_share_4q_avg": 4.79,
            "equity": 671189,
            "current_ratio": 162.84,
            "debt_ratio": 44.38,
            "inventory_turnover_ratio": null,
            "account_receivable_turnover_ratio": null,
            "reinvestment_rate": null,
            "research_to_sale_ratio": null,
            "price_fair": 0,
            "eps_avg_yearly": 0,
            "eps_latest_yearly": 0,
            "eps_growth_yearly": 0
        },
        "20101": {
            "year_quarter": 20101,
            "year": 2010,
            "quarter": 1,
            "eps": null,
            "eps_growth_year": null,
            "eps_4q": null,
            "eps_4q_growth_year": null,
            "roe": null,
            "roe_4q": 0,
            "gross_profit": 133508,
            "gross_margin": null,
            "gross_margin_4q_avg": 0,
            "net_income": 77140,
            "revenue": 571446,
            "common_shares": 350200,
            "book_valuer_per_share": 21.75,
            "book_valuer_per_share_4q_avg": 10.23,
            "equity": 761537,
            "current_ratio": 153.83,
            "debt_ratio": 44.55,
            "inventory_turnover_ratio": null,
            "account_receivable_turnover_ratio": null,
            "reinvestment_rate": null,
            "research_to_sale_ratio": null,
            "price_fair": 0,
            "eps_avg_yearly": 0,
            "eps_latest_yearly": 0,
            "eps_growth_yearly": 0
        },
        "20102": {
            "year_quarter": 20102,
            "year": 2010,
            "quarter": 2,
            "eps": 0.43,
            "eps_growth_year": null,
            "eps_4q": null,
            "eps_4q_growth_year": null,
            "roe": 1.98,
            "roe_4q": 1.98,
            "gross_profit": 117122,
            "gross_margin": 16.88,
            "gross_margin_4q_avg": 4.22,
            "net_income": 15089,
            "revenue": 693819,
            "common_shares": 350200,
            "book_valuer_per_share": 21.78,
            "book_valuer_per_share_4q_avg": 15.68,
            "equity": 762834,
            "current_ratio": 132.31,
            "debt_ratio": 51.01,
            "inventory_turnover_ratio": 1.37,
            "account_receivable_turnover_ratio": 3.19,
            "reinvestment_rate": null,
            "research_to_sale_ratio": null,
            "price_fair": 0,
            "eps_avg_yearly": 0,
            "eps_latest_yearly": 0,
            "eps_growth_yearly": 0
        },
        "20103": {
            "year_quarter": 20103,
            "year": 2010,
            "quarter": 3,
            "eps": null,
            "eps_growth_year": null,
            "eps_4q": null,
            "eps_4q_growth_year": null,
            "roe": null,
            "roe_4q": 1.98,
            "gross_profit": 149618,
            "gross_margin": null,
            "gross_margin_4q_avg": 4.22,
            "net_income": 48338,
            "revenue": 793931,
            "common_shares": 439700,
            "book_valuer_per_share": 30.82,
            "book_valuer_per_share_4q_avg": 23.38,
            "equity": 1355107,
            "current_ratio": 343.2,
            "debt_ratio": 19.61,
            "inventory_turnover_ratio": null,
            "account_receivable_turnover_ratio": null,
            "reinvestment_rate": null,
            "research_to_sale_ratio": null,
            "price_fair": 0,
            "eps_avg_yearly": 0,
            "eps_latest_yearly": 0,
            "eps_growth_yearly": 0
        },
        "20104": {
            "year_quarter": 20104,
            "year": 2010,
            "quarter": 4,
            "eps": null,
            "eps_growth_year": null,
            "eps_4q": null,
            "eps_4q_growth_year": null,
            "roe": null,
            "roe_4q": 1.98,
            "gross_profit": 101744,
            "gross_margin": null,
            "gross_margin_4q_avg": 4.22,
            "net_income": 56228,
            "revenue": 591831,
            "common_shares": 439700,
            "book_valuer_per_share": 32.08,
            "book_valuer_per_share_4q_avg": 26.61,
            "equity": 1410565,
            "current_ratio": 361.87,
            "debt_ratio": 16.9,
            "inventory_turnover_ratio": null,
            "account_receivable_turnover_ratio": null,
            "reinvestment_rate": null,
            "research_to_sale_ratio": null,
            "price_fair": 0,
            "eps_avg_yearly": 0,
            "eps_latest_yearly": 0,
            "eps_growth_yearly": 0
        },
        "20111": {
            "year_quarter": 20111,
            "year": 2011,
            "quarter": 1,
            "eps": 2.07,
            "eps_growth_year": null,
            "eps_4q": 2.42,
            "eps_4q_growth_year": null,
            "roe": 6.26,
            "roe_4q": 8.24,
            "gross_profit": 160223,
            "gross_margin": 21.41,
            "gross_margin_4q_avg": 9.57,
            "net_income": 91177,
            "revenue": 748412,
            "common_shares": 439700,
            "book_valuer_per_share": 34.15,
            "book_valuer_per_share_4q_avg": 29.71,
            "equity": 1501742,
            "current_ratio": 295.82,
            "debt_ratio": 19.16,
            "inventory_turnover_ratio": 1.78,
            "account_receivable_turnover_ratio": 1.54,
            "reinvestment_rate": null,
            "research_to_sale_ratio": 2.48,
            "price_fair": 0,
            "eps_avg_yearly": 0,
            "eps_latest_yearly": 0,
            "eps_growth_yearly": 0
        },
        "20112": {
            "year_quarter": 20112,
            "year": 2011,
            "quarter": 2,
            "eps": 2.93,
            "eps_growth_year": 580.44,
            "eps_4q": 5.01,
            "eps_4q_growth_year": null,
            "roe": 8.72,
            "roe_4q": 14.98,
            "gross_profit": 212992,
            "gross_margin": 25.69,
            "gross_margin_4q_avg": 11.78,
            "net_income": 128912,
            "revenue": 828979,
            "common_shares": 439700,
            "book_valuer_per_share": 33.09,
            "book_valuer_per_share_4q_avg": 32.54,
            "equity": 1454774,
            "current_ratio": 185.73,
            "debt_ratio": 32,
            "inventory_turnover_ratio": 1.61,
            "account_receivable_turnover_ratio": 1.39,
            "reinvestment_rate": null,
            "research_to_sale_ratio": 2.14,
            "price_fair": 410.2,
            "eps_avg_yearly": 11.72,
            "eps_latest_yearly": 11.72,
            "eps_growth_yearly": 166.18
        },
        "20113": {
            "year_quarter": 20113,
            "year": 2011,
            "quarter": 3,
            "eps": 1.87,
            "eps_growth_year": null,
            "eps_4q": 6.41,
            "eps_4q_growth_year": null,
            "roe": 5.4,
            "roe_4q": 20.380000000000003,
            "gross_profit": 173387,
            "gross_margin": 24.82,
            "gross_margin_4q_avg": 17.98,
            "net_income": 90404,
            "revenue": 698629,
            "common_shares": 484320,
            "book_valuer_per_share": 39.09,
            "book_valuer_per_share_4q_avg": 34.6,
            "equity": 1893216,
            "current_ratio": 430.83,
            "debt_ratio": 13.03,
            "inventory_turnover_ratio": 1.32,
            "account_receivable_turnover_ratio": 1.19,
            "reinvestment_rate": null,
            "research_to_sale_ratio": 2.89,
            "price_fair": 199.07,
            "eps_avg_yearly": 9.6,
            "eps_latest_yearly": 7.48,
            "eps_growth_yearly": 10.74
        },
        "20114": {
            "year_quarter": 20114,
            "year": 2011,
            "quarter": 4,
            "eps": 1.23,
            "eps_growth_year": null,
            "eps_4q": 7.64,
            "eps_4q_growth_year": null,
            "roe": 3.13,
            "roe_4q": 23.509999999999998,
            "gross_profit": 133560,
            "gross_margin": 18.41,
            "gross_margin_4q_avg": 22.58,
            "net_income": 59745,
            "revenue": 725633,
            "common_shares": 484320,
            "book_valuer_per_share": 39.79,
            "book_valuer_per_share_4q_avg": 36.53,
            "equity": 1928864,
            "current_ratio": 365.33,
            "debt_ratio": 15.66,
            "inventory_turnover_ratio": 1.71,
            "account_receivable_turnover_ratio": 1.46,
            "reinvestment_rate": null,
            "research_to_sale_ratio": 2.37,
            "price_fair": 24.12,
            "eps_avg_yearly": 8.04,
            "eps_latest_yearly": 4.92,
            "eps_growth_yearly": -38.47
        },
        "20121": {
            "year_quarter": 20121,
            "year": 2012,
            "quarter": 1,
            "eps": 2.06,
            "eps_growth_year": -0.48,
            "eps_4q": 7.81,
            "eps_4q_growth_year": 223.12,
            "roe": 5.01,
            "roe_4q": 22.26,
            "gross_profit": 177922,
            "gross_margin": 23.53,
            "gross_margin_4q_avg": 23.11,
            "net_income": 99146,
            "revenue": 756105,
            "common_shares": 484320,
            "book_valuer_per_share": 41.83,
            "book_valuer_per_share_4q_avg": 38.45,
            "equity": 2028156,
            "current_ratio": 392.56,
            "debt_ratio": 15.34,
            "inventory_turnover_ratio": 1.84,
            "account_receivable_turnover_ratio": 1.59,
            "reinvestment_rate": null,
            "research_to_sale_ratio": 2.33,
            "price_fair": 283.15,
            "eps_avg_yearly": 8.09,
            "eps_latest_yearly": 8.24,
            "eps_growth_yearly": 38.62
        },
        "20122": {
            "year_quarter": 20122,
            "year": 2012,
            "quarter": 2,
            "eps": 2.33,
            "eps_growth_year": -20.52,
            "eps_4q": 6.46,
            "eps_4q_growth_year": 28.96,
            "roe": 6.83,
            "roe_4q": 20.369999999999997,
            "gross_profit": 258894,
            "gross_margin": 27.54,
            "gross_margin_4q_avg": 23.58,
            "net_income": 140823,
            "revenue": 940115,
            "common_shares": 484320,
            "book_valuer_per_share": 43.26,
            "book_valuer_per_share_4q_avg": 40.99,
            "equity": 2097098,
            "current_ratio": 277.73,
            "debt_ratio": 23.89,
            "inventory_turnover_ratio": 2.09,
            "account_receivable_turnover_ratio": 1.53,
            "reinvestment_rate": null,
            "research_to_sale_ratio": 2.53,
            "price_fair": 291.76,
            "eps_avg_yearly": 8.34,
            "eps_latest_yearly": 9.32,
            "eps_growth_yearly": 41.38
        },
        "20123": {
            "year_quarter": 20123,
            "year": 2012,
            "quarter": 3,
            "eps": 3.06,
            "eps_growth_year": 63.67,
            "eps_4q": 8.01,
            "eps_4q_growth_year": 25.01,
            "roe": 8.43,
            "roe_4q": 23.4,
            "gross_profit": 315436,
            "gross_margin": 28.38,
            "gross_margin_4q_avg": 24.47,
            "net_income": 184634,
            "revenue": 1111297,
            "common_shares": 604368,
            "book_valuer_per_share": 37.76,
            "book_valuer_per_share_4q_avg": 40.66,
            "equity": 2281874,
            "current_ratio": 295.01,
            "debt_ratio": 23.73,
            "inventory_turnover_ratio": 1.97,
            "account_receivable_turnover_ratio": 1.56,
            "reinvestment_rate": null,
            "research_to_sale_ratio": 2.04,
            "price_fair": 314.53,
            "eps_avg_yearly": 8.99,
            "eps_latest_yearly": 12.24,
            "eps_growth_yearly": 55.37
        },
        "20124": {
            "year_quarter": 20124,
            "year": 2012,
            "quarter": 4,
            "eps": 3.19,
            "eps_growth_year": 158.64,
            "eps_4q": 10.22,
            "eps_4q_growth_year": 33.64,
            "roe": 8.27,
            "roe_4q": 28.54,
            "gross_profit": 345721,
            "gross_margin": 27.12,
            "gross_margin_4q_avg": 26.64,
            "net_income": 192824,
            "revenue": 1274804,
            "common_shares": 604368,
            "book_valuer_per_share": 0,
            "book_valuer_per_share_4q_avg": 30.71,
            "equity": 2382561,
            "current_ratio": 341.14,
            "debt_ratio": 20.41,
            "inventory_turnover_ratio": 2.14,
            "account_receivable_turnover_ratio": 1.59,
            "reinvestment_rate": null,
            "research_to_sale_ratio": 2.4,
            "price_fair": 333.4,
            "eps_avg_yearly": 9.53,
            "eps_latest_yearly": 12.76,
            "eps_growth_yearly": 49.89
        },
        "20131": {
            "year_quarter": 20131,
            "year": 2013,
            "quarter": 1,
            "eps": 2.14,
            "eps_growth_year": 3.88,
            "eps_4q": 10.89,
            "eps_4q_growth_year": 39.47,
            "roe": 5.12,
            "roe_4q": 28.65,
            "gross_profit": 217656,
            "gross_margin": 24.82,
            "gross_margin_4q_avg": 26.97,
            "net_income": 127050,
            "revenue": 876802,
            "common_shares": 604368,
            "book_valuer_per_share": 43.52,
            "book_valuer_per_share_4q_avg": 31.14,
            "equity": 2578363,
            "current_ratio": 392.2,
            "debt_ratio": 40.99,
            "inventory_turnover_ratio": 1.61,
            "account_receivable_turnover_ratio": 0.97,
            "reinvestment_rate": null,
            "research_to_sale_ratio": 4.48,
            "price_fair": 329.18,
            "eps_avg_yearly": 9.41,
            "eps_latest_yearly": 8.56,
            "eps_growth_yearly": 27.2
        },
        "20132": {
            "year_quarter": 20132,
            "year": 2013,
            "quarter": 2,
            "eps": 2.1,
            "eps_growth_year": -9.88,
            "eps_4q": 8.17,
            "eps_4q_growth_year": 26.5,
            "roe": 4.82,
            "roe_4q": 26.64,
            "gross_profit": 250786,
            "gross_margin": 24.54,
            "gross_margin_4q_avg": 26.22,
            "net_income": 124435,
            "revenue": 1021909,
            "common_shares": 604368,
            "book_valuer_per_share": 43.62,
            "book_valuer_per_share_4q_avg": 31.23,
            "equity": 2584423,
            "current_ratio": 356.15,
            "debt_ratio": 42.23,
            "inventory_turnover_ratio": 1.85,
            "account_receivable_turnover_ratio": 1.11,
            "reinvestment_rate": null,
            "research_to_sale_ratio": 3.55,
            "price_fair": 309.88,
            "eps_avg_yearly": 9.29,
            "eps_latest_yearly": 8.4,
            "eps_growth_yearly": 23.34
        },
        "20133": {
            "year_quarter": 20133,
            "year": 2013,
            "quarter": 3,
            "eps": 1.24,
            "eps_growth_year": -59.41,
            "eps_4q": 7.01,
            "eps_4q_growth_year": -12.51,
            "roe": 3.64,
            "roe_4q": 21.85,
            "gross_profit": 203078,
            "gross_margin": 21,
            "gross_margin_4q_avg": 24.37,
            "net_income": 95735,
            "revenue": 966901,
            "common_shares": 782117,
            "book_valuer_per_share": 34.8,
            "book_valuer_per_share_4q_avg": 30.49,
            "equity": 2680281,
            "current_ratio": 436.71,
            "debt_ratio": 38.22,
            "inventory_turnover_ratio": 1.86,
            "account_receivable_turnover_ratio": 1.11,
            "reinvestment_rate": null,
            "research_to_sale_ratio": 3.24,
            "price_fair": 129.61,
            "eps_avg_yearly": 8.86,
            "eps_latest_yearly": 4.96,
            "eps_growth_yearly": 4.63
        },
        "20134": {
            "year_quarter": 20134,
            "year": 2013,
            "quarter": 4,
            "eps": 1.15,
            "eps_growth_year": -63.82,
            "eps_4q": 5.66,
            "eps_4q_growth_year": -44.58,
            "roe": 3.26,
            "roe_4q": 16.84,
            "gross_profit": 181356,
            "gross_margin": 20.01,
            "gross_margin_4q_avg": 22.59,
            "net_income": 88921,
            "revenue": 906122,
            "common_shares": 782117,
            "book_valuer_per_share": 35.95,
            "book_valuer_per_share_4q_avg": 39.47,
            "equity": 2769300,
            "current_ratio": 371.98,
            "debt_ratio": 39.74,
            "inventory_turnover_ratio": 1.84,
            "account_receivable_turnover_ratio": 1.08,
            "reinvestment_rate": 51.85,
            "research_to_sale_ratio": 4.04,
            "price_fair": 98.02,
            "eps_avg_yearly": 8.47,
            "eps_latest_yearly": 4.6,
            "eps_growth_yearly": 1.57
        },
        "20141": {
            "year_quarter": 20141,
            "year": 2014,
            "quarter": 1,
            "eps": 1,
            "eps_growth_year": -53.27,
            "eps_4q": 5.01,
            "eps_4q_growth_year": -53.98,
            "roe": 2.74,
            "roe_4q": 14.46,
            "gross_profit": 169977,
            "gross_margin": 19.68,
            "gross_margin_4q_avg": 21.31,
            "net_income": 76956,
            "revenue": 863758,
            "common_shares": 782117,
            "book_valuer_per_share": 36.95,
            "book_valuer_per_share_4q_avg": 37.83,
            "equity": 2846368,
            "current_ratio": 397.25,
            "debt_ratio": 38.25,
            "inventory_turnover_ratio": 1.64,
            "account_receivable_turnover_ratio": 1.02,
            "reinvestment_rate": 54.52,
            "research_to_sale_ratio": 4.41,
            "price_fair": 24.3,
            "eps_avg_yearly": 8.1,
            "eps_latest_yearly": 4,
            "eps_growth_yearly": -2.91
        },
        "20142": {
            "year_quarter": 20142,
            "year": 2014,
            "quarter": 2,
            "eps": 0.9,
            "eps_growth_year": -57.14,
            "eps_4q": 4.29,
            "eps_4q_growth_year": -47.42,
            "roe": 2.48,
            "roe_4q": 12.120000000000001,
            "gross_profit": 184726,
            "gross_margin": 19.74,
            "gross_margin_4q_avg": 20.11,
            "net_income": 69078,
            "revenue": 935580,
            "common_shares": 782117,
            "book_valuer_per_share": 35.43,
            "book_valuer_per_share_4q_avg": 35.78,
            "equity": 2728807,
            "current_ratio": 345.5,
            "debt_ratio": 41.07,
            "inventory_turnover_ratio": 1.52,
            "account_receivable_turnover_ratio": 1.07,
            "reinvestment_rate": 46.38,
            "research_to_sale_ratio": 3.46,
            "price_fair": 23.26,
            "eps_avg_yearly": 7.75,
            "eps_latest_yearly": 3.6,
            "eps_growth_yearly": -5.76
        },
        "20143": {
            "year_quarter": 20143,
            "year": 2014,
            "quarter": 3,
            "eps": 0.74,
            "eps_growth_year": -40.32,
            "eps_4q": 3.79,
            "eps_4q_growth_year": -45.88,
            "roe": 2.07,
            "roe_4q": 10.55,
            "gross_profit": 177682,
            "gross_margin": 17.99,
            "gross_margin_4q_avg": 19.36,
            "net_income": 57340,
            "revenue": 987437,
            "common_shares": 782117,
            "book_valuer_per_share": 36.37,
            "book_valuer_per_share_4q_avg": 36.18,
            "equity": 2801238,
            "current_ratio": 420.99,
            "debt_ratio": 38.05,
            "inventory_turnover_ratio": 1.55,
            "account_receivable_turnover_ratio": 1.06,
            "reinvestment_rate": 41.34,
            "research_to_sale_ratio": 5.86,
            "price_fair": 22.23,
            "eps_avg_yearly": 7.41,
            "eps_latest_yearly": 2.96,
            "eps_growth_yearly": -10.43
        },
        "20144": {
            "year_quarter": 20144,
            "year": 2014,
            "quarter": 4,
            "eps": 0.4,
            "eps_growth_year": -65.44,
            "eps_4q": 3.03,
            "eps_4q_growth_year": -46.51,
            "roe": 1.09,
            "roe_4q": 8.38,
            "gross_profit": 114364,
            "gross_margin": 12.05,
            "gross_margin_4q_avg": 17.37,
            "net_income": 30853,
            "revenue": 949178,
            "common_shares": 782117,
            "book_valuer_per_share": 36.86,
            "book_valuer_per_share_4q_avg": 36.4,
            "equity": 2850720,
            "current_ratio": 464.68,
            "debt_ratio": 36.74,
            "inventory_turnover_ratio": 1.41,
            "account_receivable_turnover_ratio": 1.11,
            "reinvestment_rate": 35.23,
            "research_to_sale_ratio": 4.03,
            "price_fair": 21.07,
            "eps_avg_yearly": 7.02,
            "eps_latest_yearly": 1.6,
            "eps_growth_yearly": -21.99
        },
        "20151": {
            "year_quarter": 20151,
            "year": 2015,
            "quarter": 1,
            "eps": 0.15,
            "eps_growth_year": -85,
            "eps_4q": 2.19,
            "eps_4q_growth_year": -56.37,
            "roe": 0.41,
            "roe_4q": 6.05,
            "gross_profit": 108946,
            "gross_margin": 11.05,
            "gross_margin_4q_avg": 15.21,
            "net_income": 11836,
            "revenue": 986319,
            "common_shares": 782117,
            "book_valuer_per_share": 37.11,
            "book_valuer_per_share_4q_avg": 36.44,
            "equity": 2870151,
            "current_ratio": 198.59,
            "debt_ratio": 36.41,
            "inventory_turnover_ratio": 1.21,
            "account_receivable_turnover_ratio": 1.24,
            "reinvestment_rate": 26.14,
            "research_to_sale_ratio": 2.17,
            "price_fair": 19.87,
            "eps_avg_yearly": 6.62,
            "eps_latest_yearly": 0.6,
            "eps_growth_yearly": -36.24
        },
        "20152": {
            "year_quarter": 20152,
            "year": 2015,
            "quarter": 2,
            "eps": 0.26,
            "eps_growth_year": -71.11,
            "eps_4q": 1.55,
            "eps_4q_growth_year": -63.9,
            "roe": 0.71,
            "roe_4q": 4.279999999999999,
            "gross_profit": 123011,
            "gross_margin": 11.95,
            "gross_margin_4q_avg": 13.26,
            "net_income": 19827,
            "revenue": 1029233,
            "common_shares": 781057,
            "book_valuer_per_share": 35.46,
            "book_valuer_per_share_4q_avg": 36.45,
            "equity": 2742484,
            "current_ratio": 182.58,
            "debt_ratio": 39.57,
            "inventory_turnover_ratio": 1.3,
            "account_receivable_turnover_ratio": 1.18,
            "reinvestment_rate": 20.77,
            "research_to_sale_ratio": 2.28,
            "price_fair": 17.87,
            "eps_avg_yearly": 5.96,
            "eps_latest_yearly": 1.04,
            "eps_growth_yearly": -28.29
        },
        "20153": {
            "year_quarter": 20153,
            "year": 2015,
            "quarter": 3,
            "eps": 0.87,
            "eps_growth_year": 17.57,
            "eps_4q": 1.69,
            "eps_4q_growth_year": -55.47,
            "roe": 2.42,
            "roe_4q": 4.63,
            "gross_profit": 120025,
            "gross_margin": 11.93,
            "gross_margin_4q_avg": 11.75,
            "net_income": 67121,
            "revenue": 1006355,
            "common_shares": 781057,
            "book_valuer_per_share": 36.52,
            "book_valuer_per_share_4q_avg": 36.49,
            "equity": 2801943,
            "current_ratio": 193.94,
            "debt_ratio": 37.82,
            "inventory_turnover_ratio": 1.54,
            "account_receivable_turnover_ratio": 1.02,
            "reinvestment_rate": 15.06,
            "research_to_sale_ratio": 2.54,
            "price_fair": 199.68,
            "eps_avg_yearly": 5.71,
            "eps_latest_yearly": 3.48,
            "eps_growth_yearly": 39.41
        },
        "20154": {
            "year_quarter": 20154,
            "year": 2015,
            "quarter": 4,
            "eps": 0.96,
            "eps_growth_year": 141.65,
            "eps_4q": 2.25,
            "eps_4q_growth_year": -25.66,
            "roe": 2.6,
            "roe_4q": 6.14,
            "gross_profit": 177282,
            "gross_margin": 17.69,
            "gross_margin_4q_avg": 13.16,
            "net_income": 73962,
            "revenue": 1001922,
            "common_shares": 773317,
            "book_valuer_per_share": 37.58,
            "book_valuer_per_share_4q_avg": 36.67,
            "equity": 2883124,
            "current_ratio": 193.61,
            "debt_ratio": 38.32,
            "inventory_turnover_ratio": 1.55,
            "account_receivable_turnover_ratio": 0.92,
            "reinvestment_rate": 11.71,
            "research_to_sale_ratio": 3.87,
            "price_fair": 197.31,
            "eps_avg_yearly": 5.64,
            "eps_latest_yearly": 3.84,
            "eps_growth_yearly": 50.55
        },
        "20161": {
            "year_quarter": 20161,
            "year": 2016,
            "quarter": 1,
            "eps": 0.24,
            "eps_growth_year": 60,
            "eps_4q": 2.33,
            "eps_4q_growth_year": 6.75,
            "roe": 0.63,
            "roe_4q": 6.36,
            "gross_profit": 122260,
            "gross_margin": 15.37,
            "gross_margin_4q_avg": 14.24,
            "net_income": 18182,
            "revenue": 795211,
            "common_shares": 773317,
            "book_valuer_per_share": 37.87,
            "book_valuer_per_share_4q_avg": 36.86,
            "equity": 2905576,
            "current_ratio": 408.9,
            "debt_ratio": 16.33,
            "inventory_turnover_ratio": 1.35,
            "account_receivable_turnover_ratio": 0.84,
            "reinvestment_rate": 10.43,
            "research_to_sale_ratio": 3.22,
            "price_fair": 129.2,
            "eps_avg_yearly": 5.18,
            "eps_latest_yearly": 0.96,
            "eps_growth_yearly": 14.93
        },
        "20162": {
            "year_quarter": 20162,
            "year": 2016,
            "quarter": 2,
            "eps": 0.58,
            "eps_growth_year": 123.08,
            "eps_4q": 2.66,
            "eps_4q_growth_year": 71.37,
            "roe": 1.54,
            "roe_4q": 7.1899999999999995,
            "gross_profit": 133952,
            "gross_margin": 16.73,
            "gross_margin_4q_avg": 15.43,
            "net_income": 44498,
            "revenue": 800693,
            "common_shares": 773317,
            "book_valuer_per_share": 37.28,
            "book_valuer_per_share_4q_avg": 37.31,
            "equity": 2859980,
            "current_ratio": 324.53,
            "debt_ratio": 21.06,
            "inventory_turnover_ratio": 1.53,
            "account_receivable_turnover_ratio": 0.99,
            "reinvestment_rate": 12.8,
            "research_to_sale_ratio": 4.04,
            "price_fair": 166.08,
            "eps_avg_yearly": 4.75,
            "eps_latest_yearly": 2.32,
            "eps_growth_yearly": 47.07
        },
        "20163": {
            "year_quarter": 20163,
            "year": 2016,
            "quarter": 3,
            "eps": 0.56,
            "eps_growth_year": -35.63,
            "eps_4q": 2.34,
            "eps_4q_growth_year": 38.56,
            "roe": 1.49,
            "roe_4q": 6.26,
            "gross_profit": 158308,
            "gross_margin": 17.74,
            "gross_margin_4q_avg": 16.88,
            "net_income": 42985,
            "revenue": 892408,
            "common_shares": 773317,
            "book_valuer_per_share": 37.91,
            "book_valuer_per_share_4q_avg": 37.66,
            "equity": 2907956,
            "current_ratio": 405.36,
            "debt_ratio": 17.01,
            "inventory_turnover_ratio": 1.87,
            "account_receivable_turnover_ratio": 1,
            "reinvestment_rate": 11.83,
            "research_to_sale_ratio": 5.11,
            "price_fair": 144.2,
            "eps_avg_yearly": 4.12,
            "eps_latest_yearly": 2.24,
            "eps_growth_yearly": 38.37
        },
        "20164": {
            "year_quarter": 20164,
            "year": 2016,
            "quarter": 4,
            "eps": 0.84,
            "eps_growth_year": -13.16,
            "eps_4q": 2.21,
            "eps_4q_growth_year": -1.65,
            "roe": 2.18,
            "roe_4q": 5.84,
            "gross_profit": 161298,
            "gross_margin": 18.92,
            "gross_margin_4q_avg": 17.19,
            "net_income": 64229,
            "revenue": 852310,
            "common_shares": 773317,
            "book_valuer_per_share": 38.84,
            "book_valuer_per_share_4q_avg": 37.98,
            "equity": 2980958,
            "current_ratio": 432.37,
            "debt_ratio": 16.35,
            "inventory_turnover_ratio": 1.74,
            "account_receivable_turnover_ratio": 0.88,
            "reinvestment_rate": 5.9,
            "research_to_sale_ratio": 7.7,
            "price_fair": 123.64,
            "eps_avg_yearly": 3.53,
            "eps_latest_yearly": 3.36,
            "eps_growth_yearly": 49.81
        },
        "20171": {
            "year_quarter": 20171,
            "year": 2017,
            "quarter": 1,
            "eps": -0.31,
            "eps_growth_year": -229.17,
            "eps_4q": 1.66,
            "eps_4q_growth_year": -28.75,
            "roe": -0.82,
            "roe_4q": 4.390000000000001,
            "gross_profit": 109147,
            "gross_margin": 17.4,
            "gross_margin_4q_avg": 17.7,
            "net_income": -24287,
            "revenue": 627433,
            "common_shares": 773317,
            "book_valuer_per_share": 38.58,
            "book_valuer_per_share_4q_avg": 38.15,
            "equity": 2961258,
            "current_ratio": 537.47,
            "debt_ratio": 13.13,
            "inventory_turnover_ratio": 1.2,
            "account_receivable_turnover_ratio": 0.76,
            "reinvestment_rate": 4.69,
            "research_to_sale_ratio": 6.89,
            "price_fair": 111.91,
            "eps_avg_yearly": 3.2,
            "eps_latest_yearly": 3.36,
            "eps_growth_yearly": 61.91
        },
        "20172": {
            "year_quarter": 20172,
            "year": 2017,
            "quarter": 2,
            "eps": 0.31,
            "eps_growth_year": -46.55,
            "eps_4q": 1.4,
            "eps_4q_growth_year": -47.4,
            "roe": 0.82,
            "roe_4q": 3.67,
            "gross_profit": 114589,
            "gross_margin": 16.93,
            "gross_margin_4q_avg": 17.75,
            "net_income": 23943,
            "revenue": 677023,
            "common_shares": 773317,
            "book_valuer_per_share": 37.62,
            "book_valuer_per_share_4q_avg": 38.24,
            "equity": 2887326,
            "current_ratio": 442.92,
            "debt_ratio": 16.42,
            "inventory_turnover_ratio": 1.31,
            "account_receivable_turnover_ratio": 0.98,
            "reinvestment_rate": -14.68,
            "research_to_sale_ratio": 6.11,
            "price_fair": 98.9,
            "eps_avg_yearly": 2.83,
            "eps_latest_yearly": 3.36,
            "eps_growth_yearly": 66.87
        },
        "20173": {
            "year_quarter": 20173,
            "year": 2017,
            "quarter": 3,
            "eps": 0.28,
            "eps_growth_year": -50,
            "eps_4q": 1.12,
            "eps_4q_growth_year": -52.26,
            "roe": 0.74,
            "roe_4q": 2.9200000000000004,
            "gross_profit": 98044,
            "gross_margin": 14.14,
            "gross_margin_4q_avg": 16.85,
            "net_income": 21531,
            "revenue": 693554,
            "common_shares": 773317,
            "book_valuer_per_share": 37.96,
            "book_valuer_per_share_4q_avg": 38.25,
            "equity": 2913205,
            "current_ratio": 498.99,
            "debt_ratio": 14.19,
            "inventory_turnover_ratio": 1.44,
            "account_receivable_turnover_ratio": 0.99,
            "reinvestment_rate": -19.59,
            "research_to_sale_ratio": 5.13,
            "price_fair": 89.3,
            "eps_avg_yearly": 2.55,
            "eps_latest_yearly": 1.12,
            "eps_growth_yearly": 75.8
        },
        "20174": {
            "year_quarter": 20174,
            "year": 2017,
            "quarter": 4,
            "eps": 0.09,
            "eps_growth_year": -89.02,
            "eps_4q": 0.37,
            "eps_4q_growth_year": -83.18,
            "roe": 0.24,
            "roe_4q": 0.9799999999999999,
            "gross_profit": 102748,
            "gross_margin": 15.07,
            "gross_margin_4q_avg": 15.89,
            "net_income": 7030,
            "revenue": 681955,
            "common_shares": 773317,
            "book_valuer_per_share": 38.09,
            "book_valuer_per_share_4q_avg": 38.06,
            "equity": 2923419,
            "current_ratio": 530.87,
            "debt_ratio": 13.35,
            "inventory_turnover_ratio": 1.44,
            "account_receivable_turnover_ratio": 0.99,
            "reinvestment_rate": -46.91,
            "research_to_sale_ratio": 5.28,
            "price_fair": 78.7,
            "eps_avg_yearly": 2.25,
            "eps_latest_yearly": 0.36,
            "eps_growth_yearly": 58.49
        },
        "20181": {
            "year_quarter": 20181,
            "year": 2018,
            "quarter": 1,
            "eps": -0.06,
            "eps_growth_year": null,
            "eps_4q": 0.62,
            "eps_4q_growth_year": -62.51,
            "roe": -0.17,
            "roe_4q": 1.63,
            "gross_profit": 78268,
            "gross_margin": 13.57,
            "gross_margin_4q_avg": 14.93,
            "net_income": -4864,
            "revenue": 576974,
            "common_shares": 773317,
            "book_valuer_per_share": 38.09,
            "book_valuer_per_share_4q_avg": 37.94,
            "equity": 2922904,
            "current_ratio": 695.54,
            "debt_ratio": 10.3,
            "inventory_turnover_ratio": 1.24,
            "account_receivable_turnover_ratio": 0.98,
            "reinvestment_rate": -92.86,
            "research_to_sale_ratio": 5.13,
            "price_fair": 73.98,
            "eps_avg_yearly": 2.11,
            "eps_latest_yearly": 0.36,
            "eps_growth_yearly": 67
        },
        "20182": {
            "year_quarter": 20182,
            "year": 2018,
            "quarter": 2,
            "eps": 0.88,
            "eps_growth_year": 183.87,
            "eps_4q": 1.19,
            "eps_4q_growth_year": -14.56,
            "roe": 2.32,
            "roe_4q": 3.13,
            "gross_profit": 102292,
            "gross_margin": 16.08,
            "gross_margin_4q_avg": 14.72,
            "net_income": 67796,
            "revenue": 636092,
            "common_shares": 773317,
            "book_valuer_per_share": 38.21,
            "book_valuer_per_share_4q_avg": 38.09,
            "equity": 2932444,
            "current_ratio": 567.05,
            "debt_ratio": 13.31,
            "inventory_turnover_ratio": 1.31,
            "account_receivable_turnover_ratio": 1.16,
            "reinvestment_rate": -99.73,
            "research_to_sale_ratio": 4.77,
            "price_fair": 69.65,
            "eps_avg_yearly": 1.99,
            "eps_latest_yearly": 0.36,
            "eps_growth_yearly": 75.92
        },
        "20183": {
            "year_quarter": 20183,
            "year": 2018,
            "quarter": 3,
            "eps": 0.58,
            "eps_growth_year": 107.14,
            "eps_4q": 1.49,
            "eps_4q_growth_year": 33.34,
            "roe": 1.5,
            "roe_4q": 3.8899999999999997,
            "gross_profit": 135112,
            "gross_margin": 18.37,
            "gross_margin_4q_avg": 15.77,
            "net_income": 44333,
            "revenue": 735685,
            "common_shares": 767157,
            "book_valuer_per_share": 38.8,
            "book_valuer_per_share_4q_avg": 38.3,
            "equity": 2977773,
            "current_ratio": 621.79,
            "debt_ratio": 12.33,
            "inventory_turnover_ratio": 1.59,
            "account_receivable_turnover_ratio": 1.18,
            "reinvestment_rate": -95.8,
            "research_to_sale_ratio": 4.82,
            "price_fair": 67.78,
            "eps_avg_yearly": 1.94,
            "eps_latest_yearly": 2.32,
            "eps_growth_yearly": 70.48
        },
        "20184": {
            "year_quarter": 20184,
            "year": 2018,
            "quarter": 4,
            "eps": 0.4,
            "eps_growth_year": 337.01,
            "eps_4q": 1.8,
            "eps_4q_growth_year": 383.26,
            "roe": 1.03,
            "roe_4q": 4.68,
            "gross_profit": 116384,
            "gross_margin": 17.04,
            "gross_margin_4q_avg": 16.27,
            "net_income": 30795,
            "revenue": 682928,
            "common_shares": 767217,
            "book_valuer_per_share": 39.22,
            "book_valuer_per_share_4q_avg": 38.58,
            "equity": 3010129,
            "current_ratio": 590.2,
            "debt_ratio": 13.32,
            "inventory_turnover_ratio": 1.6,
            "account_receivable_turnover_ratio": 1.1,
            "reinvestment_rate": -105.73,
            "research_to_sale_ratio": 6.36,
            "price_fair": 67.78,
            "eps_avg_yearly": 1.94,
            "eps_latest_yearly": 1.6,
            "eps_growth_yearly": 75.45
        },
        "20191": {
            "year_quarter": 20191,
            "year": 2019,
            "quarter": 1,
            "eps": 0.41,
            "eps_growth_year": null,
            "eps_4q": 2.25,
            "eps_4q_growth_year": 261.34,
            "roe": 1.03,
            "roe_4q": 5.88,
            "gross_profit": 98369,
            "gross_margin": 16.95,
            "gross_margin_4q_avg": 17.11,
            "net_income": 31242,
            "revenue": 580369,
            "common_shares": 773197,
            "book_valuer_per_share": 39.49,
            "book_valuer_per_share_4q_avg": 38.93,
            "equity": 3054700,
            "current_ratio": 652.07,
            "debt_ratio": 19.15,
            "inventory_turnover_ratio": 1.34,
            "account_receivable_turnover_ratio": 1.03,
            "reinvestment_rate": -109.22,
            "research_to_sale_ratio": 6.52,
            "price_fair": 70.82,
            "eps_avg_yearly": 2.02,
            "eps_latest_yearly": 1.64,
            "eps_growth_yearly": 97.12
        },
        "20192": {
            "year_quarter": 20192,
            "year": 2019,
            "quarter": 2,
            "eps": 0.5,
            "eps_growth_year": -43.18,
            "eps_4q": 1.87,
            "eps_4q_growth_year": 56.76,
            "roe": 1.24,
            "roe_4q": 4.8,
            "gross_profit": 107924,
            "gross_margin": 17.99,
            "gross_margin_4q_avg": 17.59,
            "net_income": 37266,
            "revenue": 599890,
            "common_shares": 773897,
            "book_valuer_per_share": 38.36,
            "book_valuer_per_share_4q_avg": 38.97,
            "equity": 2968341,
            "current_ratio": 503.71,
            "debt_ratio": 22.7,
            "inventory_turnover_ratio": 1.35,
            "account_receivable_turnover_ratio": 1.2,
            "reinvestment_rate": -109.6,
            "research_to_sale_ratio": 5.9,
            "price_fair": 73.62,
            "eps_avg_yearly": 2.1,
            "eps_latest_yearly": 2,
            "eps_growth_yearly": 79.99
        },
        "20193": {
            "year_quarter": 20193,
            "year": 2019,
            "quarter": 3,
            "eps": 0.35,
            "eps_growth_year": -39.66,
            "eps_4q": 1.63,
            "eps_4q_growth_year": 9.42,
            "roe": 0.9,
            "roe_4q": 4.2,
            "gross_profit": 108992,
            "gross_margin": 18.41,
            "gross_margin_4q_avg": 17.6,
            "net_income": 26881,
            "revenue": 592037,
            "common_shares": 780667,
            "book_valuer_per_share": 38.55,
            "book_valuer_per_share_4q_avg": 38.91,
            "equity": 3009443,
            "current_ratio": 675.12,
            "debt_ratio": 19.11,
            "inventory_turnover_ratio": 1.36,
            "account_receivable_turnover_ratio": 1.21,
            "reinvestment_rate": -128.48,
            "research_to_sale_ratio": 7.03,
            "price_fair": 5.79,
            "eps_avg_yearly": 1.93,
            "eps_latest_yearly": 1.4,
            "eps_growth_yearly": -8.22
        },
        "20194": {
            "year_quarter": 20194,
            "year": 2019,
            "quarter": 4,
            "eps": -0.03,
            "eps_growth_year": -106.83,
            "eps_4q": 1.21,
            "eps_4q_growth_year": -32.85,
            "roe": -0.07,
            "roe_4q": 3.1000000000000005,
            "gross_profit": 103525,
            "gross_margin": 17.96,
            "gross_margin_4q_avg": 17.83,
            "net_income": -2142,
            "revenue": 576532,
            "common_shares": 780667,
            "book_valuer_per_share": 38.53,
            "book_valuer_per_share_4q_avg": 38.73,
            "equity": 3007985,
            "current_ratio": 787.57,
            "debt_ratio": 17.67,
            "inventory_turnover_ratio": 1.47,
            "account_receivable_turnover_ratio": 1.26,
            "reinvestment_rate": -157.55,
            "research_to_sale_ratio": 6.55,
            "price_fair": 5.27,
            "eps_avg_yearly": 1.76,
            "eps_latest_yearly": 1.4,
            "eps_growth_yearly": -12.72
        },
        "20201": {
            "year_quarter": 20201,
            "year": 2020,
            "quarter": 1,
            "eps": 0.29,
            "eps_growth_year": -29.27,
            "eps_4q": 1.09,
            "eps_4q_growth_year": -51.49,
            "roe": 0.75,
            "roe_4q": 2.8200000000000003,
            "gross_profit": 83602,
            "gross_margin": 17.19,
            "gross_margin_4q_avg": 17.89,
            "net_income": 22411,
            "revenue": 486337,
            "common_shares": 780667,
            "book_valuer_per_share": 37.7,
            "book_valuer_per_share_4q_avg": 38.29,
            "equity": 2950023,
            "current_ratio": 642.74,
            "debt_ratio": 21.78,
            "inventory_turnover_ratio": 1.2,
            "account_receivable_turnover_ratio": 1.25,
            "reinvestment_rate": -155.18,
            "research_to_sale_ratio": 7.09,
            "price_fair": 47.74,
            "eps_avg_yearly": 1.84,
            "eps_latest_yearly": 1.4,
            "eps_growth_yearly": 16
        },
        "20202": {
            "year_quarter": 20202,
            "year": 2020,
            "quarter": 2,
            "eps": 0.56,
            "eps_growth_year": 12,
            "eps_4q": 1.17,
            "eps_4q_growth_year": -37.67,
            "roe": 1.48,
            "roe_4q": 3.06,
            "gross_profit": 135252,
            "gross_margin": 20.53,
            "gross_margin_4q_avg": 18.52,
            "net_income": 44121,
            "revenue": 658650,
            "common_shares": 782547,
            "book_valuer_per_share": 38.28,
            "book_valuer_per_share_4q_avg": 38.27,
            "equity": 2995205,
            "current_ratio": 538.26,
            "debt_ratio": 23.62,
            "inventory_turnover_ratio": 1.46,
            "account_receivable_turnover_ratio": 1.51,
            "reinvestment_rate": -118.61,
            "research_to_sale_ratio": 5.95,
            "price_fair": 5.48,
            "eps_avg_yearly": 1.83,
            "eps_latest_yearly": 2.24,
            "eps_growth_yearly": -3.42
        },
        "20203": {
            "year_quarter": 20203,
            "year": 2020,
            "quarter": 3,
            "eps": 0.71,
            "eps_growth_year": 102.86,
            "eps_4q": 1.52,
            "eps_4q_growth_year": -7.11,
            "roe": 1.84,
            "roe_4q": 4,
            "gross_profit": 164068,
            "gross_margin": 20.67,
            "gross_margin_4q_avg": 19.09,
            "net_income": 55861,
            "revenue": 793744,
            "common_shares": 793677,
            "book_valuer_per_share": 38.68,
            "book_valuer_per_share_4q_avg": 38.3,
            "equity": 3069684,
            "current_ratio": 559.38,
            "debt_ratio": 22.62,
            "inventory_turnover_ratio": 1.91,
            "account_receivable_turnover_ratio": 1.58,
            "reinvestment_rate": -108.1,
            "research_to_sale_ratio": 4.85,
            "price_fair": 35.25,
            "eps_avg_yearly": 1.89,
            "eps_latest_yearly": 2.84,
            "eps_growth_yearly": 8.67
        },
        "20204": {
            "year_quarter": 20204,
            "year": 2020,
            "quarter": 4,
            "eps": 0.97,
            "eps_growth_year": null,
            "eps_4q": 2.51,
            "eps_4q_growth_year": 107.65,
            "roe": 2.48,
            "roe_4q": 6.550000000000001,
            "gross_profit": 208843,
            "gross_margin": 26.55,
            "gross_margin_4q_avg": 21.24,
            "net_income": 77063,
            "revenue": 786545,
            "common_shares": 794577,
            "book_valuer_per_share": 39.59,
            "book_valuer_per_share_4q_avg": 38.56,
            "equity": 3145747,
            "current_ratio": 481.7,
            "debt_ratio": 24.43,
            "inventory_turnover_ratio": 1.67,
            "account_receivable_turnover_ratio": 1.62,
            "reinvestment_rate": -98.41,
            "research_to_sale_ratio": 5.03,
            "price_fair": 25.84,
            "eps_avg_yearly": 1.94,
            "eps_latest_yearly": 3.88,
            "eps_growth_yearly": 3.32
        },
        "20211": {
            "year_quarter": 20211,
            "year": 2021,
            "quarter": 1,
            "eps": 0.87,
            "eps_growth_year": 200,
            "eps_4q": 3.1,
            "eps_4q_growth_year": 183.24,
            "roe": 2.24,
            "roe_4q": 8.040000000000001,
            "gross_profit": 177167,
            "gross_margin": 25.57,
            "gross_margin_4q_avg": 23.33,
            "net_income": 69281,
            "revenue": 692946,
            "common_shares": 795707,
            "book_valuer_per_share": 38.23,
            "book_valuer_per_share_4q_avg": 38.7,
            "equity": 3041779,
            "current_ratio": 418.67,
            "debt_ratio": 26.89,
            "inventory_turnover_ratio": 1.23,
            "account_receivable_turnover_ratio": 1.6,
            "reinvestment_rate": -77.19,
            "research_to_sale_ratio": 5.96,
            "price_fair": 6.24,
            "eps_avg_yearly": 2.08,
            "eps_latest_yearly": 3.48,
            "eps_growth_yearly": -0.73
        },
        "20212": {
            "year_quarter": 20212,
            "year": 2021,
            "quarter": 2,
            "eps": 0.9,
            "eps_growth_year": 60.71,
            "eps_4q": 3.43,
            "eps_4q_growth_year": 194.35,
            "roe": 2.33,
            "roe_4q": 8.89,
            "gross_profit": 189605,
            "gross_margin": 25.44,
            "gross_margin_4q_avg": 24.56,
            "net_income": 71734,
            "revenue": 745322,
            "common_shares": 798017,
            "book_valuer_per_share": 39.04,
            "book_valuer_per_share_4q_avg": 38.89,
            "equity": 3115585,
            "current_ratio": 392.07,
            "debt_ratio": 27.51,
            "inventory_turnover_ratio": 1.24,
            "account_receivable_turnover_ratio": 1.81,
            "reinvestment_rate": -60.52,
            "research_to_sale_ratio": 5.95,
            "price_fair": 22.07,
            "eps_avg_yearly": 2.21,
            "eps_latest_yearly": 3.6,
            "eps_growth_yearly": 0.48
        },
        "20213": {
            "year_quarter": 20213,
            "year": 2021,
            "quarter": 3,
            "eps": 1.01,
            "eps_growth_year": 42.25,
            "eps_4q": 3.74,
            "eps_4q_growth_year": 146.93,
            "roe": 2.57,
            "roe_4q": 9.620000000000001,
            "gross_profit": 190708,
            "gross_margin": 24.72,
            "gross_margin_4q_avg": 25.57,
            "net_income": 81020,
            "revenue": 771573,
            "common_shares": 799447,
            "book_valuer_per_share": 40.04,
            "book_valuer_per_share_4q_avg": 39.23,
            "equity": 3201064,
            "current_ratio": 490.29,
            "debt_ratio": 23.77,
            "inventory_turnover_ratio": 1.26,
            "account_receivable_turnover_ratio": 1.81,
            "reinvestment_rate": -64.96,
            "research_to_sale_ratio": 5.36,
            "price_fair": 43.56,
            "eps_avg_yearly": 2.45,
            "eps_latest_yearly": 4.04,
            "eps_growth_yearly": 7.78
        },
        "20214": {
            "year_quarter": 20214,
            "year": 2021,
            "quarter": 4,
            "eps": 0.87,
            "eps_growth_year": -10.15,
            "eps_4q": 3.65,
            "eps_4q_growth_year": 45.36,
            "roe": 2.15,
            "roe_4q": 9.29,
            "gross_profit": 173017,
            "gross_margin": 23,
            "gross_margin_4q_avg": 24.68,
            "net_income": 69664,
            "revenue": 752406,
            "common_shares": 799447,
            "book_valuer_per_share": 41,
            "book_valuer_per_share_4q_avg": 39.58,
            "equity": 3277787,
            "current_ratio": 479.66,
            "debt_ratio": 24.11,
            "inventory_turnover_ratio": 1.23,
            "account_receivable_turnover_ratio": 1.7,
            "reinvestment_rate": -52.55,
            "research_to_sale_ratio": 5.64,
            "price_fair": 94.85,
            "eps_avg_yearly": 2.71,
            "eps_latest_yearly": 3.48,
            "eps_growth_yearly": 25.78
        },
        "20221": {
            "year_quarter": 20221,
            "year": 2022,
            "quarter": 1,
            "eps": 1.1,
            "eps_growth_year": 26.44,
            "eps_4q": 3.88,
            "eps_4q_growth_year": 25.42,
            "roe": 2.77,
            "roe_4q": 9.82,
            "gross_profit": 161446,
            "gross_margin": 23.32,
            "gross_margin_4q_avg": 24.12,
            "net_income": 88305,
            "revenue": 692204,
            "common_shares": 800317,
            "book_valuer_per_share": 38.79,
            "book_valuer_per_share_4q_avg": 39.72,
            "equity": 3104350,
            "current_ratio": 354.49,
            "debt_ratio": 30.08,
            "inventory_turnover_ratio": 1.15,
            "account_receivable_turnover_ratio": 1.58,
            "reinvestment_rate": -40.73,
            "research_to_sale_ratio": 4.43,
            "price_fair": 99.4,
            "eps_avg_yearly": 2.84,
            "eps_latest_yearly": 4.4,
            "eps_growth_yearly": 31.93
        },
        "20222": {
            "year_quarter": 20222,
            "year": 2022,
            "quarter": 2,
            "eps": 1.49,
            "eps_growth_year": 65.56,
            "eps_4q": 4.47,
            "eps_4q_growth_year": 30.23,
            "roe": 3.76,
            "roe_4q": 11.25,
            "gross_profit": 201161,
            "gross_margin": 28.87,
            "gross_margin_4q_avg": 24.98,
            "net_income": 118928,
            "revenue": 696842,
            "common_shares": 800647,
            "book_valuer_per_share": 40.24,
            "book_valuer_per_share_4q_avg": 40.02,
            "equity": 3221883,
            "current_ratio": 377.31,
            "debt_ratio": 28.35,
            "inventory_turnover_ratio": 1.01,
            "account_receivable_turnover_ratio": 1.57,
            "reinvestment_rate": -32.93,
            "research_to_sale_ratio": 4.61,
            "price_fair": 107.2,
            "eps_avg_yearly": 3.06,
            "eps_latest_yearly": 5.96,
            "eps_growth_yearly": 39.78
        },
        "20223": {
            "year_quarter": 20223,
            "year": 2022,
            "quarter": 3,
            "eps": 1,
            "eps_growth_year": -0.99,
            "eps_4q": 4.46,
            "eps_4q_growth_year": 19.13,
            "roe": 2.46,
            "roe_4q": 11.14,
            "gross_profit": 71845,
            "gross_margin": 17.53,
            "gross_margin_4q_avg": 23.18,
            "net_income": 80175,
            "revenue": 409811,
            "common_shares": 801177,
            "book_valuer_per_share": 41.2,
            "book_valuer_per_share_4q_avg": 40.31,
            "equity": 3300650,
            "current_ratio": 599.92,
            "debt_ratio": 21.46,
            "inventory_turnover_ratio": 0.66,
            "account_receivable_turnover_ratio": 0.97,
            "reinvestment_rate": -36.1,
            "research_to_sale_ratio": 8.18,
            "price_fair": 111.4,
            "eps_avg_yearly": 3.18,
            "eps_latest_yearly": 4,
            "eps_growth_yearly": 40.12
        },
        "20224": {
            "year_quarter": 20224,
            "year": 2022,
            "quarter": 4,
            "eps": 0,
            "eps_growth_year": -99.94,
            "eps_4q": 3.59,
            "eps_4q_growth_year": -1.74,
            "roe": 0,
            "roe_4q": 8.99,
            "gross_profit": 82434,
            "gross_margin": 16.71,
            "gross_margin_4q_avg": 21.61,
            "net_income": 44,
            "revenue": 493394,
            "common_shares": 801777,
            "book_valuer_per_share": 41.01,
            "book_valuer_per_share_4q_avg": 40.31,
            "equity": 3287914,
            "current_ratio": 590.2,
            "debt_ratio": 21.28,
            "inventory_turnover_ratio": 0.94,
            "account_receivable_turnover_ratio": 1.3,
            "reinvestment_rate": -33.1,
            "research_to_sale_ratio": 7.59,
            "price_fair": 115.66,
            "eps_avg_yearly": 3.3,
            "eps_latest_yearly": 4,
            "eps_growth_yearly": 52.76
        },
        "20231": {
            "year_quarter": 20231,
            "year": 2023,
            "quarter": 1,
            "eps": 0.11,
            "eps_growth_year": -90,
            "eps_4q": 2.58,
            "eps_4q_growth_year": -33.57,
            "roe": 0.29,
            "roe_4q": 6.51,
            "gross_profit": 93843,
            "gross_margin": 21.19,
            "gross_margin_4q_avg": 21.08,
            "net_income": 9169,
            "revenue": 442766,
            "common_shares": 802657,
            "book_valuer_per_share": 38.19,
            "book_valuer_per_share_4q_avg": 40.16,
            "equity": 3065545,
            "current_ratio": 384.92,
            "debt_ratio": 27.56,
            "inventory_turnover_ratio": 0.91,
            "account_receivable_turnover_ratio": 1.36,
            "reinvestment_rate": -28.5,
            "research_to_sale_ratio": 10.92,
            "price_fair": 120.52,
            "eps_avg_yearly": 3.44,
            "eps_latest_yearly": 4,
            "eps_growth_yearly": 56.32
        }
    },
    "months": {
        "2010-05": {
            "month": "2010-05",
            "price": "132.79",
            "revenue": 230235
        },
        "2010-06": {
            "month": "2010-06",
            "price": "108.97",
            "revenue": 252762
        },
        "2010-07": {
            "month": "2010-07",
            "price": "106.33",
            "revenue": 279516
        },
        "2010-08": {
            "month": "2010-08",
            "price": "106.04",
            "revenue": 283222
        },
        "2010-09": {
            "month": "2010-09",
            "price": "107.64",
            "revenue": 225529
        },
        "2010-10": {
            "month": "2010-10",
            "price": "105.44",
            "revenue": 187876
        },
        "2010-11": {
            "month": "2010-11",
            "price": "88.65",
            "revenue": 183696
        },
        "2010-12": {
            "month": "2010-12",
            "price": "90.09",
            "revenue": 215751
        },
        "2011-01": {
            "month": "2011-01",
            "price": "86.92",
            "revenue": 248669
        },
        "2011-02": {
            "month": "2011-02",
            "price": "84.69",
            "revenue": 245537
        },
        "2011-03": {
            "month": "2011-03",
            "price": "82.25",
            "revenue": 248892
        },
        "2011-04": {
            "month": "2011-04",
            "price": "76.67",
            "revenue": 268429
        },
        "2011-05": {
            "month": "2011-05",
            "price": "92.04",
            "revenue": 277531
        },
        "2011-06": {
            "month": "2011-06",
            "price": "97.38",
            "revenue": 277442
        },
        "2011-07": {
            "month": "2011-07",
            "price": "83.00",
            "revenue": 252188
        },
        "2011-08": {
            "month": "2011-08",
            "price": "79.33",
            "revenue": 227029
        },
        "2011-09": {
            "month": "2011-09",
            "price": "71.71",
            "revenue": 215255
        },
        "2011-10": {
            "month": "2011-10",
            "price": "59.40",
            "revenue": 210633
        },
        "2011-11": {
            "month": "2011-11",
            "price": "68.13",
            "revenue": 225714
        },
        "2011-12": {
            "month": "2011-12",
            "price": "57.19",
            "revenue": 284711
        },
        "2012-01": {
            "month": "2012-01",
            "price": "61.35",
            "revenue": 238696
        },
        "2012-02": {
            "month": "2012-02",
            "price": "95.14",
            "revenue": 242397
        },
        "2012-03": {
            "month": "2012-03",
            "price": "157.46",
            "revenue": 271616
        },
        "2012-04": {
            "month": "2012-04",
            "price": "135.32",
            "revenue": 279162
        },
        "2012-05": {
            "month": "2012-05",
            "price": "124.95",
            "revenue": 307827
        },
        "2012-06": {
            "month": "2012-06",
            "price": "133.38",
            "revenue": 324706
        },
        "2012-07": {
            "month": "2012-07",
            "price": "130.34",
            "revenue": 338420
        },
        "2012-08": {
            "month": "2012-08",
            "price": "122.23",
            "revenue": 380439
        },
        "2012-09": {
            "month": "2012-09",
            "price": "126.52",
            "revenue": 412515
        },
        "2012-10": {
            "month": "2012-10",
            "price": "133.93",
            "revenue": 431457
        },
        "2012-11": {
            "month": "2012-11",
            "price": "125.39",
            "revenue": 431185
        },
        "2012-12": {
            "month": "2012-12",
            "price": "126.36",
            "revenue": 407406
        },
        "2013-01": {
            "month": "2013-01",
            "price": "135.30",
            "revenue": 342191
        },
        "2013-02": {
            "month": "2013-02",
            "price": "143.54",
            "revenue": 254758
        },
        "2013-03": {
            "month": "2013-03",
            "price": "145.43",
            "revenue": 274680
        },
        "2013-04": {
            "month": "2013-04",
            "price": "134.22",
            "revenue": 311854
        },
        "2013-05": {
            "month": "2013-05",
            "price": "135.39",
            "revenue": 342042
        },
        "2013-06": {
            "month": "2013-06",
            "price": "123.37",
            "revenue": 362728
        },
        "2013-07": {
            "month": "2013-07",
            "price": "106.31",
            "revenue": 331922
        },
        "2013-08": {
            "month": "2013-08",
            "price": "111.17",
            "revenue": 311001
        },
        "2013-09": {
            "month": "2013-09",
            "price": "84.84",
            "revenue": 319862
        },
        "2013-10": {
            "month": "2013-10",
            "price": "68.95",
            "revenue": 319352
        },
        "2013-11": {
            "month": "2013-11",
            "price": "61.50",
            "revenue": 300863
        },
        "2013-12": {
            "month": "2013-12",
            "price": "65.00",
            "revenue": 300482
        },
        "2014-01": {
            "month": "2014-01",
            "price": "73.19",
            "revenue": 306644
        },
        "2014-02": {
            "month": "2014-02",
            "price": "70.40",
            "revenue": 248836
        },
        "2014-03": {
            "month": "2014-03",
            "price": "72.72",
            "revenue": 308278
        },
        "2014-04": {
            "month": "2014-04",
            "price": "76.18",
            "revenue": 312730
        },
        "2014-05": {
            "month": "2014-05",
            "price": "71.33",
            "revenue": 321648
        },
        "2014-06": {
            "month": "2014-06",
            "price": "67.68",
            "revenue": 301201
        },
        "2014-07": {
            "month": "2014-07",
            "price": "64.58",
            "revenue": 311528
        },
        "2014-08": {
            "month": "2014-08",
            "price": "56.83",
            "revenue": 317477
        },
        "2014-09": {
            "month": "2014-09",
            "price": "53.84",
            "revenue": 358432
        },
        "2014-10": {
            "month": "2014-10",
            "price": "46.93",
            "revenue": 341960
        },
        "2014-11": {
            "month": "2014-11",
            "price": "43.22",
            "revenue": 301888
        },
        "2014-12": {
            "month": "2014-12",
            "price": "46.22",
            "revenue": 305331
        },
        "2015-01": {
            "month": "2015-01",
            "price": "47.63",
            "revenue": 354097
        },
        "2015-02": {
            "month": "2015-02",
            "price": "45.96",
            "revenue": 279423
        },
        "2015-03": {
            "month": "2015-03",
            "price": "44.91",
            "revenue": 352799
        },
        "2015-04": {
            "month": "2015-04",
            "price": "42.00",
            "revenue": 348032
        },
        "2015-05": {
            "month": "2015-05",
            "price": "38.08",
            "revenue": 352594
        },
        "2015-06": {
            "month": "2015-06",
            "price": "30.34",
            "revenue": 328607
        },
        "2015-07": {
            "month": "2015-07",
            "price": "27.62",
            "revenue": 313878
        },
        "2015-08": {
            "month": "2015-08",
            "price": "22.69",
            "revenue": 331989
        },
        "2015-09": {
            "month": "2015-09",
            "price": "23.55",
            "revenue": 360488
        },
        "2015-10": {
            "month": "2015-10",
            "price": "25.94",
            "revenue": 363558
        },
        "2015-11": {
            "month": "2015-11",
            "price": "25.55",
            "revenue": 318916
        },
        "2015-12": {
            "month": "2015-12",
            "price": "24.23",
            "revenue": 319449
        },
        "2016-01": {
            "month": "2016-01",
            "price": "21.52",
            "revenue": 341146
        },
        "2016-02": {
            "month": "2016-02",
            "price": "22.43",
            "revenue": 198311
        },
        "2016-03": {
            "month": "2016-03",
            "price": "23.70",
            "revenue": 255754
        },
        "2016-04": {
            "month": "2016-04",
            "price": "23.84",
            "revenue": 278882
        },
        "2016-05": {
            "month": "2016-05",
            "price": "21.13",
            "revenue": 275920
        },
        "2016-06": {
            "month": "2016-06",
            "price": "21.33",
            "revenue": 245891
        },
        "2016-07": {
            "month": "2016-07",
            "price": "22.89",
            "revenue": 277776
        },
        "2016-08": {
            "month": "2016-08",
            "price": "23.08",
            "revenue": 296763
        },
        "2016-09": {
            "month": "2016-09",
            "price": "22.42",
            "revenue": 317868
        },
        "2016-10": {
            "month": "2016-10",
            "price": "23.61",
            "revenue": 292136
        },
        "2016-11": {
            "month": "2016-11",
            "price": "22.15",
            "revenue": 270712
        },
        "2016-12": {
            "month": "2016-12",
            "price": "21.91",
            "revenue": 315620
        },
        "2017-01": {
            "month": "2017-01",
            "price": "23.38",
            "revenue": 195473
        },
        "2017-02": {
            "month": "2017-02",
            "price": "30.52",
            "revenue": 189834
        },
        "2017-03": {
            "month": "2017-03",
            "price": "29.55",
            "revenue": 241391
        },
        "2017-04": {
            "month": "2017-04",
            "price": "30.29",
            "revenue": 234822
        },
        "2017-05": {
            "month": "2017-05",
            "price": "28.28",
            "revenue": 222880
        },
        "2017-06": {
            "month": "2017-06",
            "price": "25.82",
            "revenue": 220056
        },
        "2017-07": {
            "month": "2017-07",
            "price": "24.11",
            "revenue": 228763
        },
        "2017-08": {
            "month": "2017-08",
            "price": "22.65",
            "revenue": 230440
        },
        "2017-09": {
            "month": "2017-09",
            "price": "23.16",
            "revenue": 234350
        },
        "2017-10": {
            "month": "2017-10",
            "price": "23.14",
            "revenue": 233463
        },
        "2017-11": {
            "month": "2017-11",
            "price": "22.86",
            "revenue": 229319
        },
        "2017-12": {
            "month": "2017-12",
            "price": "21.66",
            "revenue": 219174
        },
        "2018-01": {
            "month": "2018-01",
            "price": "22.04",
            "revenue": 243671
        },
        "2018-02": {
            "month": "2018-02",
            "price": "20.69",
            "revenue": 122057
        },
        "2018-03": {
            "month": "2018-03",
            "price": "20.41",
            "revenue": 211247
        },
        "2018-04": {
            "month": "2018-04",
            "price": "19.78",
            "revenue": 210211
        },
        "2018-05": {
            "month": "2018-05",
            "price": "19.43",
            "revenue": 236871
        },
        "2018-06": {
            "month": "2018-06",
            "price": "19.78",
            "revenue": 189009
        },
        "2018-07": {
            "month": "2018-07",
            "price": "18.29",
            "revenue": 197256
        },
        "2018-08": {
            "month": "2018-08",
            "price": "20.11",
            "revenue": 248379
        },
        "2018-09": {
            "month": "2018-09",
            "price": "20.67",
            "revenue": 290050
        },
        "2018-10": {
            "month": "2018-10",
            "price": "20.70",
            "revenue": 247169
        },
        "2018-11": {
            "month": "2018-11",
            "price": "21.03",
            "revenue": 208402
        },
        "2018-12": {
            "month": "2018-12",
            "price": "21.69",
            "revenue": 237357
        },
        "2019-01": {
            "month": "2019-01",
            "price": "21.56",
            "revenue": 256827
        },
        "2019-02": {
            "month": "2019-02",
            "price": "23.00",
            "revenue": 128521
        },
        "2019-03": {
            "month": "2019-03",
            "price": "28.54",
            "revenue": 195020
        },
        "2019-04": {
            "month": "2019-04",
            "price": "34.87",
            "revenue": 190797
        },
        "2019-05": {
            "month": "2019-05",
            "price": "29.40",
            "revenue": 203176
        },
        "2019-06": {
            "month": "2019-06",
            "price": "28.88",
            "revenue": 205917
        },
        "2019-07": {
            "month": "2019-07",
            "price": "31.96",
            "revenue": 194041
        },
        "2019-08": {
            "month": "2019-08",
            "price": "29.65",
            "revenue": 194645
        },
        "2019-09": {
            "month": "2019-09",
            "price": "28.57",
            "revenue": 203352
        },
        "2019-10": {
            "month": "2019-10",
            "price": "26.52",
            "revenue": 171561
        },
        "2019-11": {
            "month": "2019-11",
            "price": "25.76",
            "revenue": 182926
        },
        "2019-12": {
            "month": "2019-12",
            "price": "25.71",
            "revenue": 222045
        },
        "2020-01": {
            "month": "2020-01",
            "price": "25.65",
            "revenue": 177049
        },
        "2020-02": {
            "month": "2020-02",
            "price": "23.83",
            "revenue": 116745
        },
        "2020-03": {
            "month": "2020-03",
            "price": "19.90",
            "revenue": 181480
        },
        "2020-04": {
            "month": "2020-04",
            "price": "19.49",
            "revenue": 195614
        },
        "2020-05": {
            "month": "2020-05",
            "price": "20.87",
            "revenue": 234849
        },
        "2020-06": {
            "month": "2020-06",
            "price": "23.26",
            "revenue": 239250
        },
        "2020-07": {
            "month": "2020-07",
            "price": "25.12",
            "revenue": 252213
        },
        "2020-08": {
            "month": "2020-08",
            "price": "26.06",
            "revenue": 267190
        },
        "2020-09": {
            "month": "2020-09",
            "price": "30.58",
            "revenue": 274341
        },
        "2020-10": {
            "month": "2020-10",
            "price": "29.64",
            "revenue": 258000
        },
        "2020-11": {
            "month": "2020-11",
            "price": "32.62",
            "revenue": 260967
        },
        "2020-12": {
            "month": "2020-12",
            "price": "41.55",
            "revenue": 267578
        },
        "2021-01": {
            "month": "2021-01",
            "price": "39.62",
            "revenue": 291530
        },
        "2021-02": {
            "month": "2021-02",
            "price": "42.24",
            "revenue": 157988
        },
        "2021-03": {
            "month": "2021-03",
            "price": "40.98",
            "revenue": 243427
        },
        "2021-04": {
            "month": "2021-04",
            "price": "45.82",
            "revenue": 262548
        },
        "2021-05": {
            "month": "2021-05",
            "price": "40.00",
            "revenue": 254783
        },
        "2021-06": {
            "month": "2021-06",
            "price": "40.16",
            "revenue": 228046
        },
        "2021-07": {
            "month": "2021-07",
            "price": "40.43",
            "revenue": 254549
        },
        "2021-08": {
            "month": "2021-08",
            "price": "35.80",
            "revenue": 254354
        },
        "2021-09": {
            "month": "2021-09",
            "price": "32.46",
            "revenue": 262615
        },
        "2021-10": {
            "month": "2021-10",
            "price": "31.34",
            "revenue": 209289
        },
        "2021-11": {
            "month": "2021-11",
            "price": "34.91",
            "revenue": 250439
        },
        "2021-12": {
            "month": "2021-12",
            "price": "36.87",
            "revenue": 292679
        },
        "2022-01": {
            "month": "2022-01",
            "price": "37.80",
            "revenue": 221474
        },
        "2022-02": {
            "month": "2022-02",
            "price": "37.90",
            "revenue": 196905
        },
        "2022-03": {
            "month": "2022-03",
            "price": "38.27",
            "revenue": 273821
        },
        "2022-04": {
            "month": "2022-04",
            "price": "38.61",
            "revenue": 261854
        },
        "2022-05": {
            "month": "2022-05",
            "price": "38.74",
            "revenue": 211246
        },
        "2022-06": {
            "month": "2022-06",
            "price": "37.95",
            "revenue": 191420
        },
        "2022-07": {
            "month": "2022-07",
            "price": "35.02",
            "revenue": 173826
        },
        "2022-08": {
            "month": "2022-08",
            "price": "33.58",
            "revenue": 144434
        },
        "2022-09": {
            "month": "2022-09",
            "price": "33.19",
            "revenue": 123544
        },
        "2022-10": {
            "month": "2022-10",
            "price": "30.13",
            "revenue": 148836
        },
        "2022-11": {
            "month": "2022-11",
            "price": "31.02",
            "revenue": 171514
        },
        "2022-12": {
            "month": "2022-12",
            "price": "31.82",
            "revenue": 173376
        },
        "2023-01": {
            "month": "2023-01",
            "price": "31.31",
            "revenue": 108337
        },
        "2023-02": {
            "month": "2023-02",
            "price": "33.13",
            "revenue": 145955
        },
        "2023-03": {
            "month": "2023-03",
            "price": "35.18",
            "revenue": 188474
        },
        "2023-04": {
            "month": "2023-04",
            "price": "35.19",
            "revenue": 197184
        }
    }
}
