{
    "summary": {
        "stock_name": "太極",
        "stock_id": "4934",
        "category": "光電",
        "main_business": "太陽能電池",
        "website_url": "http://http//www.tainergy.com",
        "ceo": "陳怡光",
        "pe_ratio": 33,
        "report_year_from": 2009,
        "report_year_to": 2023,
        "age": 14,
        "eps_negative_percentage": 53,
        "eps_growth_avg": {
            "last_all": -56.3,
            "last_2y": -100,
            "last_4y": -100,
            "last_8y": -45.37,
            "last_12y": -56.3,
            "last_16y": null,
            "last_20y": null,
            "at_2006_last_3y": null,
            "at_2007_last_3y": null,
            "at_2008_last_3y": null,
            "at_2009_last_3y": null,
            "at_2010_last_3y": null,
            "at_2011_last_3y": null,
            "at_2012_last_3y": null,
            "at_2013_last_3y": -100,
            "at_2014_last_3y": -64.36,
            "at_2015_last_3y": 9.25,
            "at_2016_last_3y": -27.16,
            "at_2017_last_3y": -27.16,
            "at_2018_last_3y": -26.39,
            "at_2019_last_3y": -100,
            "at_2020_last_3y": null,
            "at_2021_last_3y": -100,
            "at_2022_last_3y": -100,
            "at_2023_last_3y": -100,
            "at_2006_last_all": null,
            "at_2007_last_all": null,
            "at_2008_last_all": null,
            "at_2009_last_all": null,
            "at_2010_last_all": null,
            "at_2011_last_all": -100,
            "at_2012_last_all": -100,
            "at_2013_last_all": -100,
            "at_2014_last_all": -64.36,
            "at_2015_last_all": -27.16,
            "at_2016_last_all": -45.37,
            "at_2017_last_all": -45.37,
            "at_2018_last_all": -45.37,
            "at_2019_last_all": -45.37,
            "at_2020_last_all": -45.37,
            "at_2021_last_all": -56.3,
            "at_2022_last_all": -56.3,
            "at_2023_last_all": -56.3
        },
        "latest_eps": 1,
        "latest_price": 32.65,
        "latest_roe": 3.09,
        "latest_gross_margin": 14.45,
        "latest_equity": 2524287,
        "latest_revenue": 629781,
        "latest_gross_profit": 90991,
        "latest_net_income": 16427,
        "latest_debt_ratio": 24.08,
        "latest_current_ratio": 305.08,
        "latest_account_receivable_turnover_ratio": 115.92,
        "latest_inventory_turnover_ratio": 1.45,
        "latest_reinvestment_rate": null,
        "latest_research_to_sale_ratio": 7.08
    },
    "eps_dividends": {
        "2001": {
            "cash": 0,
            "stock": 0,
            "eps": 0
        },
        "2002": {
            "cash": 0,
            "stock": 0,
            "eps": 0
        },
        "2003": {
            "cash": 0,
            "stock": 0,
            "eps": 0
        },
        "2004": {
            "cash": 0,
            "stock": 0,
            "eps": 0
        },
        "2005": {
            "cash": 0,
            "stock": 0,
            "eps": 0
        },
        "2006": {
            "cash": 0,
            "stock": 0,
            "eps": 0
        },
        "2007": {
            "cash": 0,
            "stock": 0,
            "eps": 0
        },
        "2008": {
            "cash": 0,
            "stock": 0,
            "eps": 0
        },
        "2009": {
            "cash": 0,
            "stock": 0,
            "eps": -1.12
        },
        "2010": {
            "cash": 0,
            "stock": 1,
            "eps": 5.24
        },
        "2011": {
            "cash": 0.5,
            "stock": 1,
            "eps": -4.19
        },
        "2012": {
            "cash": 0,
            "stock": 0,
            "eps": -7.2
        },
        "2013": {
            "cash": 0,
            "stock": 0,
            "eps": 1.01
        },
        "2014": {
            "cash": 0.6,
            "stock": 0,
            "eps": 0.72
        },
        "2015": {
            "cash": 0.5,
            "stock": 0,
            "eps": 1.06
        },
        "2016": {
            "cash": 0.6,
            "stock": 0,
            "eps": -0.77
        },
        "2017": {
            "cash": 0,
            "stock": 0,
            "eps": -2.67
        },
        "2018": {
            "cash": 0,
            "stock": 0,
            "eps": -5.17
        },
        "2019": {
            "cash": 0,
            "stock": 0,
            "eps": -2.23
        },
        "2020": {
            "cash": 0,
            "stock": 0,
            "eps": 0.01
        },
        "2021": {
            "cash": 0,
            "stock": 0,
            "eps": -4.05
        },
        "2022": {
            "cash": 0,
            "stock": 0,
            "eps": 0.49
        },
        "2023": {
            "cash": 0,
            "stock": 0,
            "eps": 0.21
        }
    },
    "dividends": {
        "2010-03-18": {
            "cash": 0,
            "stock": 1
        },
        "2011-04-28": {
            "cash": 0.5,
            "stock": 1
        },
        "2014-06-27": {
            "cash": 0.6,
            "stock": 0
        },
        "2015-08-14": {
            "cash": 0.5,
            "stock": 0
        },
        "2016-08-04": {
            "cash": 0.6,
            "stock": 0
        }
    },
    "prices": {
        "200101": "無",
        "200102": "無",
        "200103": "無",
        "200104": "無",
        "200105": "無",
        "200106": "無",
        "200107": "無",
        "200108": "無",
        "200109": "無",
        "200110": "無",
        "200111": "無",
        "200112": "無",
        "200201": "無",
        "200202": "無",
        "200203": "無",
        "200204": "無",
        "200205": "無",
        "200206": "無",
        "200207": "無",
        "200208": "無",
        "200209": "無",
        "200210": "無",
        "200211": "無",
        "200212": "無",
        "200301": "無",
        "200302": "無",
        "200303": "無",
        "200304": "無",
        "200305": "無",
        "200306": "無",
        "200307": "無",
        "200308": "無",
        "200309": "無",
        "200310": "無",
        "200311": "無",
        "200312": "無",
        "200401": "無",
        "200402": "無",
        "200403": "無",
        "200404": "無",
        "200405": "無",
        "200406": "無",
        "200407": "無",
        "200408": "無",
        "200409": "無",
        "200410": "無",
        "200411": "無",
        "200412": "無",
        "200501": "無",
        "200502": "無",
        "200503": "無",
        "200504": "無",
        "200505": "無",
        "200506": "無",
        "200507": "無",
        "200508": "無",
        "200509": "無",
        "200510": "無",
        "200511": "無",
        "200512": "無",
        "200601": "無",
        "200602": "無",
        "200603": "無",
        "200604": "無",
        "200605": "無",
        "200606": "無",
        "200607": "無",
        "200608": "無",
        "200609": "無",
        "200610": "無",
        "200611": "無",
        "200612": "無",
        "200701": "無",
        "200702": "無",
        "200703": "無",
        "200704": "無",
        "200705": "無",
        "200706": "無",
        "200707": "無",
        "200708": "無",
        "200709": "無",
        "200710": "無",
        "200711": "無",
        "200712": "無",
        "200801": "無",
        "200802": "無",
        "200803": "無",
        "200804": "無",
        "200805": "無",
        "200806": "無",
        "200807": "無",
        "200808": "無",
        "200809": "無",
        "200810": "無",
        "200811": "無",
        "200812": "無",
        "200901": "無",
        "200902": "無",
        "200903": "無",
        "200904": "無",
        "200905": "無",
        "200906": "無",
        "200907": "無",
        "200908": "無",
        "200909": "無",
        "200910": "無",
        "200911": "無",
        "200912": "無",
        "201001": "無",
        "201002": "無",
        "201003": "33.53",
        "201004": "34.00",
        "201005": "34.13",
        "201006": "34.61",
        "201007": "36.47",
        "201008": "41.55",
        "201009": "49.17",
        "201010": "45.70",
        "201011": "43.04",
        "201012": "43.23",
        "201101": "43.88",
        "201102": "44.66",
        "201103": "46.58",
        "201104": "43.49",
        "201105": "32.83",
        "201106": "32.95",
        "201107": "31.22",
        "201108": "18.67",
        "201109": "16.94",
        "201110": "17.03",
        "201111": "13.21",
        "201112": "11.15",
        "201201": "11.57",
        "201202": "16.15",
        "201203": "14.61",
        "201204": "11.25",
        "201205": "12.25",
        "201206": "14.67",
        "201207": "12.93",
        "201208": "11.62",
        "201209": "12.08",
        "201210": "10.17",
        "201211": "8.98",
        "201212": "9.85",
        "201301": "12.96",
        "201302": "13.39",
        "201303": "14.76",
        "201304": "14.37",
        "201305": "15.36",
        "201306": "13.96",
        "201307": "13.52",
        "201308": "14.43",
        "201309": "14.63",
        "201310": "18.66",
        "201311": "25.11",
        "201312": "28.08",
        "201401": "27.69",
        "201402": "24.95",
        "201403": "25.37",
        "201404": "23.59",
        "201405": "23.59",
        "201406": "25.98",
        "201407": "23.65",
        "201408": "19.33",
        "201409": "19.84",
        "201410": "18.35",
        "201411": "15.80",
        "201412": "16.88",
        "201501": "18.27",
        "201502": "18.19",
        "201503": "18.84",
        "201504": "20.16",
        "201505": "17.04",
        "201506": "15.11",
        "201507": "16.15",
        "201508": "12.70",
        "201509": "13.82",
        "201510": "16.87",
        "201511": "18.92",
        "201512": "22.10",
        "201601": "20.53",
        "201602": "21.20",
        "201603": "22.15",
        "201604": "18.16",
        "201605": "16.84",
        "201606": "17.63",
        "201607": "17.38",
        "201608": "15.87",
        "201609": "15.47",
        "201610": "15.48",
        "201611": "13.26",
        "201612": "13.47",
        "201701": "14.58",
        "201702": "14.53",
        "201703": "14.30",
        "201704": "13.20",
        "201705": "12.72",
        "201706": "12.68",
        "201707": "12.15",
        "201708": "11.31",
        "201709": "12.62",
        "201710": "13.51",
        "201711": "12.56",
        "201712": "12.74",
        "201801": "12.63",
        "201802": "10.87",
        "201803": "10.47",
        "201804": "9.88",
        "201805": "9.93",
        "201806": "9.35",
        "201807": "7.77",
        "201808": "7.15",
        "201809": "6.99",
        "201810": "5.58",
        "201811": "5.44",
        "201812": "5.26",
        "201901": "5.16",
        "201902": "5.20",
        "201903": "4.89",
        "201904": "4.65",
        "201905": "4.55",
        "201906": "4.49",
        "201907": "4.18",
        "201908": "4.40",
        "201909": "4.89",
        "201910": "5.19",
        "201911": "5.35",
        "201912": "5.45",
        "202001": "9.08",
        "202002": "16.21",
        "202003": "13.17",
        "202004": "13.90",
        "202005": "16.71",
        "202006": "16.83",
        "202007": "18.36",
        "202008": "18.99",
        "202009": "29.84",
        "202010": "31.43",
        "202011": "28.20",
        "202012": "28.68",
        "202101": "27.90",
        "202102": "25.50",
        "202103": "27.51",
        "202104": "28.39",
        "202105": "24.46",
        "202106": "23.74",
        "202107": "27.25",
        "202108": "33.66",
        "202109": "34.46",
        "202110": "35.46",
        "202111": "36.06",
        "202112": "34.72",
        "202201": "35.43",
        "202202": "34.52",
        "202203": "31.99",
        "202204": "25.70",
        "202205": "22.92",
        "202206": "30.19",
        "202207": "29.55",
        "202208": "28.58",
        "202209": "28.33",
        "202210": "24.24",
        "202211": "26.17",
        "202212": "27.82",
        "202301": "27.65",
        "202302": "28.54",
        "202303": "29.81",
        "202304": "31.62",
        "202305": "30.21",
        "202306": "30.89"
    },
    "quarters": {
        "20011": {
            "year_quarter": 20011,
            "year": 2001,
            "quarter": 1,
            "eps": null,
            "eps_growth_year": null,
            "eps_4q": null,
            "eps_4q_growth_year": null,
            "roe": null,
            "roe_4q": 0,
            "gross_profit": null,
            "gross_margin": null,
            "gross_margin_4q_avg": 0,
            "net_income": null,
            "revenue": null,
            "common_shares": null,
            "book_valuer_per_share": null,
            "book_valuer_per_share_4q_avg": 0,
            "equity": null,
            "current_ratio": null,
            "debt_ratio": null,
            "inventory_turnover_ratio": null,
            "account_receivable_turnover_ratio": null,
            "reinvestment_rate": null,
            "research_to_sale_ratio": null,
            "price_fair": 0,
            "eps_avg_yearly": 0,
            "eps_latest_yearly": 0,
            "eps_growth_yearly": 0
        },
        "20012": {
            "year_quarter": 20012,
            "year": 2001,
            "quarter": 2,
            "eps": null,
            "eps_growth_year": null,
            "eps_4q": null,
            "eps_4q_growth_year": null,
            "roe": null,
            "roe_4q": 0,
            "gross_profit": null,
            "gross_margin": null,
            "gross_margin_4q_avg": 0,
            "net_income": null,
            "revenue": null,
            "common_shares": null,
            "book_valuer_per_share": null,
            "book_valuer_per_share_4q_avg": 0,
            "equity": null,
            "current_ratio": null,
            "debt_ratio": null,
            "inventory_turnover_ratio": null,
            "account_receivable_turnover_ratio": null,
            "reinvestment_rate": null,
            "research_to_sale_ratio": null,
            "price_fair": 0,
            "eps_avg_yearly": 0,
            "eps_latest_yearly": 0,
            "eps_growth_yearly": 0
        },
        "20013": {
            "year_quarter": 20013,
            "year": 2001,
            "quarter": 3,
            "eps": null,
            "eps_growth_year": null,
            "eps_4q": null,
            "eps_4q_growth_year": null,
            "roe": null,
            "roe_4q": 0,
            "gross_profit": null,
            "gross_margin": null,
            "gross_margin_4q_avg": 0,
            "net_income": null,
            "revenue": null,
            "common_shares": null,
            "book_valuer_per_share": null,
            "book_valuer_per_share_4q_avg": 0,
            "equity": null,
            "current_ratio": null,
            "debt_ratio": null,
            "inventory_turnover_ratio": null,
            "account_receivable_turnover_ratio": null,
            "reinvestment_rate": null,
            "research_to_sale_ratio": null,
            "price_fair": 0,
            "eps_avg_yearly": 0,
            "eps_latest_yearly": 0,
            "eps_growth_yearly": 0
        },
        "20014": {
            "year_quarter": 20014,
            "year": 2001,
            "quarter": 4,
            "eps": null,
            "eps_growth_year": null,
            "eps_4q": null,
            "eps_4q_growth_year": null,
            "roe": null,
            "roe_4q": 0,
            "gross_profit": null,
            "gross_margin": null,
            "gross_margin_4q_avg": 0,
            "net_income": null,
            "revenue": null,
            "common_shares": null,
            "book_valuer_per_share": null,
            "book_valuer_per_share_4q_avg": 0,
            "equity": null,
            "current_ratio": null,
            "debt_ratio": null,
            "inventory_turnover_ratio": null,
            "account_receivable_turnover_ratio": null,
            "reinvestment_rate": null,
            "research_to_sale_ratio": null,
            "price_fair": 0,
            "eps_avg_yearly": 0,
            "eps_latest_yearly": 0,
            "eps_growth_yearly": 0
        },
        "20021": {
            "year_quarter": 20021,
            "year": 2002,
            "quarter": 1,
            "eps": null,
            "eps_growth_year": null,
            "eps_4q": null,
            "eps_4q_growth_year": null,
            "roe": null,
            "roe_4q": 0,
            "gross_profit": null,
            "gross_margin": null,
            "gross_margin_4q_avg": 0,
            "net_income": null,
            "revenue": null,
            "common_shares": null,
            "book_valuer_per_share": null,
            "book_valuer_per_share_4q_avg": 0,
            "equity": null,
            "current_ratio": null,
            "debt_ratio": null,
            "inventory_turnover_ratio": null,
            "account_receivable_turnover_ratio": null,
            "reinvestment_rate": null,
            "research_to_sale_ratio": null,
            "price_fair": 0,
            "eps_avg_yearly": 0,
            "eps_latest_yearly": 0,
            "eps_growth_yearly": 0
        },
        "20022": {
            "year_quarter": 20022,
            "year": 2002,
            "quarter": 2,
            "eps": null,
            "eps_growth_year": null,
            "eps_4q": null,
            "eps_4q_growth_year": null,
            "roe": null,
            "roe_4q": 0,
            "gross_profit": null,
            "gross_margin": null,
            "gross_margin_4q_avg": 0,
            "net_income": null,
            "revenue": null,
            "common_shares": null,
            "book_valuer_per_share": null,
            "book_valuer_per_share_4q_avg": 0,
            "equity": null,
            "current_ratio": null,
            "debt_ratio": null,
            "inventory_turnover_ratio": null,
            "account_receivable_turnover_ratio": null,
            "reinvestment_rate": null,
            "research_to_sale_ratio": null,
            "price_fair": 0,
            "eps_avg_yearly": 0,
            "eps_latest_yearly": 0,
            "eps_growth_yearly": 0
        },
        "20023": {
            "year_quarter": 20023,
            "year": 2002,
            "quarter": 3,
            "eps": null,
            "eps_growth_year": null,
            "eps_4q": null,
            "eps_4q_growth_year": null,
            "roe": null,
            "roe_4q": 0,
            "gross_profit": null,
            "gross_margin": null,
            "gross_margin_4q_avg": 0,
            "net_income": null,
            "revenue": null,
            "common_shares": null,
            "book_valuer_per_share": null,
            "book_valuer_per_share_4q_avg": 0,
            "equity": null,
            "current_ratio": null,
            "debt_ratio": null,
            "inventory_turnover_ratio": null,
            "account_receivable_turnover_ratio": null,
            "reinvestment_rate": null,
            "research_to_sale_ratio": null,
            "price_fair": 0,
            "eps_avg_yearly": 0,
            "eps_latest_yearly": 0,
            "eps_growth_yearly": 0
        },
        "20024": {
            "year_quarter": 20024,
            "year": 2002,
            "quarter": 4,
            "eps": null,
            "eps_growth_year": null,
            "eps_4q": null,
            "eps_4q_growth_year": null,
            "roe": null,
            "roe_4q": 0,
            "gross_profit": null,
            "gross_margin": null,
            "gross_margin_4q_avg": 0,
            "net_income": null,
            "revenue": null,
            "common_shares": null,
            "book_valuer_per_share": null,
            "book_valuer_per_share_4q_avg": 0,
            "equity": null,
            "current_ratio": null,
            "debt_ratio": null,
            "inventory_turnover_ratio": null,
            "account_receivable_turnover_ratio": null,
            "reinvestment_rate": null,
            "research_to_sale_ratio": null,
            "price_fair": 0,
            "eps_avg_yearly": 0,
            "eps_latest_yearly": 0,
            "eps_growth_yearly": 0
        },
        "20031": {
            "year_quarter": 20031,
            "year": 2003,
            "quarter": 1,
            "eps": null,
            "eps_growth_year": null,
            "eps_4q": null,
            "eps_4q_growth_year": null,
            "roe": null,
            "roe_4q": 0,
            "gross_profit": null,
            "gross_margin": null,
            "gross_margin_4q_avg": 0,
            "net_income": null,
            "revenue": null,
            "common_shares": null,
            "book_valuer_per_share": null,
            "book_valuer_per_share_4q_avg": 0,
            "equity": null,
            "current_ratio": null,
            "debt_ratio": null,
            "inventory_turnover_ratio": null,
            "account_receivable_turnover_ratio": null,
            "reinvestment_rate": null,
            "research_to_sale_ratio": null,
            "price_fair": 0,
            "eps_avg_yearly": 0,
            "eps_latest_yearly": 0,
            "eps_growth_yearly": 0
        },
        "20032": {
            "year_quarter": 20032,
            "year": 2003,
            "quarter": 2,
            "eps": null,
            "eps_growth_year": null,
            "eps_4q": null,
            "eps_4q_growth_year": null,
            "roe": null,
            "roe_4q": 0,
            "gross_profit": null,
            "gross_margin": null,
            "gross_margin_4q_avg": 0,
            "net_income": null,
            "revenue": null,
            "common_shares": null,
            "book_valuer_per_share": null,
            "book_valuer_per_share_4q_avg": 0,
            "equity": null,
            "current_ratio": null,
            "debt_ratio": null,
            "inventory_turnover_ratio": null,
            "account_receivable_turnover_ratio": null,
            "reinvestment_rate": null,
            "research_to_sale_ratio": null,
            "price_fair": 0,
            "eps_avg_yearly": 0,
            "eps_latest_yearly": 0,
            "eps_growth_yearly": 0
        },
        "20033": {
            "year_quarter": 20033,
            "year": 2003,
            "quarter": 3,
            "eps": null,
            "eps_growth_year": null,
            "eps_4q": null,
            "eps_4q_growth_year": null,
            "roe": null,
            "roe_4q": 0,
            "gross_profit": null,
            "gross_margin": null,
            "gross_margin_4q_avg": 0,
            "net_income": null,
            "revenue": null,
            "common_shares": null,
            "book_valuer_per_share": null,
            "book_valuer_per_share_4q_avg": 0,
            "equity": null,
            "current_ratio": null,
            "debt_ratio": null,
            "inventory_turnover_ratio": null,
            "account_receivable_turnover_ratio": null,
            "reinvestment_rate": null,
            "research_to_sale_ratio": null,
            "price_fair": 0,
            "eps_avg_yearly": 0,
            "eps_latest_yearly": 0,
            "eps_growth_yearly": 0
        },
        "20034": {
            "year_quarter": 20034,
            "year": 2003,
            "quarter": 4,
            "eps": null,
            "eps_growth_year": null,
            "eps_4q": null,
            "eps_4q_growth_year": null,
            "roe": null,
            "roe_4q": 0,
            "gross_profit": null,
            "gross_margin": null,
            "gross_margin_4q_avg": 0,
            "net_income": null,
            "revenue": null,
            "common_shares": null,
            "book_valuer_per_share": null,
            "book_valuer_per_share_4q_avg": 0,
            "equity": null,
            "current_ratio": null,
            "debt_ratio": null,
            "inventory_turnover_ratio": null,
            "account_receivable_turnover_ratio": null,
            "reinvestment_rate": null,
            "research_to_sale_ratio": null,
            "price_fair": 0,
            "eps_avg_yearly": 0,
            "eps_latest_yearly": 0,
            "eps_growth_yearly": 0
        },
        "20041": {
            "year_quarter": 20041,
            "year": 2004,
            "quarter": 1,
            "eps": null,
            "eps_growth_year": null,
            "eps_4q": null,
            "eps_4q_growth_year": null,
            "roe": null,
            "roe_4q": 0,
            "gross_profit": null,
            "gross_margin": null,
            "gross_margin_4q_avg": 0,
            "net_income": null,
            "revenue": null,
            "common_shares": null,
            "book_valuer_per_share": null,
            "book_valuer_per_share_4q_avg": 0,
            "equity": null,
            "current_ratio": null,
            "debt_ratio": null,
            "inventory_turnover_ratio": null,
            "account_receivable_turnover_ratio": null,
            "reinvestment_rate": null,
            "research_to_sale_ratio": null,
            "price_fair": 0,
            "eps_avg_yearly": 0,
            "eps_latest_yearly": 0,
            "eps_growth_yearly": 0
        },
        "20042": {
            "year_quarter": 20042,
            "year": 2004,
            "quarter": 2,
            "eps": null,
            "eps_growth_year": null,
            "eps_4q": null,
            "eps_4q_growth_year": null,
            "roe": null,
            "roe_4q": 0,
            "gross_profit": null,
            "gross_margin": null,
            "gross_margin_4q_avg": 0,
            "net_income": null,
            "revenue": null,
            "common_shares": null,
            "book_valuer_per_share": null,
            "book_valuer_per_share_4q_avg": 0,
            "equity": null,
            "current_ratio": null,
            "debt_ratio": null,
            "inventory_turnover_ratio": null,
            "account_receivable_turnover_ratio": null,
            "reinvestment_rate": null,
            "research_to_sale_ratio": null,
            "price_fair": 0,
            "eps_avg_yearly": 0,
            "eps_latest_yearly": 0,
            "eps_growth_yearly": 0
        },
        "20043": {
            "year_quarter": 20043,
            "year": 2004,
            "quarter": 3,
            "eps": null,
            "eps_growth_year": null,
            "eps_4q": null,
            "eps_4q_growth_year": null,
            "roe": null,
            "roe_4q": 0,
            "gross_profit": null,
            "gross_margin": null,
            "gross_margin_4q_avg": 0,
            "net_income": null,
            "revenue": null,
            "common_shares": null,
            "book_valuer_per_share": null,
            "book_valuer_per_share_4q_avg": 0,
            "equity": null,
            "current_ratio": null,
            "debt_ratio": null,
            "inventory_turnover_ratio": null,
            "account_receivable_turnover_ratio": null,
            "reinvestment_rate": null,
            "research_to_sale_ratio": null,
            "price_fair": 0,
            "eps_avg_yearly": 0,
            "eps_latest_yearly": 0,
            "eps_growth_yearly": 0
        },
        "20044": {
            "year_quarter": 20044,
            "year": 2004,
            "quarter": 4,
            "eps": null,
            "eps_growth_year": null,
            "eps_4q": null,
            "eps_4q_growth_year": null,
            "roe": null,
            "roe_4q": 0,
            "gross_profit": null,
            "gross_margin": null,
            "gross_margin_4q_avg": 0,
            "net_income": null,
            "revenue": null,
            "common_shares": null,
            "book_valuer_per_share": null,
            "book_valuer_per_share_4q_avg": 0,
            "equity": null,
            "current_ratio": null,
            "debt_ratio": null,
            "inventory_turnover_ratio": null,
            "account_receivable_turnover_ratio": null,
            "reinvestment_rate": null,
            "research_to_sale_ratio": null,
            "price_fair": 0,
            "eps_avg_yearly": 0,
            "eps_latest_yearly": 0,
            "eps_growth_yearly": 0
        },
        "20051": {
            "year_quarter": 20051,
            "year": 2005,
            "quarter": 1,
            "eps": null,
            "eps_growth_year": null,
            "eps_4q": null,
            "eps_4q_growth_year": null,
            "roe": null,
            "roe_4q": 0,
            "gross_profit": null,
            "gross_margin": null,
            "gross_margin_4q_avg": 0,
            "net_income": null,
            "revenue": null,
            "common_shares": null,
            "book_valuer_per_share": null,
            "book_valuer_per_share_4q_avg": 0,
            "equity": null,
            "current_ratio": null,
            "debt_ratio": null,
            "inventory_turnover_ratio": null,
            "account_receivable_turnover_ratio": null,
            "reinvestment_rate": null,
            "research_to_sale_ratio": null,
            "price_fair": 0,
            "eps_avg_yearly": 0,
            "eps_latest_yearly": 0,
            "eps_growth_yearly": 0
        },
        "20052": {
            "year_quarter": 20052,
            "year": 2005,
            "quarter": 2,
            "eps": null,
            "eps_growth_year": null,
            "eps_4q": null,
            "eps_4q_growth_year": null,
            "roe": null,
            "roe_4q": 0,
            "gross_profit": null,
            "gross_margin": null,
            "gross_margin_4q_avg": 0,
            "net_income": null,
            "revenue": null,
            "common_shares": null,
            "book_valuer_per_share": null,
            "book_valuer_per_share_4q_avg": 0,
            "equity": null,
            "current_ratio": null,
            "debt_ratio": null,
            "inventory_turnover_ratio": null,
            "account_receivable_turnover_ratio": null,
            "reinvestment_rate": null,
            "research_to_sale_ratio": null,
            "price_fair": 0,
            "eps_avg_yearly": 0,
            "eps_latest_yearly": 0,
            "eps_growth_yearly": 0
        },
        "20053": {
            "year_quarter": 20053,
            "year": 2005,
            "quarter": 3,
            "eps": null,
            "eps_growth_year": null,
            "eps_4q": null,
            "eps_4q_growth_year": null,
            "roe": null,
            "roe_4q": 0,
            "gross_profit": null,
            "gross_margin": null,
            "gross_margin_4q_avg": 0,
            "net_income": null,
            "revenue": null,
            "common_shares": null,
            "book_valuer_per_share": null,
            "book_valuer_per_share_4q_avg": 0,
            "equity": null,
            "current_ratio": null,
            "debt_ratio": null,
            "inventory_turnover_ratio": null,
            "account_receivable_turnover_ratio": null,
            "reinvestment_rate": null,
            "research_to_sale_ratio": null,
            "price_fair": 0,
            "eps_avg_yearly": 0,
            "eps_latest_yearly": 0,
            "eps_growth_yearly": 0
        },
        "20054": {
            "year_quarter": 20054,
            "year": 2005,
            "quarter": 4,
            "eps": null,
            "eps_growth_year": null,
            "eps_4q": null,
            "eps_4q_growth_year": null,
            "roe": null,
            "roe_4q": 0,
            "gross_profit": null,
            "gross_margin": null,
            "gross_margin_4q_avg": 0,
            "net_income": null,
            "revenue": null,
            "common_shares": null,
            "book_valuer_per_share": null,
            "book_valuer_per_share_4q_avg": 0,
            "equity": null,
            "current_ratio": null,
            "debt_ratio": null,
            "inventory_turnover_ratio": null,
            "account_receivable_turnover_ratio": null,
            "reinvestment_rate": null,
            "research_to_sale_ratio": null,
            "price_fair": 0,
            "eps_avg_yearly": 0,
            "eps_latest_yearly": 0,
            "eps_growth_yearly": 0
        },
        "20061": {
            "year_quarter": 20061,
            "year": 2006,
            "quarter": 1,
            "eps": null,
            "eps_growth_year": null,
            "eps_4q": null,
            "eps_4q_growth_year": null,
            "roe": null,
            "roe_4q": 0,
            "gross_profit": null,
            "gross_margin": null,
            "gross_margin_4q_avg": 0,
            "net_income": null,
            "revenue": null,
            "common_shares": null,
            "book_valuer_per_share": null,
            "book_valuer_per_share_4q_avg": 0,
            "equity": null,
            "current_ratio": null,
            "debt_ratio": null,
            "inventory_turnover_ratio": null,
            "account_receivable_turnover_ratio": null,
            "reinvestment_rate": null,
            "research_to_sale_ratio": null,
            "price_fair": 0,
            "eps_avg_yearly": 0,
            "eps_latest_yearly": 0,
            "eps_growth_yearly": 0
        },
        "20062": {
            "year_quarter": 20062,
            "year": 2006,
            "quarter": 2,
            "eps": null,
            "eps_growth_year": null,
            "eps_4q": null,
            "eps_4q_growth_year": null,
            "roe": null,
            "roe_4q": 0,
            "gross_profit": null,
            "gross_margin": null,
            "gross_margin_4q_avg": 0,
            "net_income": null,
            "revenue": null,
            "common_shares": null,
            "book_valuer_per_share": null,
            "book_valuer_per_share_4q_avg": 0,
            "equity": null,
            "current_ratio": null,
            "debt_ratio": null,
            "inventory_turnover_ratio": null,
            "account_receivable_turnover_ratio": null,
            "reinvestment_rate": null,
            "research_to_sale_ratio": null,
            "price_fair": 0,
            "eps_avg_yearly": 0,
            "eps_latest_yearly": 0,
            "eps_growth_yearly": 0
        },
        "20063": {
            "year_quarter": 20063,
            "year": 2006,
            "quarter": 3,
            "eps": null,
            "eps_growth_year": null,
            "eps_4q": null,
            "eps_4q_growth_year": null,
            "roe": null,
            "roe_4q": 0,
            "gross_profit": null,
            "gross_margin": null,
            "gross_margin_4q_avg": 0,
            "net_income": null,
            "revenue": null,
            "common_shares": null,
            "book_valuer_per_share": null,
            "book_valuer_per_share_4q_avg": 0,
            "equity": null,
            "current_ratio": null,
            "debt_ratio": null,
            "inventory_turnover_ratio": null,
            "account_receivable_turnover_ratio": null,
            "reinvestment_rate": null,
            "research_to_sale_ratio": null,
            "price_fair": 0,
            "eps_avg_yearly": 0,
            "eps_latest_yearly": 0,
            "eps_growth_yearly": 0
        },
        "20064": {
            "year_quarter": 20064,
            "year": 2006,
            "quarter": 4,
            "eps": null,
            "eps_growth_year": null,
            "eps_4q": null,
            "eps_4q_growth_year": null,
            "roe": null,
            "roe_4q": 0,
            "gross_profit": null,
            "gross_margin": null,
            "gross_margin_4q_avg": 0,
            "net_income": null,
            "revenue": null,
            "common_shares": null,
            "book_valuer_per_share": null,
            "book_valuer_per_share_4q_avg": 0,
            "equity": null,
            "current_ratio": null,
            "debt_ratio": null,
            "inventory_turnover_ratio": null,
            "account_receivable_turnover_ratio": null,
            "reinvestment_rate": null,
            "research_to_sale_ratio": null,
            "price_fair": 0,
            "eps_avg_yearly": 0,
            "eps_latest_yearly": 0,
            "eps_growth_yearly": 0
        },
        "20071": {
            "year_quarter": 20071,
            "year": 2007,
            "quarter": 1,
            "eps": null,
            "eps_growth_year": null,
            "eps_4q": null,
            "eps_4q_growth_year": null,
            "roe": null,
            "roe_4q": 0,
            "gross_profit": null,
            "gross_margin": null,
            "gross_margin_4q_avg": 0,
            "net_income": null,
            "revenue": null,
            "common_shares": null,
            "book_valuer_per_share": null,
            "book_valuer_per_share_4q_avg": 0,
            "equity": null,
            "current_ratio": null,
            "debt_ratio": null,
            "inventory_turnover_ratio": null,
            "account_receivable_turnover_ratio": null,
            "reinvestment_rate": null,
            "research_to_sale_ratio": null,
            "price_fair": 0,
            "eps_avg_yearly": 0,
            "eps_latest_yearly": 0,
            "eps_growth_yearly": 0
        },
        "20072": {
            "year_quarter": 20072,
            "year": 2007,
            "quarter": 2,
            "eps": null,
            "eps_growth_year": null,
            "eps_4q": null,
            "eps_4q_growth_year": null,
            "roe": null,
            "roe_4q": 0,
            "gross_profit": null,
            "gross_margin": null,
            "gross_margin_4q_avg": 0,
            "net_income": null,
            "revenue": null,
            "common_shares": null,
            "book_valuer_per_share": null,
            "book_valuer_per_share_4q_avg": 0,
            "equity": null,
            "current_ratio": null,
            "debt_ratio": null,
            "inventory_turnover_ratio": null,
            "account_receivable_turnover_ratio": null,
            "reinvestment_rate": null,
            "research_to_sale_ratio": null,
            "price_fair": 0,
            "eps_avg_yearly": 0,
            "eps_latest_yearly": 0,
            "eps_growth_yearly": 0
        },
        "20073": {
            "year_quarter": 20073,
            "year": 2007,
            "quarter": 3,
            "eps": null,
            "eps_growth_year": null,
            "eps_4q": null,
            "eps_4q_growth_year": null,
            "roe": null,
            "roe_4q": 0,
            "gross_profit": null,
            "gross_margin": null,
            "gross_margin_4q_avg": 0,
            "net_income": null,
            "revenue": null,
            "common_shares": null,
            "book_valuer_per_share": null,
            "book_valuer_per_share_4q_avg": 0,
            "equity": null,
            "current_ratio": null,
            "debt_ratio": null,
            "inventory_turnover_ratio": null,
            "account_receivable_turnover_ratio": null,
            "reinvestment_rate": null,
            "research_to_sale_ratio": null,
            "price_fair": 0,
            "eps_avg_yearly": 0,
            "eps_latest_yearly": 0,
            "eps_growth_yearly": 0
        },
        "20074": {
            "year_quarter": 20074,
            "year": 2007,
            "quarter": 4,
            "eps": null,
            "eps_growth_year": null,
            "eps_4q": null,
            "eps_4q_growth_year": null,
            "roe": null,
            "roe_4q": 0,
            "gross_profit": null,
            "gross_margin": null,
            "gross_margin_4q_avg": 0,
            "net_income": null,
            "revenue": null,
            "common_shares": 539880,
            "book_valuer_per_share": 24.81,
            "book_valuer_per_share_4q_avg": 6.2,
            "equity": 1339398,
            "current_ratio": 46282.36,
            "debt_ratio": 0.18,
            "inventory_turnover_ratio": null,
            "account_receivable_turnover_ratio": null,
            "reinvestment_rate": null,
            "research_to_sale_ratio": null,
            "price_fair": 0,
            "eps_avg_yearly": 0,
            "eps_latest_yearly": 0,
            "eps_growth_yearly": 0
        },
        "20081": {
            "year_quarter": 20081,
            "year": 2008,
            "quarter": 1,
            "eps": null,
            "eps_growth_year": null,
            "eps_4q": null,
            "eps_4q_growth_year": null,
            "roe": null,
            "roe_4q": 0,
            "gross_profit": null,
            "gross_margin": null,
            "gross_margin_4q_avg": 0,
            "net_income": null,
            "revenue": null,
            "common_shares": null,
            "book_valuer_per_share": null,
            "book_valuer_per_share_4q_avg": 6.2,
            "equity": null,
            "current_ratio": null,
            "debt_ratio": null,
            "inventory_turnover_ratio": null,
            "account_receivable_turnover_ratio": null,
            "reinvestment_rate": null,
            "research_to_sale_ratio": null,
            "price_fair": 0,
            "eps_avg_yearly": 0,
            "eps_latest_yearly": 0,
            "eps_growth_yearly": 0
        },
        "20082": {
            "year_quarter": 20082,
            "year": 2008,
            "quarter": 2,
            "eps": null,
            "eps_growth_year": null,
            "eps_4q": null,
            "eps_4q_growth_year": null,
            "roe": null,
            "roe_4q": 0,
            "gross_profit": null,
            "gross_margin": null,
            "gross_margin_4q_avg": 0,
            "net_income": null,
            "revenue": null,
            "common_shares": null,
            "book_valuer_per_share": null,
            "book_valuer_per_share_4q_avg": 6.2,
            "equity": null,
            "current_ratio": null,
            "debt_ratio": null,
            "inventory_turnover_ratio": null,
            "account_receivable_turnover_ratio": null,
            "reinvestment_rate": null,
            "research_to_sale_ratio": null,
            "price_fair": 0,
            "eps_avg_yearly": 0,
            "eps_latest_yearly": 0,
            "eps_growth_yearly": 0
        },
        "20083": {
            "year_quarter": 20083,
            "year": 2008,
            "quarter": 3,
            "eps": null,
            "eps_growth_year": null,
            "eps_4q": null,
            "eps_4q_growth_year": null,
            "roe": null,
            "roe_4q": 0,
            "gross_profit": null,
            "gross_margin": null,
            "gross_margin_4q_avg": 0,
            "net_income": null,
            "revenue": null,
            "common_shares": null,
            "book_valuer_per_share": null,
            "book_valuer_per_share_4q_avg": 6.2,
            "equity": null,
            "current_ratio": null,
            "debt_ratio": null,
            "inventory_turnover_ratio": null,
            "account_receivable_turnover_ratio": null,
            "reinvestment_rate": null,
            "research_to_sale_ratio": null,
            "price_fair": 0,
            "eps_avg_yearly": 0,
            "eps_latest_yearly": 0,
            "eps_growth_yearly": 0
        },
        "20084": {
            "year_quarter": 20084,
            "year": 2008,
            "quarter": 4,
            "eps": null,
            "eps_growth_year": null,
            "eps_4q": null,
            "eps_4q_growth_year": null,
            "roe": null,
            "roe_4q": 0,
            "gross_profit": null,
            "gross_margin": null,
            "gross_margin_4q_avg": 0,
            "net_income": null,
            "revenue": null,
            "common_shares": 700000,
            "book_valuer_per_share": 27.56,
            "book_valuer_per_share_4q_avg": 6.89,
            "equity": 1929527,
            "current_ratio": 119.42,
            "debt_ratio": 56.87,
            "inventory_turnover_ratio": null,
            "account_receivable_turnover_ratio": null,
            "reinvestment_rate": null,
            "research_to_sale_ratio": null,
            "price_fair": 0,
            "eps_avg_yearly": 0,
            "eps_latest_yearly": 0,
            "eps_growth_yearly": 0
        },
        "20091": {
            "year_quarter": 20091,
            "year": 2009,
            "quarter": 1,
            "eps": -0.42,
            "eps_growth_year": null,
            "eps_4q": null,
            "eps_4q_growth_year": null,
            "roe": -1.76,
            "roe_4q": -1.76,
            "gross_profit": -101647,
            "gross_margin": -66.8,
            "gross_margin_4q_avg": -16.7,
            "net_income": -33792,
            "revenue": 152158,
            "common_shares": 700000,
            "book_valuer_per_share": 27.14,
            "book_valuer_per_share_4q_avg": 13.68,
            "equity": 1899943,
            "current_ratio": 79.43,
            "debt_ratio": 55.08,
            "inventory_turnover_ratio": 0.73,
            "account_receivable_turnover_ratio": 102.05,
            "reinvestment_rate": null,
            "research_to_sale_ratio": null,
            "price_fair": 0,
            "eps_avg_yearly": 0,
            "eps_latest_yearly": 0,
            "eps_growth_yearly": 0
        },
        "20092": {
            "year_quarter": 20092,
            "year": 2009,
            "quarter": 2,
            "eps": -1.43,
            "eps_growth_year": null,
            "eps_4q": null,
            "eps_4q_growth_year": null,
            "roe": -6.25,
            "roe_4q": -8.01,
            "gross_profit": -59481,
            "gross_margin": -22.89,
            "gross_margin_4q_avg": -22.42,
            "net_income": -115001,
            "revenue": 259889,
            "common_shares": 805000,
            "book_valuer_per_share": 22.09,
            "book_valuer_per_share_4q_avg": 19.2,
            "equity": 1777849,
            "current_ratio": 55.49,
            "debt_ratio": 57.76,
            "inventory_turnover_ratio": 1.82,
            "account_receivable_turnover_ratio": 8.01,
            "reinvestment_rate": null,
            "research_to_sale_ratio": null,
            "price_fair": 0,
            "eps_avg_yearly": 0,
            "eps_latest_yearly": 0,
            "eps_growth_yearly": 0
        },
        "20093": {
            "year_quarter": 20093,
            "year": 2009,
            "quarter": 3,
            "eps": 0.1,
            "eps_growth_year": null,
            "eps_4q": null,
            "eps_4q_growth_year": null,
            "roe": 0.43,
            "roe_4q": -7.58,
            "gross_profit": 80763,
            "gross_margin": 16.62,
            "gross_margin_4q_avg": -18.27,
            "net_income": 7727,
            "revenue": 485960,
            "common_shares": 805000,
            "book_valuer_per_share": 22.13,
            "book_valuer_per_share_4q_avg": 24.73,
            "equity": 1781721,
            "current_ratio": 75.9,
            "debt_ratio": 59.26,
            "inventory_turnover_ratio": 4.22,
            "account_receivable_turnover_ratio": 4.49,
            "reinvestment_rate": null,
            "research_to_sale_ratio": null,
            "price_fair": 0,
            "eps_avg_yearly": 0,
            "eps_latest_yearly": 0,
            "eps_growth_yearly": 0
        },
        "20094": {
            "year_quarter": 20094,
            "year": 2009,
            "quarter": 4,
            "eps": 0.63,
            "eps_growth_year": null,
            "eps_4q": -1.1,
            "eps_4q_growth_year": null,
            "roe": 2.76,
            "roe_4q": -4.82,
            "gross_profit": 127757,
            "gross_margin": 21.72,
            "gross_margin_4q_avg": -12.84,
            "net_income": 50632,
            "revenue": 588309,
            "common_shares": 825000,
            "book_valuer_per_share": 22.8,
            "book_valuer_per_share_4q_avg": 23.54,
            "equity": 1881190,
            "current_ratio": 99.77,
            "debt_ratio": 58.38,
            "inventory_turnover_ratio": 4.69,
            "account_receivable_turnover_ratio": 6.53,
            "reinvestment_rate": null,
            "research_to_sale_ratio": null,
            "price_fair": 88.2,
            "eps_avg_yearly": 2.52,
            "eps_latest_yearly": 2.52,
            "eps_growth_yearly": 2120
        },
        "20101": {
            "year_quarter": 20101,
            "year": 2010,
            "quarter": 1,
            "eps": 0.69,
            "eps_growth_year": null,
            "eps_4q": 0,
            "eps_4q_growth_year": null,
            "roe": 2.99,
            "roe_4q": -0.07000000000000028,
            "gross_profit": 104650,
            "gross_margin": 17.79,
            "gross_margin_4q_avg": 8.31,
            "net_income": 57010,
            "revenue": 588121,
            "common_shares": 825000,
            "book_valuer_per_share": 0,
            "book_valuer_per_share_4q_avg": 16.76,
            "equity": 1936863,
            "current_ratio": 93.18,
            "debt_ratio": 58.85,
            "inventory_turnover_ratio": 4.64,
            "account_receivable_turnover_ratio": 1.88,
            "reinvestment_rate": null,
            "research_to_sale_ratio": 2.32,
            "price_fair": 92.4,
            "eps_avg_yearly": 2.64,
            "eps_latest_yearly": 2.76,
            "eps_growth_yearly": 1079.05
        },
        "20102": {
            "year_quarter": 20102,
            "year": 2010,
            "quarter": 2,
            "eps": 1.71,
            "eps_growth_year": null,
            "eps_4q": 2.98,
            "eps_4q_growth_year": null,
            "roe": 7.68,
            "roe_4q": 13.86,
            "gross_profit": 206057,
            "gross_margin": 21.94,
            "gross_margin_4q_avg": 19.52,
            "net_income": 154908,
            "revenue": 939054,
            "common_shares": 907500,
            "book_valuer_per_share": 23.11,
            "book_valuer_per_share_4q_avg": 17.01,
            "equity": 2096886,
            "current_ratio": 95.25,
            "debt_ratio": 59.33,
            "inventory_turnover_ratio": 7.47,
            "account_receivable_turnover_ratio": 2.33,
            "reinvestment_rate": null,
            "research_to_sale_ratio": 1.56,
            "price_fair": 141.4,
            "eps_avg_yearly": 4.04,
            "eps_latest_yearly": 6.84,
            "eps_growth_yearly": 916.47
        },
        "20103": {
            "year_quarter": 20103,
            "year": 2010,
            "quarter": 3,
            "eps": 1.87,
            "eps_growth_year": 1774.33,
            "eps_4q": 4.48,
            "eps_4q_growth_year": null,
            "roe": 7.99,
            "roe_4q": 21.42,
            "gross_profit": 301208,
            "gross_margin": 20.84,
            "gross_margin_4q_avg": 20.57,
            "net_income": 188839,
            "revenue": 1445546,
            "common_shares": 1007500,
            "book_valuer_per_share": 26.13,
            "book_valuer_per_share_4q_avg": 18.01,
            "equity": 2632095,
            "current_ratio": 81.41,
            "debt_ratio": 52.63,
            "inventory_turnover_ratio": 11.35,
            "account_receivable_turnover_ratio": 4.22,
            "reinvestment_rate": null,
            "research_to_sale_ratio": 1.98,
            "price_fair": 171.5,
            "eps_avg_yearly": 4.9,
            "eps_latest_yearly": 7.48,
            "eps_growth_yearly": 696.71
        },
        "20104": {
            "year_quarter": 20104,
            "year": 2010,
            "quarter": 4,
            "eps": 0.97,
            "eps_growth_year": 53.68,
            "eps_4q": 4.29,
            "eps_4q_growth_year": null,
            "roe": 3.79,
            "roe_4q": 22.450000000000003,
            "gross_profit": 250589,
            "gross_margin": 15.35,
            "gross_margin_4q_avg": 18.98,
            "net_income": 116906,
            "revenue": 1632797,
            "common_shares": 1207500,
            "book_valuer_per_share": 29.31,
            "book_valuer_per_share_4q_avg": 19.64,
            "equity": 3539300,
            "current_ratio": 113.37,
            "debt_ratio": 48.13,
            "inventory_turnover_ratio": 7.93,
            "account_receivable_turnover_ratio": 4.84,
            "reinvestment_rate": null,
            "research_to_sale_ratio": 1.7,
            "price_fair": 164.36,
            "eps_avg_yearly": 4.7,
            "eps_latest_yearly": 3.88,
            "eps_growth_yearly": 518.86
        },
        "20111": {
            "year_quarter": 20111,
            "year": 2011,
            "quarter": 1,
            "eps": 0.4,
            "eps_growth_year": -42.03,
            "eps_4q": 4.21,
            "eps_4q_growth_year": 94301.95,
            "roe": 1.34,
            "roe_4q": 20.8,
            "gross_profit": 93165,
            "gross_margin": 6.07,
            "gross_margin_4q_avg": 16.05,
            "net_income": 47858,
            "revenue": 1534947,
            "common_shares": 1207500,
            "book_valuer_per_share": 29.76,
            "book_valuer_per_share_4q_avg": 27.08,
            "equity": 3593877,
            "current_ratio": 91.34,
            "debt_ratio": 44.49,
            "inventory_turnover_ratio": 4.25,
            "account_receivable_turnover_ratio": 4.4,
            "reinvestment_rate": null,
            "research_to_sale_ratio": 0.95,
            "price_fair": 146.3,
            "eps_avg_yearly": 4.18,
            "eps_latest_yearly": 1.6,
            "eps_growth_yearly": 393.21
        },
        "20112": {
            "year_quarter": 20112,
            "year": 2011,
            "quarter": 2,
            "eps": -1.43,
            "eps_growth_year": -183.84,
            "eps_4q": 1.23,
            "eps_4q_growth_year": -58.67,
            "roe": -5.48,
            "roe_4q": 7.64,
            "gross_profit": -137882,
            "gross_margin": -17.32,
            "gross_margin_4q_avg": 6.24,
            "net_income": -190091,
            "revenue": 796317,
            "common_shares": 1207500,
            "book_valuer_per_share": 27.65,
            "book_valuer_per_share_4q_avg": 28.21,
            "equity": 3338913,
            "current_ratio": 66.51,
            "debt_ratio": 49.98,
            "inventory_turnover_ratio": 2.61,
            "account_receivable_turnover_ratio": 1.83,
            "reinvestment_rate": null,
            "research_to_sale_ratio": 1.28,
            "price_fair": 146.3,
            "eps_avg_yearly": 4.18,
            "eps_latest_yearly": 1.6,
            "eps_growth_yearly": 393.21
        },
        "20113": {
            "year_quarter": 20113,
            "year": 2011,
            "quarter": 3,
            "eps": -0.86,
            "eps_growth_year": -145.86,
            "eps_4q": -1.03,
            "eps_4q_growth_year": -123.06,
            "roe": -3.64,
            "roe_4q": -3.990000000000001,
            "gross_profit": -82258,
            "gross_margin": -7.57,
            "gross_margin_4q_avg": -0.87,
            "net_income": -125536,
            "revenue": 1087314,
            "common_shares": 1339700,
            "book_valuer_per_share": 26.49,
            "book_valuer_per_share_4q_avg": 28.3,
            "equity": 3549269,
            "current_ratio": 72.03,
            "debt_ratio": 51.08,
            "inventory_turnover_ratio": 4.61,
            "account_receivable_turnover_ratio": 1.94,
            "reinvestment_rate": null,
            "research_to_sale_ratio": 0.86,
            "price_fair": 146.3,
            "eps_avg_yearly": 4.18,
            "eps_latest_yearly": 1.6,
            "eps_growth_yearly": 393.21
        },
        "20114": {
            "year_quarter": 20114,
            "year": 2011,
            "quarter": 4,
            "eps": -2.3,
            "eps_growth_year": -337.16,
            "eps_4q": -4.13,
            "eps_4q_growth_year": -196.33,
            "roe": -9.92,
            "roe_4q": -17.7,
            "gross_profit": -124426,
            "gross_margin": -23.43,
            "gross_margin_4q_avg": -10.56,
            "net_income": -335335,
            "revenue": 530968,
            "common_shares": 1460450,
            "book_valuer_per_share": 22,
            "book_valuer_per_share_4q_avg": 26.48,
            "equity": 3213520,
            "current_ratio": 46.14,
            "debt_ratio": 55.44,
            "inventory_turnover_ratio": 3.21,
            "account_receivable_turnover_ratio": 1.33,
            "reinvestment_rate": null,
            "research_to_sale_ratio": 3.32,
            "price_fair": 146.3,
            "eps_avg_yearly": 4.18,
            "eps_latest_yearly": 1.6,
            "eps_growth_yearly": 393.21
        },
        "20121": {
            "year_quarter": 20121,
            "year": 2012,
            "quarter": 1,
            "eps": -0.74,
            "eps_growth_year": -285,
            "eps_4q": -3.75,
            "eps_4q_growth_year": -189.11,
            "roe": -3.4,
            "roe_4q": -22.44,
            "gross_profit": -14173,
            "gross_margin": -1.48,
            "gross_margin_4q_avg": -12.45,
            "net_income": -122269,
            "revenue": 956080,
            "common_shares": 2060450,
            "book_valuer_per_share": 19.35,
            "book_valuer_per_share_4q_avg": 23.87,
            "equity": 3987714,
            "current_ratio": 66.86,
            "debt_ratio": 47.61,
            "inventory_turnover_ratio": 3.96,
            "account_receivable_turnover_ratio": 2.94,
            "reinvestment_rate": null,
            "research_to_sale_ratio": 2.04,
            "price_fair": 146.3,
            "eps_avg_yearly": 4.18,
            "eps_latest_yearly": 1.6,
            "eps_growth_yearly": 393.21
        },
        "20122": {
            "year_quarter": 20122,
            "year": 2012,
            "quarter": 2,
            "eps": -0.49,
            "eps_growth_year": null,
            "eps_4q": -3.32,
            "eps_4q_growth_year": -369.77,
            "roe": -2.57,
            "roe_4q": -19.53,
            "gross_profit": -41018,
            "gross_margin": -3.5,
            "gross_margin_4q_avg": -9,
            "net_income": -101127,
            "revenue": 1171662,
            "common_shares": 2060450,
            "book_valuer_per_share": 18.88,
            "book_valuer_per_share_4q_avg": 21.68,
            "equity": 3889534,
            "current_ratio": 54.48,
            "debt_ratio": 53.23,
            "inventory_turnover_ratio": 3.44,
            "account_receivable_turnover_ratio": 2.02,
            "reinvestment_rate": null,
            "research_to_sale_ratio": 1.45,
            "price_fair": 146.3,
            "eps_avg_yearly": 4.18,
            "eps_latest_yearly": 1.6,
            "eps_growth_yearly": 393.21
        },
        "20123": {
            "year_quarter": 20123,
            "year": 2012,
            "quarter": 3,
            "eps": -0.43,
            "eps_growth_year": null,
            "eps_4q": -3.15,
            "eps_4q_growth_year": null,
            "roe": -2.33,
            "roe_4q": -18.22,
            "gross_profit": 9496,
            "gross_margin": 0.94,
            "gross_margin_4q_avg": -6.87,
            "net_income": -89428,
            "revenue": 1005517,
            "common_shares": 2060450,
            "book_valuer_per_share": 18.4,
            "book_valuer_per_share_4q_avg": 19.66,
            "equity": 3792052,
            "current_ratio": 55.14,
            "debt_ratio": 51.07,
            "inventory_turnover_ratio": 2.6,
            "account_receivable_turnover_ratio": 1.34,
            "reinvestment_rate": null,
            "research_to_sale_ratio": 1.41,
            "price_fair": 146.3,
            "eps_avg_yearly": 4.18,
            "eps_latest_yearly": 1.6,
            "eps_growth_yearly": 393.21
        },
        "20124": {
            "year_quarter": 20124,
            "year": 2012,
            "quarter": 4,
            "eps": -5.54,
            "eps_growth_year": null,
            "eps_4q": -7.05,
            "eps_4q_growth_year": null,
            "roe": -35.41,
            "roe_4q": -43.709999999999994,
            "gross_profit": -953573,
            "gross_margin": -156.94,
            "gross_margin_4q_avg": -40.25,
            "net_income": -1140795,
            "revenue": 607621,
            "common_shares": 2060450,
            "book_valuer_per_share": 12.87,
            "book_valuer_per_share_4q_avg": 17.38,
            "equity": 2651381,
            "current_ratio": 51.4,
            "debt_ratio": 61.24,
            "inventory_turnover_ratio": 4.97,
            "account_receivable_turnover_ratio": 0.82,
            "reinvestment_rate": null,
            "research_to_sale_ratio": 2.37,
            "price_fair": 146.3,
            "eps_avg_yearly": 4.18,
            "eps_latest_yearly": 1.6,
            "eps_growth_yearly": 393.21
        },
        "20131": {
            "year_quarter": 20131,
            "year": 2013,
            "quarter": 1,
            "eps": -0.34,
            "eps_growth_year": null,
            "eps_4q": -6.8,
            "eps_4q_growth_year": null,
            "roe": -2.69,
            "roe_4q": -42.99999999999999,
            "gross_profit": -61601,
            "gross_margin": -6.31,
            "gross_margin_4q_avg": -41.45,
            "net_income": -70693,
            "revenue": 976081,
            "common_shares": 2060450,
            "book_valuer_per_share": 12.59,
            "book_valuer_per_share_4q_avg": 15.69,
            "equity": 2595033,
            "current_ratio": 55.92,
            "debt_ratio": 62.96,
            "inventory_turnover_ratio": 3.8,
            "account_receivable_turnover_ratio": 1.58,
            "reinvestment_rate": null,
            "research_to_sale_ratio": 1.27,
            "price_fair": 146.3,
            "eps_avg_yearly": 4.18,
            "eps_latest_yearly": 1.6,
            "eps_growth_yearly": 393.21
        },
        "20132": {
            "year_quarter": 20132,
            "year": 2013,
            "quarter": 2,
            "eps": 0.72,
            "eps_growth_year": null,
            "eps_4q": -5.59,
            "eps_4q_growth_year": null,
            "roe": 5.6,
            "roe_4q": -34.83,
            "gross_profit": 191578,
            "gross_margin": 13.12,
            "gross_margin_4q_avg": -37.3,
            "net_income": 149529,
            "revenue": 1460658,
            "common_shares": 2060450,
            "book_valuer_per_share": 13.34,
            "book_valuer_per_share_4q_avg": 14.3,
            "equity": 2749011,
            "current_ratio": 62.76,
            "debt_ratio": 61.62,
            "inventory_turnover_ratio": 3.96,
            "account_receivable_turnover_ratio": 2.56,
            "reinvestment_rate": null,
            "research_to_sale_ratio": 1.01,
            "price_fair": 146.3,
            "eps_avg_yearly": 4.18,
            "eps_latest_yearly": 1.6,
            "eps_growth_yearly": 393.21
        },
        "20133": {
            "year_quarter": 20133,
            "year": 2013,
            "quarter": 3,
            "eps": 0.29,
            "eps_growth_year": null,
            "eps_4q": -4.86,
            "eps_4q_growth_year": null,
            "roe": 2.18,
            "roe_4q": -30.319999999999997,
            "gross_profit": 139041,
            "gross_margin": 11.29,
            "gross_margin_4q_avg": -34.71,
            "net_income": 60545,
            "revenue": 1231910,
            "common_shares": 2060450,
            "book_valuer_per_share": 13.62,
            "book_valuer_per_share_4q_avg": 13.11,
            "equity": 2806573,
            "current_ratio": 61.53,
            "debt_ratio": 58.75,
            "inventory_turnover_ratio": 2.74,
            "account_receivable_turnover_ratio": 2.17,
            "reinvestment_rate": null,
            "research_to_sale_ratio": 1.47,
            "price_fair": 131.2,
            "eps_avg_yearly": 3.75,
            "eps_latest_yearly": 1.16,
            "eps_growth_yearly": 302.91
        },
        "20134": {
            "year_quarter": 20134,
            "year": 2013,
            "quarter": 4,
            "eps": 0.34,
            "eps_growth_year": null,
            "eps_4q": 0.95,
            "eps_4q_growth_year": null,
            "roe": 2.56,
            "roe_4q": 7.65,
            "gross_profit": 162173,
            "gross_margin": 10.96,
            "gross_margin_4q_avg": 7.27,
            "net_income": 79153,
            "revenue": 1479212,
            "common_shares": 2310450,
            "book_valuer_per_share": 14.57,
            "book_valuer_per_share_4q_avg": 13.53,
            "equity": 3365486,
            "current_ratio": 74.63,
            "debt_ratio": 50.63,
            "inventory_turnover_ratio": 2.76,
            "account_receivable_turnover_ratio": 3.17,
            "reinvestment_rate": null,
            "research_to_sale_ratio": 1.2,
            "price_fair": 71.32,
            "eps_avg_yearly": 3.58,
            "eps_latest_yearly": 1.36,
            "eps_growth_yearly": 9.91
        },
        "20141": {
            "year_quarter": 20141,
            "year": 2014,
            "quarter": 1,
            "eps": 0.5,
            "eps_growth_year": null,
            "eps_4q": 1.75,
            "eps_4q_growth_year": null,
            "roe": 3.36,
            "roe_4q": 13.7,
            "gross_profit": 210969,
            "gross_margin": 13.86,
            "gross_margin_4q_avg": 12.31,
            "net_income": 114887,
            "revenue": 1521985,
            "common_shares": 2310450,
            "book_valuer_per_share": 15.06,
            "book_valuer_per_share_4q_avg": 14.15,
            "equity": 3479290,
            "current_ratio": 82.89,
            "debt_ratio": 51.19,
            "inventory_turnover_ratio": 1.99,
            "account_receivable_turnover_ratio": 3.41,
            "reinvestment_rate": null,
            "research_to_sale_ratio": 1.07,
            "price_fair": 121.6,
            "eps_avg_yearly": 3.47,
            "eps_latest_yearly": 2,
            "eps_growth_yearly": 31.35
        },
        "20142": {
            "year_quarter": 20142,
            "year": 2014,
            "quarter": 2,
            "eps": 0.24,
            "eps_growth_year": -66.67,
            "eps_4q": 1.17,
            "eps_4q_growth_year": null,
            "roe": 1.7,
            "roe_4q": 9.799999999999999,
            "gross_profit": 181265,
            "gross_margin": 9.88,
            "gross_margin_4q_avg": 11.5,
            "net_income": 67606,
            "revenue": 1834466,
            "common_shares": 2765450,
            "book_valuer_per_share": 16.12,
            "book_valuer_per_share_4q_avg": 14.84,
            "equity": 4458140,
            "current_ratio": 124.6,
            "debt_ratio": 38.26,
            "inventory_turnover_ratio": 2.45,
            "account_receivable_turnover_ratio": 2.95,
            "reinvestment_rate": null,
            "research_to_sale_ratio": 1.01,
            "price_fair": 7.9,
            "eps_avg_yearly": 2.63,
            "eps_latest_yearly": 0.96,
            "eps_growth_yearly": -82.83
        },
        "20143": {
            "year_quarter": 20143,
            "year": 2014,
            "quarter": 3,
            "eps": -0.04,
            "eps_growth_year": -113.79,
            "eps_4q": 0.9,
            "eps_4q_growth_year": null,
            "roe": -0.26,
            "roe_4q": 7.359999999999999,
            "gross_profit": 8992,
            "gross_margin": 0.7,
            "gross_margin_4q_avg": 8.85,
            "net_income": -11547,
            "revenue": 1289644,
            "common_shares": 2765450,
            "book_valuer_per_share": 16.11,
            "book_valuer_per_share_4q_avg": 15.47,
            "equity": 4455337,
            "current_ratio": 123.11,
            "debt_ratio": 40.74,
            "inventory_turnover_ratio": 2.19,
            "account_receivable_turnover_ratio": 1.62,
            "reinvestment_rate": null,
            "research_to_sale_ratio": 1.44,
            "price_fair": 5.48,
            "eps_avg_yearly": 1.83,
            "eps_latest_yearly": 0.96,
            "eps_growth_yearly": -102.88
        },
        "20144": {
            "year_quarter": 20144,
            "year": 2014,
            "quarter": 4,
            "eps": 0.02,
            "eps_growth_year": -95.53,
            "eps_4q": 0.63,
            "eps_4q_growth_year": -33.03,
            "roe": 0.09,
            "roe_4q": 4.89,
            "gross_profit": 47617,
            "gross_margin": 2.5,
            "gross_margin_4q_avg": 6.74,
            "net_income": 4238,
            "revenue": 1907833,
            "common_shares": 2765450,
            "book_valuer_per_share": 16.18,
            "book_valuer_per_share_4q_avg": 15.87,
            "equity": 4474025,
            "current_ratio": 128.12,
            "debt_ratio": 37.64,
            "inventory_turnover_ratio": 3.07,
            "account_receivable_turnover_ratio": 2.9,
            "reinvestment_rate": null,
            "research_to_sale_ratio": 0.94,
            "price_fair": 4.25,
            "eps_avg_yearly": 1.42,
            "eps_latest_yearly": 0.96,
            "eps_growth_yearly": -84.95
        },
        "20151": {
            "year_quarter": 20151,
            "year": 2015,
            "quarter": 1,
            "eps": 0.1,
            "eps_growth_year": -80,
            "eps_4q": 0.31,
            "eps_4q_growth_year": -82.01,
            "roe": 0.6,
            "roe_4q": 2.13,
            "gross_profit": 68511,
            "gross_margin": 4.52,
            "gross_margin_4q_avg": 4.4,
            "net_income": 26742,
            "revenue": 1516052,
            "common_shares": 2765450,
            "book_valuer_per_share": 16.22,
            "book_valuer_per_share_4q_avg": 16.16,
            "equity": 4485255,
            "current_ratio": 134.07,
            "debt_ratio": 38.66,
            "inventory_turnover_ratio": 2.15,
            "account_receivable_turnover_ratio": 3.68,
            "reinvestment_rate": null,
            "research_to_sale_ratio": 1.15,
            "price_fair": 41.16,
            "eps_avg_yearly": 1.18,
            "eps_latest_yearly": 0.4,
            "eps_growth_yearly": 282.06
        },
        "20152": {
            "year_quarter": 20152,
            "year": 2015,
            "quarter": 2,
            "eps": -0.11,
            "eps_growth_year": -145.83,
            "eps_4q": -0.04,
            "eps_4q_growth_year": -103.63,
            "roe": -0.69,
            "roe_4q": -0.26,
            "gross_profit": 64411,
            "gross_margin": 4.09,
            "gross_margin_4q_avg": 2.95,
            "net_income": -32832,
            "revenue": 1576386,
            "common_shares": 3165450,
            "book_valuer_per_share": 15.78,
            "book_valuer_per_share_4q_avg": 16.07,
            "equity": 4993802,
            "current_ratio": 154.52,
            "debt_ratio": 35.04,
            "inventory_turnover_ratio": 2.04,
            "account_receivable_turnover_ratio": 3.87,
            "reinvestment_rate": null,
            "research_to_sale_ratio": 1.18,
            "price_fair": 41.16,
            "eps_avg_yearly": 1.18,
            "eps_latest_yearly": 0.4,
            "eps_growth_yearly": 282.06
        },
        "20153": {
            "year_quarter": 20153,
            "year": 2015,
            "quarter": 3,
            "eps": 0.41,
            "eps_growth_year": null,
            "eps_4q": 0.4,
            "eps_4q_growth_year": -55.37,
            "roe": 2.55,
            "roe_4q": 2.55,
            "gross_profit": 164731,
            "gross_margin": 7.75,
            "gross_margin_4q_avg": 4.72,
            "net_income": 129616,
            "revenue": 2126572,
            "common_shares": 3165450,
            "book_valuer_per_share": 16.3,
            "book_valuer_per_share_4q_avg": 16.12,
            "equity": 5160400,
            "current_ratio": 151.85,
            "debt_ratio": 32.64,
            "inventory_turnover_ratio": 2.81,
            "account_receivable_turnover_ratio": 3.54,
            "reinvestment_rate": null,
            "research_to_sale_ratio": 0.92,
            "price_fair": 41.16,
            "eps_avg_yearly": 1.18,
            "eps_latest_yearly": 0.4,
            "eps_growth_yearly": 282.06
        },
        "20154": {
            "year_quarter": 20154,
            "year": 2015,
            "quarter": 4,
            "eps": 0.66,
            "eps_growth_year": 4223.47,
            "eps_4q": 1.05,
            "eps_4q_growth_year": 66.2,
            "roe": 4,
            "roe_4q": 6.459999999999999,
            "gross_profit": 330550,
            "gross_margin": 12.68,
            "gross_margin_4q_avg": 7.26,
            "net_income": 209734,
            "revenue": 2606328,
            "common_shares": 3165450,
            "book_valuer_per_share": 16.86,
            "book_valuer_per_share_4q_avg": 16.29,
            "equity": 5335459,
            "current_ratio": 151.37,
            "debt_ratio": 33.24,
            "inventory_turnover_ratio": 3.61,
            "account_receivable_turnover_ratio": 2.93,
            "reinvestment_rate": null,
            "research_to_sale_ratio": 0.99,
            "price_fair": 49.7,
            "eps_avg_yearly": 1.42,
            "eps_latest_yearly": 2.64,
            "eps_growth_yearly": 275.7
        },
        "20161": {
            "year_quarter": 20161,
            "year": 2016,
            "quarter": 1,
            "eps": 0.59,
            "eps_growth_year": 490,
            "eps_4q": 1.56,
            "eps_4q_growth_year": 395.65,
            "roe": 3.46,
            "roe_4q": 9.32,
            "gross_profit": 301812,
            "gross_margin": 14.18,
            "gross_margin_4q_avg": 9.68,
            "net_income": 187288,
            "revenue": 2128939,
            "common_shares": 3165450,
            "book_valuer_per_share": 17.3,
            "book_valuer_per_share_4q_avg": 16.56,
            "equity": 5477716,
            "current_ratio": 155.49,
            "debt_ratio": 32.39,
            "inventory_turnover_ratio": 2.78,
            "account_receivable_turnover_ratio": 2.08,
            "reinvestment_rate": null,
            "research_to_sale_ratio": 1.1,
            "price_fair": 54.4,
            "eps_avg_yearly": 1.55,
            "eps_latest_yearly": 2.36,
            "eps_growth_yearly": 230.26
        },
        "20162": {
            "year_quarter": 20162,
            "year": 2016,
            "quarter": 2,
            "eps": 0.28,
            "eps_growth_year": null,
            "eps_4q": 1.76,
            "eps_4q_growth_year": null,
            "roe": 1.76,
            "roe_4q": 11.77,
            "gross_profit": 239971,
            "gross_margin": 9.39,
            "gross_margin_4q_avg": 11,
            "net_income": 101102,
            "revenue": 2556905,
            "common_shares": 3565450,
            "book_valuer_per_share": 16.93,
            "book_valuer_per_share_4q_avg": 16.85,
            "equity": 6035624,
            "current_ratio": 205.82,
            "debt_ratio": 29.73,
            "inventory_turnover_ratio": 3.13,
            "account_receivable_turnover_ratio": 2.29,
            "reinvestment_rate": null,
            "research_to_sale_ratio": 0.78,
            "price_fair": 52.5,
            "eps_avg_yearly": 1.5,
            "eps_latest_yearly": 1.12,
            "eps_growth_yearly": 175.2
        },
        "20163": {
            "year_quarter": 20163,
            "year": 2016,
            "quarter": 3,
            "eps": -1.09,
            "eps_growth_year": -365.85,
            "eps_4q": 0.31,
            "eps_4q_growth_year": -23.09,
            "roe": -6.68,
            "roe_4q": 2.54,
            "gross_profit": -334837,
            "gross_margin": -27.18,
            "gross_margin_4q_avg": 2.27,
            "net_income": -387440,
            "revenue": 1231937,
            "common_shares": 3565450,
            "book_valuer_per_share": 15.58,
            "book_valuer_per_share_4q_avg": 16.67,
            "equity": 5556053,
            "current_ratio": 226.72,
            "debt_ratio": 24.81,
            "inventory_turnover_ratio": 3.2,
            "account_receivable_turnover_ratio": 1.19,
            "reinvestment_rate": null,
            "research_to_sale_ratio": 1.41,
            "price_fair": 52.5,
            "eps_avg_yearly": 1.5,
            "eps_latest_yearly": 1.12,
            "eps_growth_yearly": 175.2
        },
        "20164": {
            "year_quarter": 20164,
            "year": 2016,
            "quarter": 4,
            "eps": -0.55,
            "eps_growth_year": -182.5,
            "eps_4q": -0.82,
            "eps_4q_growth_year": -178.31,
            "roe": -3.59,
            "roe_4q": -5.05,
            "gross_profit": -81148,
            "gross_margin": -5.69,
            "gross_margin_4q_avg": -2.33,
            "net_income": -194903,
            "revenue": 1425310,
            "common_shares": 3565450,
            "book_valuer_per_share": 14.89,
            "book_valuer_per_share_4q_avg": 16.18,
            "equity": 5308181,
            "current_ratio": 170.84,
            "debt_ratio": 30.53,
            "inventory_turnover_ratio": 5.7,
            "account_receivable_turnover_ratio": 1.64,
            "reinvestment_rate": -198.16,
            "research_to_sale_ratio": 1.85,
            "price_fair": 52.5,
            "eps_avg_yearly": 1.5,
            "eps_latest_yearly": 1.12,
            "eps_growth_yearly": 175.2
        },
        "20171": {
            "year_quarter": 20171,
            "year": 2017,
            "quarter": 1,
            "eps": -0.77,
            "eps_growth_year": -230.51,
            "eps_4q": -2.12,
            "eps_4q_growth_year": -236.07,
            "roe": -5.4,
            "roe_4q": -13.91,
            "gross_profit": -164757,
            "gross_margin": -13.66,
            "gross_margin_4q_avg": -9.29,
            "net_income": -275579,
            "revenue": 1205809,
            "common_shares": 3565450,
            "book_valuer_per_share": 13.75,
            "book_valuer_per_share_4q_avg": 15.29,
            "equity": 4903121,
            "current_ratio": 151.39,
            "debt_ratio": 32.18,
            "inventory_turnover_ratio": 4.23,
            "account_receivable_turnover_ratio": 1.5,
            "reinvestment_rate": 40.04,
            "research_to_sale_ratio": 1.46,
            "price_fair": 52.5,
            "eps_avg_yearly": 1.5,
            "eps_latest_yearly": 1.12,
            "eps_growth_yearly": 175.2
        },
        "20172": {
            "year_quarter": 20172,
            "year": 2017,
            "quarter": 2,
            "eps": -1.13,
            "eps_growth_year": -503.57,
            "eps_4q": -3.53,
            "eps_4q_growth_year": -300.76,
            "roe": -8.52,
            "roe_4q": -24.189999999999998,
            "gross_profit": -32526,
            "gross_margin": -2.5,
            "gross_margin_4q_avg": -12.26,
            "net_income": -402331,
            "revenue": 1302586,
            "common_shares": 3565450,
            "book_valuer_per_share": 12.72,
            "book_valuer_per_share_4q_avg": 14.24,
            "equity": 4536927,
            "current_ratio": 125.21,
            "debt_ratio": 38.75,
            "inventory_turnover_ratio": 4.13,
            "account_receivable_turnover_ratio": 1.65,
            "reinvestment_rate": null,
            "research_to_sale_ratio": 1.25,
            "price_fair": 52.5,
            "eps_avg_yearly": 1.5,
            "eps_latest_yearly": 1.12,
            "eps_growth_yearly": 175.2
        },
        "20173": {
            "year_quarter": 20173,
            "year": 2017,
            "quarter": 3,
            "eps": -0.05,
            "eps_growth_year": null,
            "eps_4q": -2.5,
            "eps_4q_growth_year": -903.79,
            "roe": -0.37,
            "roe_4q": -17.88,
            "gross_profit": 21294,
            "gross_margin": 1.36,
            "gross_margin_4q_avg": -5.12,
            "net_income": -16850,
            "revenue": 1570093,
            "common_shares": 3565450,
            "book_valuer_per_share": 12.69,
            "book_valuer_per_share_4q_avg": 13.51,
            "equity": 4526303,
            "current_ratio": 154.09,
            "debt_ratio": 37.83,
            "inventory_turnover_ratio": 4.32,
            "account_receivable_turnover_ratio": 1.77,
            "reinvestment_rate": null,
            "research_to_sale_ratio": 0.96,
            "price_fair": 54.2,
            "eps_avg_yearly": 1.55,
            "eps_latest_yearly": 1.12,
            "eps_growth_yearly": 234.36
        },
        "20174": {
            "year_quarter": 20174,
            "year": 2017,
            "quarter": 4,
            "eps": -0.72,
            "eps_growth_year": null,
            "eps_4q": -2.67,
            "eps_4q_growth_year": null,
            "roe": -5.86,
            "roe_4q": -20.15,
            "gross_profit": 111,
            "gross_margin": 0.01,
            "gross_margin_4q_avg": -3.7,
            "net_income": -257089,
            "revenue": 1887856,
            "common_shares": 3565450,
            "book_valuer_per_share": 11.93,
            "book_valuer_per_share_4q_avg": 12.77,
            "equity": 4254213,
            "current_ratio": 148.51,
            "debt_ratio": 41.82,
            "inventory_turnover_ratio": 4.69,
            "account_receivable_turnover_ratio": 1.83,
            "reinvestment_rate": null,
            "research_to_sale_ratio": 0.89,
            "price_fair": 55.3,
            "eps_avg_yearly": 1.58,
            "eps_latest_yearly": 1.12,
            "eps_growth_yearly": 261.92
        },
        "20181": {
            "year_quarter": 20181,
            "year": 2018,
            "quarter": 1,
            "eps": -0.64,
            "eps_growth_year": null,
            "eps_4q": -2.54,
            "eps_4q_growth_year": null,
            "roe": -5.53,
            "roe_4q": -20.28,
            "gross_profit": -209262,
            "gross_margin": -26.78,
            "gross_margin_4q_avg": -6.98,
            "net_income": -229416,
            "revenue": 781398,
            "common_shares": 3565450,
            "book_valuer_per_share": 11.33,
            "book_valuer_per_share_4q_avg": 12.17,
            "equity": 4038007,
            "current_ratio": 128.92,
            "debt_ratio": 43.24,
            "inventory_turnover_ratio": 2.48,
            "account_receivable_turnover_ratio": 0.8,
            "reinvestment_rate": null,
            "research_to_sale_ratio": 1.96,
            "price_fair": 52.36,
            "eps_avg_yearly": 1.5,
            "eps_latest_yearly": 1.12,
            "eps_growth_yearly": 276.66
        },
        "20182": {
            "year_quarter": 20182,
            "year": 2018,
            "quarter": 2,
            "eps": -1.21,
            "eps_growth_year": null,
            "eps_4q": -2.62,
            "eps_4q_growth_year": null,
            "roe": -11.23,
            "roe_4q": -22.990000000000002,
            "gross_profit": -227384,
            "gross_margin": -24.08,
            "gross_margin_4q_avg": -12.37,
            "net_income": -430392,
            "revenue": 944366,
            "common_shares": 3565450,
            "book_valuer_per_share": 10.18,
            "book_valuer_per_share_4q_avg": 11.53,
            "equity": 3629687,
            "current_ratio": 112.78,
            "debt_ratio": 43.62,
            "inventory_turnover_ratio": 3.59,
            "account_receivable_turnover_ratio": 1.46,
            "reinvestment_rate": null,
            "research_to_sale_ratio": 1.49,
            "price_fair": 57.05,
            "eps_avg_yearly": 1.63,
            "eps_latest_yearly": 1.12,
            "eps_growth_yearly": 397.83
        },
        "20183": {
            "year_quarter": 20183,
            "year": 2018,
            "quarter": 3,
            "eps": -1.48,
            "eps_growth_year": null,
            "eps_4q": -4.05,
            "eps_4q_growth_year": null,
            "roe": -15.81,
            "roe_4q": -38.43,
            "gross_profit": -229645,
            "gross_margin": -51.45,
            "gross_margin_4q_avg": -25.58,
            "net_income": -528510,
            "revenue": 446337,
            "common_shares": 3565450,
            "book_valuer_per_share": 8.57,
            "book_valuer_per_share_4q_avg": 10.5,
            "equity": 3054772,
            "current_ratio": 110.22,
            "debt_ratio": 48.94,
            "inventory_turnover_ratio": 2.66,
            "account_receivable_turnover_ratio": 0.88,
            "reinvestment_rate": null,
            "research_to_sale_ratio": 2.26,
            "price_fair": 57.05,
            "eps_avg_yearly": 1.63,
            "eps_latest_yearly": 1.12,
            "eps_growth_yearly": 397.83
        },
        "20184": {
            "year_quarter": 20184,
            "year": 2018,
            "quarter": 4,
            "eps": -1.84,
            "eps_growth_year": null,
            "eps_4q": -5.17,
            "eps_4q_growth_year": null,
            "roe": -24.37,
            "roe_4q": -56.94,
            "gross_profit": -135533,
            "gross_margin": -24.42,
            "gross_margin_4q_avg": -31.68,
            "net_income": -655868,
            "revenue": 554996,
            "common_shares": 3565450,
            "book_valuer_per_share": 6.53,
            "book_valuer_per_share_4q_avg": 9.15,
            "equity": 2326797,
            "current_ratio": 110.84,
            "debt_ratio": 53.87,
            "inventory_turnover_ratio": 3.21,
            "account_receivable_turnover_ratio": 1.06,
            "reinvestment_rate": null,
            "research_to_sale_ratio": 1.43,
            "price_fair": 57.05,
            "eps_avg_yearly": 1.63,
            "eps_latest_yearly": 1.12,
            "eps_growth_yearly": 397.83
        },
        "20191": {
            "year_quarter": 20191,
            "year": 2019,
            "quarter": 1,
            "eps": -0.15,
            "eps_growth_year": null,
            "eps_4q": -4.68,
            "eps_4q_growth_year": null,
            "roe": -2.37,
            "roe_4q": -53.78,
            "gross_profit": -24008,
            "gross_margin": -4.69,
            "gross_margin_4q_avg": -26.16,
            "net_income": -54840,
            "revenue": 511638,
            "common_shares": 3565450,
            "book_valuer_per_share": 6.48,
            "book_valuer_per_share_4q_avg": 7.94,
            "equity": 2310597,
            "current_ratio": 120.57,
            "debt_ratio": 54.66,
            "inventory_turnover_ratio": 4.17,
            "account_receivable_turnover_ratio": 1.02,
            "reinvestment_rate": null,
            "research_to_sale_ratio": 0.76,
            "price_fair": 6.12,
            "eps_avg_yearly": 2.04,
            "eps_latest_yearly": 1.12,
            "eps_growth_yearly": -2.9
        },
        "20192": {
            "year_quarter": 20192,
            "year": 2019,
            "quarter": 2,
            "eps": -0.09,
            "eps_growth_year": null,
            "eps_4q": -3.56,
            "eps_4q_growth_year": null,
            "roe": -1.37,
            "roe_4q": -43.92,
            "gross_profit": 21395,
            "gross_margin": 3.27,
            "gross_margin_4q_avg": -19.32,
            "net_income": -31263,
            "revenue": 654941,
            "common_shares": 3565450,
            "book_valuer_per_share": 6.3,
            "book_valuer_per_share_4q_avg": 6.97,
            "equity": 2246960,
            "current_ratio": 120.48,
            "debt_ratio": 52.1,
            "inventory_turnover_ratio": 6.44,
            "account_receivable_turnover_ratio": 1.49,
            "reinvestment_rate": null,
            "research_to_sale_ratio": 0.65,
            "price_fair": 6.12,
            "eps_avg_yearly": 2.04,
            "eps_latest_yearly": 1.12,
            "eps_growth_yearly": -2.9
        },
        "20193": {
            "year_quarter": 20193,
            "year": 2019,
            "quarter": 3,
            "eps": -0.01,
            "eps_growth_year": null,
            "eps_4q": -2.09,
            "eps_4q_growth_year": null,
            "roe": -0.1,
            "roe_4q": -28.21,
            "gross_profit": 28861,
            "gross_margin": 4.6,
            "gross_margin_4q_avg": -5.31,
            "net_income": -2302,
            "revenue": 628084,
            "common_shares": 3565450,
            "book_valuer_per_share": 6.21,
            "book_valuer_per_share_4q_avg": 6.38,
            "equity": 2214103,
            "current_ratio": 129.67,
            "debt_ratio": 52.05,
            "inventory_turnover_ratio": 5.9,
            "account_receivable_turnover_ratio": 1.7,
            "reinvestment_rate": null,
            "research_to_sale_ratio": 0.71,
            "price_fair": 6.12,
            "eps_avg_yearly": 2.04,
            "eps_latest_yearly": 1.12,
            "eps_growth_yearly": -2.9
        },
        "20194": {
            "year_quarter": 20194,
            "year": 2019,
            "quarter": 4,
            "eps": -1.98,
            "eps_growth_year": null,
            "eps_4q": -2.42,
            "eps_4q_growth_year": null,
            "roe": -19.72,
            "roe_4q": -23.560000000000002,
            "gross_profit": -145863,
            "gross_margin": -27.31,
            "gross_margin_4q_avg": -6.03,
            "net_income": -395598,
            "revenue": 534150,
            "common_shares": 2000000,
            "book_valuer_per_share": 8.99,
            "book_valuer_per_share_4q_avg": 7,
            "equity": 1798672,
            "current_ratio": 94.82,
            "debt_ratio": 56.87,
            "inventory_turnover_ratio": 7.28,
            "account_receivable_turnover_ratio": 1.97,
            "reinvestment_rate": null,
            "research_to_sale_ratio": 1.3,
            "price_fair": 5.22,
            "eps_avg_yearly": 1.74,
            "eps_latest_yearly": 1.12,
            "eps_growth_yearly": -126.3
        },
        "20201": {
            "year_quarter": 20201,
            "year": 2020,
            "quarter": 1,
            "eps": -0.04,
            "eps_growth_year": null,
            "eps_4q": -2.18,
            "eps_4q_growth_year": null,
            "roe": -0.4,
            "roe_4q": -21.59,
            "gross_profit": 42796,
            "gross_margin": 8.52,
            "gross_margin_4q_avg": -2.73,
            "net_income": -7219,
            "revenue": 502210,
            "common_shares": 2000000,
            "book_valuer_per_share": 8.88,
            "book_valuer_per_share_4q_avg": 7.6,
            "equity": 1776088,
            "current_ratio": 99.49,
            "debt_ratio": 56.69,
            "inventory_turnover_ratio": 4.19,
            "account_receivable_turnover_ratio": 3.53,
            "reinvestment_rate": null,
            "research_to_sale_ratio": 1.89,
            "price_fair": 3.36,
            "eps_avg_yearly": 1.12,
            "eps_latest_yearly": 1.12,
            "eps_growth_yearly": -210.17
        },
        "20202": {
            "year_quarter": 20202,
            "year": 2020,
            "quarter": 2,
            "eps": 0.3,
            "eps_growth_year": null,
            "eps_4q": -1.73,
            "eps_4q_growth_year": null,
            "roe": 3.31,
            "roe_4q": -16.91,
            "gross_profit": 156311,
            "gross_margin": 27.62,
            "gross_margin_4q_avg": 3.36,
            "net_income": 59566,
            "revenue": 565884,
            "common_shares": 2000000,
            "book_valuer_per_share": 9.09,
            "book_valuer_per_share_4q_avg": 8.29,
            "equity": 1821741,
            "current_ratio": 115,
            "debt_ratio": 47.95,
            "inventory_turnover_ratio": 3.61,
            "account_receivable_turnover_ratio": 12.91,
            "reinvestment_rate": null,
            "research_to_sale_ratio": 1.69,
            "price_fair": 0,
            "eps_avg_yearly": 0,
            "eps_latest_yearly": 0,
            "eps_growth_yearly": 0
        },
        "20203": {
            "year_quarter": 20203,
            "year": 2020,
            "quarter": 3,
            "eps": -0.1,
            "eps_growth_year": null,
            "eps_4q": -1.81,
            "eps_4q_growth_year": null,
            "roe": -1.24,
            "roe_4q": -18.049999999999997,
            "gross_profit": 22168,
            "gross_margin": 4.12,
            "gross_margin_4q_avg": 3.24,
            "net_income": -22371,
            "revenue": 537463,
            "common_shares": 2000000,
            "book_valuer_per_share": 9,
            "book_valuer_per_share_4q_avg": 8.99,
            "equity": 1800873,
            "current_ratio": 117.15,
            "debt_ratio": 49.4,
            "inventory_turnover_ratio": 4.19,
            "account_receivable_turnover_ratio": 28.5,
            "reinvestment_rate": null,
            "research_to_sale_ratio": 2.13,
            "price_fair": 0,
            "eps_avg_yearly": 0,
            "eps_latest_yearly": 0,
            "eps_growth_yearly": 0
        },
        "20204": {
            "year_quarter": 20204,
            "year": 2020,
            "quarter": 4,
            "eps": -0.15,
            "eps_growth_year": null,
            "eps_4q": 0.01,
            "eps_4q_growth_year": null,
            "roe": -1.97,
            "roe_4q": -0.29999999999999993,
            "gross_profit": 4209,
            "gross_margin": 0.72,
            "gross_margin_4q_avg": 10.25,
            "net_income": -35316,
            "revenue": 588040,
            "common_shares": 2000000,
            "book_valuer_per_share": 8.88,
            "book_valuer_per_share_4q_avg": 8.96,
            "equity": 1778281,
            "current_ratio": 91.99,
            "debt_ratio": 54.9,
            "inventory_turnover_ratio": 3.41,
            "account_receivable_turnover_ratio": 11.54,
            "reinvestment_rate": null,
            "research_to_sale_ratio": 1.47,
            "price_fair": 0,
            "eps_avg_yearly": 0,
            "eps_latest_yearly": 0,
            "eps_growth_yearly": 0
        },
        "20211": {
            "year_quarter": 20211,
            "year": 2021,
            "quarter": 1,
            "eps": -0.53,
            "eps_growth_year": null,
            "eps_4q": -0.48,
            "eps_4q_growth_year": null,
            "roe": -6.58,
            "roe_4q": -6.48,
            "gross_profit": -42553,
            "gross_margin": -10.28,
            "gross_margin_4q_avg": 5.55,
            "net_income": -113356,
            "revenue": 413795,
            "common_shares": 2000000,
            "book_valuer_per_share": 8.35,
            "book_valuer_per_share_4q_avg": 8.83,
            "equity": 1665388,
            "current_ratio": 93.06,
            "debt_ratio": 60.68,
            "inventory_turnover_ratio": 2.2,
            "account_receivable_turnover_ratio": 8.91,
            "reinvestment_rate": null,
            "research_to_sale_ratio": 2.4,
            "price_fair": 0,
            "eps_avg_yearly": 0,
            "eps_latest_yearly": 0,
            "eps_growth_yearly": 0
        },
        "20212": {
            "year_quarter": 20212,
            "year": 2021,
            "quarter": 2,
            "eps": -0.81,
            "eps_growth_year": -370,
            "eps_4q": -1.59,
            "eps_4q_growth_year": null,
            "roe": -11.18,
            "roe_4q": -20.969999999999995,
            "gross_profit": -65571,
            "gross_margin": -12.75,
            "gross_margin_4q_avg": -4.55,
            "net_income": -187914,
            "revenue": 514177,
            "common_shares": 2000000,
            "book_valuer_per_share": 7.76,
            "book_valuer_per_share_4q_avg": 8.5,
            "equity": 1696842,
            "current_ratio": 120.21,
            "debt_ratio": 59.54,
            "inventory_turnover_ratio": 2.98,
            "account_receivable_turnover_ratio": 93.05,
            "reinvestment_rate": null,
            "research_to_sale_ratio": 7.65,
            "price_fair": 0,
            "eps_avg_yearly": 0,
            "eps_latest_yearly": 0,
            "eps_growth_yearly": 0
        },
        "20213": {
            "year_quarter": 20213,
            "year": 2021,
            "quarter": 3,
            "eps": -0.68,
            "eps_growth_year": null,
            "eps_4q": -1.82,
            "eps_4q_growth_year": null,
            "roe": -8.31,
            "roe_4q": -28.04,
            "gross_profit": -72203,
            "gross_margin": -26.4,
            "gross_margin_4q_avg": -12.18,
            "net_income": -151586,
            "revenue": 273458,
            "common_shares": 2000000,
            "book_valuer_per_share": 8.09,
            "book_valuer_per_share_4q_avg": 8.27,
            "equity": 1950750,
            "current_ratio": 140.76,
            "debt_ratio": 56.41,
            "inventory_turnover_ratio": 1.67,
            "account_receivable_turnover_ratio": 15.6,
            "reinvestment_rate": null,
            "research_to_sale_ratio": 4.52,
            "price_fair": 0,
            "eps_avg_yearly": 0,
            "eps_latest_yearly": 0,
            "eps_growth_yearly": 0
        },
        "20214": {
            "year_quarter": 20214,
            "year": 2021,
            "quarter": 4,
            "eps": -2.03,
            "eps_growth_year": null,
            "eps_4q": -3.83,
            "eps_4q_growth_year": -26100.86,
            "roe": -25.21,
            "roe_4q": -51.28,
            "gross_profit": -54749,
            "gross_margin": -14.33,
            "gross_margin_4q_avg": -15.94,
            "net_income": -473701,
            "revenue": 382128,
            "common_shares": 2250000,
            "book_valuer_per_share": 7.53,
            "book_valuer_per_share_4q_avg": 7.93,
            "equity": 1806751,
            "current_ratio": 118.68,
            "debt_ratio": 55.18,
            "inventory_turnover_ratio": 1.45,
            "account_receivable_turnover_ratio": 7.45,
            "reinvestment_rate": null,
            "research_to_sale_ratio": 3.77,
            "price_fair": 0,
            "eps_avg_yearly": 0,
            "eps_latest_yearly": 0,
            "eps_growth_yearly": 0
        },
        "20221": {
            "year_quarter": 20221,
            "year": 2022,
            "quarter": 1,
            "eps": -0.3,
            "eps_growth_year": null,
            "eps_4q": -3.66,
            "eps_4q_growth_year": null,
            "roe": -4.88,
            "roe_4q": -49.58,
            "gross_profit": -25283,
            "gross_margin": -7.78,
            "gross_margin_4q_avg": -15.32,
            "net_income": -85835,
            "revenue": 325046,
            "common_shares": 2250000,
            "book_valuer_per_share": 7.27,
            "book_valuer_per_share_4q_avg": 7.66,
            "equity": 1713247,
            "current_ratio": 116.59,
            "debt_ratio": 56.85,
            "inventory_turnover_ratio": 0.96,
            "account_receivable_turnover_ratio": 7.63,
            "reinvestment_rate": null,
            "research_to_sale_ratio": 6.01,
            "price_fair": 0,
            "eps_avg_yearly": 0,
            "eps_latest_yearly": 0,
            "eps_growth_yearly": 0
        },
        "20222": {
            "year_quarter": 20222,
            "year": 2022,
            "quarter": 2,
            "eps": -0.09,
            "eps_growth_year": null,
            "eps_4q": -3.03,
            "eps_4q_growth_year": null,
            "roe": -2.59,
            "roe_4q": -40.99,
            "gross_profit": 39957,
            "gross_margin": 7.02,
            "gross_margin_4q_avg": -10.37,
            "net_income": -44048,
            "revenue": 569212,
            "common_shares": 2250000,
            "book_valuer_per_share": 7.22,
            "book_valuer_per_share_4q_avg": 7.53,
            "equity": 1686639,
            "current_ratio": 114.23,
            "debt_ratio": 55.21,
            "inventory_turnover_ratio": 1.38,
            "account_receivable_turnover_ratio": 34.09,
            "reinvestment_rate": null,
            "research_to_sale_ratio": 7.01,
            "price_fair": 0,
            "eps_avg_yearly": 0,
            "eps_latest_yearly": 0,
            "eps_growth_yearly": 0
        },
        "20223": {
            "year_quarter": 20223,
            "year": 2022,
            "quarter": 3,
            "eps": 0.11,
            "eps_growth_year": null,
            "eps_4q": -2.31,
            "eps_4q_growth_year": null,
            "roe": -0.24,
            "roe_4q": -32.92,
            "gross_profit": 74777,
            "gross_margin": 12.25,
            "gross_margin_4q_avg": -0.71,
            "net_income": -4945,
            "revenue": 610427,
            "common_shares": 2250000,
            "book_valuer_per_share": 8.87,
            "book_valuer_per_share_4q_avg": 7.72,
            "equity": 2405383,
            "current_ratio": 155.64,
            "debt_ratio": 43.55,
            "inventory_turnover_ratio": 1.4,
            "account_receivable_turnover_ratio": 50.34,
            "reinvestment_rate": null,
            "research_to_sale_ratio": 5.3,
            "price_fair": 0,
            "eps_avg_yearly": 0,
            "eps_latest_yearly": 0,
            "eps_growth_yearly": 0
        },
        "20224": {
            "year_quarter": 20224,
            "year": 2022,
            "quarter": 4,
            "eps": 0.77,
            "eps_growth_year": null,
            "eps_4q": 0.49,
            "eps_4q_growth_year": null,
            "roe": 3.99,
            "roe_4q": -3.7199999999999998,
            "gross_profit": 70408,
            "gross_margin": 9.82,
            "gross_margin_4q_avg": 5.33,
            "net_income": 98093,
            "revenue": 716751,
            "common_shares": 2250000,
            "book_valuer_per_share": 9.66,
            "book_valuer_per_share_4q_avg": 8.26,
            "equity": 2507212,
            "current_ratio": 269.68,
            "debt_ratio": 26.33,
            "inventory_turnover_ratio": 1.64,
            "account_receivable_turnover_ratio": 174.71,
            "reinvestment_rate": null,
            "research_to_sale_ratio": 9.09,
            "price_fair": 107.8,
            "eps_avg_yearly": 3.08,
            "eps_latest_yearly": 3.08,
            "eps_growth_yearly": 2400
        },
        "20231": {
            "year_quarter": 20231,
            "year": 2023,
            "quarter": 1,
            "eps": 0.21,
            "eps_growth_year": null,
            "eps_4q": 1,
            "eps_4q_growth_year": null,
            "roe": 0.65,
            "roe_4q": 1.8100000000000005,
            "gross_profit": 90991,
            "gross_margin": 14.45,
            "gross_margin_4q_avg": 10.89,
            "net_income": 16427,
            "revenue": 629781,
            "common_shares": 2250000,
            "book_valuer_per_share": 9.87,
            "book_valuer_per_share_4q_avg": 8.91,
            "equity": 2524287,
            "current_ratio": 305.08,
            "debt_ratio": 24.08,
            "inventory_turnover_ratio": 1.45,
            "account_receivable_turnover_ratio": 115.92,
            "reinvestment_rate": null,
            "research_to_sale_ratio": 7.08,
            "price_fair": 68.6,
            "eps_avg_yearly": 1.96,
            "eps_latest_yearly": 0.84,
            "eps_growth_yearly": 1054.55
        }
    },
    "months": {
        "2010-03": {
            "month": "2010-03",
            "price": "33.53",
            "revenue": 224202
        },
        "2010-04": {
            "month": "2010-04",
            "price": "34.00",
            "revenue": 275613
        },
        "2010-05": {
            "month": "2010-05",
            "price": "34.13",
            "revenue": 332878
        },
        "2010-06": {
            "month": "2010-06",
            "price": "34.61",
            "revenue": 330563
        },
        "2010-07": {
            "month": "2010-07",
            "price": "36.47",
            "revenue": 643795
        },
        "2010-08": {
            "month": "2010-08",
            "price": "41.55",
            "revenue": 435425
        },
        "2010-09": {
            "month": "2010-09",
            "price": "49.17",
            "revenue": 448213
        },
        "2010-10": {
            "month": "2010-10",
            "price": "45.70",
            "revenue": 490888
        },
        "2010-11": {
            "month": "2010-11",
            "price": "43.04",
            "revenue": 584070
        },
        "2010-12": {
            "month": "2010-12",
            "price": "43.23",
            "revenue": 557840
        },
        "2011-01": {
            "month": "2011-01",
            "price": "43.88",
            "revenue": 470259
        },
        "2011-02": {
            "month": "2011-02",
            "price": "44.66",
            "revenue": 535027
        },
        "2011-03": {
            "month": "2011-03",
            "price": "46.58",
            "revenue": 529662
        },
        "2011-04": {
            "month": "2011-04",
            "price": "43.49",
            "revenue": 370397
        },
        "2011-05": {
            "month": "2011-05",
            "price": "32.83",
            "revenue": 239199
        },
        "2011-06": {
            "month": "2011-06",
            "price": "32.95",
            "revenue": 186720
        },
        "2011-07": {
            "month": "2011-07",
            "price": "31.22",
            "revenue": 327331
        },
        "2011-08": {
            "month": "2011-08",
            "price": "18.67",
            "revenue": 369009
        },
        "2011-09": {
            "month": "2011-09",
            "price": "16.94",
            "revenue": 390974
        },
        "2011-10": {
            "month": "2011-10",
            "price": "17.03",
            "revenue": 218695
        },
        "2011-11": {
            "month": "2011-11",
            "price": "13.21",
            "revenue": 225052
        },
        "2011-12": {
            "month": "2011-12",
            "price": "11.15",
            "revenue": 133169
        },
        "2012-01": {
            "month": "2012-01",
            "price": "11.57",
            "revenue": 267275
        },
        "2012-02": {
            "month": "2012-02",
            "price": "16.15",
            "revenue": 353748
        },
        "2012-03": {
            "month": "2012-03",
            "price": "14.61",
            "revenue": 334015
        },
        "2012-04": {
            "month": "2012-04",
            "price": "11.25",
            "revenue": 351810
        },
        "2012-05": {
            "month": "2012-05",
            "price": "12.25",
            "revenue": 407426
        },
        "2012-06": {
            "month": "2012-06",
            "price": "14.67",
            "revenue": 333058
        },
        "2012-07": {
            "month": "2012-07",
            "price": "12.93",
            "revenue": 348673
        },
        "2012-08": {
            "month": "2012-08",
            "price": "11.62",
            "revenue": 368339
        },
        "2012-09": {
            "month": "2012-09",
            "price": "12.08",
            "revenue": 216764
        },
        "2012-10": {
            "month": "2012-10",
            "price": "10.17",
            "revenue": 185580
        },
        "2012-11": {
            "month": "2012-11",
            "price": "8.98",
            "revenue": 218315
        },
        "2012-12": {
            "month": "2012-12",
            "price": "9.85",
            "revenue": 175452
        },
        "2013-01": {
            "month": "2013-01",
            "price": "12.96",
            "revenue": 230516
        },
        "2013-02": {
            "month": "2013-02",
            "price": "13.39",
            "revenue": 306031
        },
        "2013-03": {
            "month": "2013-03",
            "price": "14.76",
            "revenue": 439961
        },
        "2013-04": {
            "month": "2013-04",
            "price": "14.37",
            "revenue": 427800
        },
        "2013-05": {
            "month": "2013-05",
            "price": "15.36",
            "revenue": 537349
        },
        "2013-06": {
            "month": "2013-06",
            "price": "13.96",
            "revenue": 495083
        },
        "2013-07": {
            "month": "2013-07",
            "price": "13.52",
            "revenue": 425927
        },
        "2013-08": {
            "month": "2013-08",
            "price": "14.43",
            "revenue": 371141
        },
        "2013-09": {
            "month": "2013-09",
            "price": "14.63",
            "revenue": 434843
        },
        "2013-10": {
            "month": "2013-10",
            "price": "18.66",
            "revenue": 489673
        },
        "2013-11": {
            "month": "2013-11",
            "price": "25.11",
            "revenue": 490435
        },
        "2013-12": {
            "month": "2013-12",
            "price": "28.08",
            "revenue": 499103
        },
        "2014-01": {
            "month": "2014-01",
            "price": "27.69",
            "revenue": 498631
        },
        "2014-02": {
            "month": "2014-02",
            "price": "24.95",
            "revenue": 525290
        },
        "2014-03": {
            "month": "2014-03",
            "price": "25.37",
            "revenue": 498064
        },
        "2014-04": {
            "month": "2014-04",
            "price": "23.59",
            "revenue": 677302
        },
        "2014-05": {
            "month": "2014-05",
            "price": "23.59",
            "revenue": 635946
        },
        "2014-06": {
            "month": "2014-06",
            "price": "25.98",
            "revenue": 521218
        },
        "2014-07": {
            "month": "2014-07",
            "price": "23.65",
            "revenue": 360743
        },
        "2014-08": {
            "month": "2014-08",
            "price": "19.33",
            "revenue": 388133
        },
        "2014-09": {
            "month": "2014-09",
            "price": "19.84",
            "revenue": 540769
        },
        "2014-10": {
            "month": "2014-10",
            "price": "18.35",
            "revenue": 502090
        },
        "2014-11": {
            "month": "2014-11",
            "price": "15.80",
            "revenue": 617242
        },
        "2014-12": {
            "month": "2014-12",
            "price": "16.88",
            "revenue": 785526
        },
        "2015-01": {
            "month": "2015-01",
            "price": "18.27",
            "revenue": 599431
        },
        "2015-02": {
            "month": "2015-02",
            "price": "18.19",
            "revenue": 475603
        },
        "2015-03": {
            "month": "2015-03",
            "price": "18.84",
            "revenue": 441019
        },
        "2015-04": {
            "month": "2015-04",
            "price": "20.16",
            "revenue": 582502
        },
        "2015-05": {
            "month": "2015-05",
            "price": "17.04",
            "revenue": 480606
        },
        "2015-06": {
            "month": "2015-06",
            "price": "15.11",
            "revenue": 532681
        },
        "2015-07": {
            "month": "2015-07",
            "price": "16.15",
            "revenue": 562499
        },
        "2015-08": {
            "month": "2015-08",
            "price": "12.70",
            "revenue": 690270
        },
        "2015-09": {
            "month": "2015-09",
            "price": "13.82",
            "revenue": 854400
        },
        "2015-10": {
            "month": "2015-10",
            "price": "16.87",
            "revenue": 689022
        },
        "2015-11": {
            "month": "2015-11",
            "price": "18.92",
            "revenue": 758434
        },
        "2015-12": {
            "month": "2015-12",
            "price": "22.10",
            "revenue": 1158870
        },
        "2016-01": {
            "month": "2016-01",
            "price": "20.53",
            "revenue": 723241
        },
        "2016-02": {
            "month": "2016-02",
            "price": "21.20",
            "revenue": 685847
        },
        "2016-03": {
            "month": "2016-03",
            "price": "22.15",
            "revenue": 719851
        },
        "2016-04": {
            "month": "2016-04",
            "price": "18.16",
            "revenue": 725124
        },
        "2016-05": {
            "month": "2016-05",
            "price": "16.84",
            "revenue": 962964
        },
        "2016-06": {
            "month": "2016-06",
            "price": "17.63",
            "revenue": 868815
        },
        "2016-07": {
            "month": "2016-07",
            "price": "17.38",
            "revenue": 534901
        },
        "2016-08": {
            "month": "2016-08",
            "price": "15.87",
            "revenue": 348148
        },
        "2016-09": {
            "month": "2016-09",
            "price": "15.47",
            "revenue": 350665
        },
        "2016-10": {
            "month": "2016-10",
            "price": "15.48",
            "revenue": 322586
        },
        "2016-11": {
            "month": "2016-11",
            "price": "13.26",
            "revenue": 507108
        },
        "2016-12": {
            "month": "2016-12",
            "price": "13.47",
            "revenue": 593456
        },
        "2017-01": {
            "month": "2017-01",
            "price": "14.58",
            "revenue": 410492
        },
        "2017-02": {
            "month": "2017-02",
            "price": "14.53",
            "revenue": 420572
        },
        "2017-03": {
            "month": "2017-03",
            "price": "14.30",
            "revenue": 374745
        },
        "2017-04": {
            "month": "2017-04",
            "price": "13.20",
            "revenue": 400420
        },
        "2017-05": {
            "month": "2017-05",
            "price": "12.72",
            "revenue": 455159
        },
        "2017-06": {
            "month": "2017-06",
            "price": "12.68",
            "revenue": 447007
        },
        "2017-07": {
            "month": "2017-07",
            "price": "12.15",
            "revenue": 467643
        },
        "2017-08": {
            "month": "2017-08",
            "price": "11.31",
            "revenue": 541765
        },
        "2017-09": {
            "month": "2017-09",
            "price": "12.62",
            "revenue": 560684
        },
        "2017-10": {
            "month": "2017-10",
            "price": "13.51",
            "revenue": 567963
        },
        "2017-11": {
            "month": "2017-11",
            "price": "12.56",
            "revenue": 707688
        },
        "2017-12": {
            "month": "2017-12",
            "price": "12.74",
            "revenue": 612206
        },
        "2018-01": {
            "month": "2018-01",
            "price": "12.63",
            "revenue": 302200
        },
        "2018-02": {
            "month": "2018-02",
            "price": "10.87",
            "revenue": 145157
        },
        "2018-03": {
            "month": "2018-03",
            "price": "10.47",
            "revenue": 334027
        },
        "2018-04": {
            "month": "2018-04",
            "price": "9.88",
            "revenue": 461752
        },
        "2018-05": {
            "month": "2018-05",
            "price": "9.93",
            "revenue": 214936
        },
        "2018-06": {
            "month": "2018-06",
            "price": "9.35",
            "revenue": 267692
        },
        "2018-07": {
            "month": "2018-07",
            "price": "7.77",
            "revenue": 220154
        },
        "2018-08": {
            "month": "2018-08",
            "price": "7.15",
            "revenue": 169844
        },
        "2018-09": {
            "month": "2018-09",
            "price": "6.99",
            "revenue": 56339
        },
        "2018-10": {
            "month": "2018-10",
            "price": "5.58",
            "revenue": 148845
        },
        "2018-11": {
            "month": "2018-11",
            "price": "5.44",
            "revenue": 200562
        },
        "2018-12": {
            "month": "2018-12",
            "price": "5.26",
            "revenue": 205589
        },
        "2019-01": {
            "month": "2019-01",
            "price": "5.16",
            "revenue": 149056
        },
        "2019-02": {
            "month": "2019-02",
            "price": "5.20",
            "revenue": 174560
        },
        "2019-03": {
            "month": "2019-03",
            "price": "4.89",
            "revenue": 188022
        },
        "2019-04": {
            "month": "2019-04",
            "price": "4.65",
            "revenue": 179959
        },
        "2019-05": {
            "month": "2019-05",
            "price": "4.55",
            "revenue": 220975
        },
        "2019-06": {
            "month": "2019-06",
            "price": "4.49",
            "revenue": 254007
        },
        "2019-07": {
            "month": "2019-07",
            "price": "4.18",
            "revenue": 192549
        },
        "2019-08": {
            "month": "2019-08",
            "price": "4.40",
            "revenue": 190214
        },
        "2019-09": {
            "month": "2019-09",
            "price": "4.89",
            "revenue": 245321
        },
        "2019-10": {
            "month": "2019-10",
            "price": "5.19",
            "revenue": 170367
        },
        "2019-11": {
            "month": "2019-11",
            "price": "5.35",
            "revenue": 148785
        },
        "2019-12": {
            "month": "2019-12",
            "price": "5.45",
            "revenue": 214998
        },
        "2020-01": {
            "month": "2020-01",
            "price": "9.08",
            "revenue": 172021
        },
        "2020-02": {
            "month": "2020-02",
            "price": "16.21",
            "revenue": 164867
        },
        "2020-03": {
            "month": "2020-03",
            "price": "13.17",
            "revenue": 165322
        },
        "2020-04": {
            "month": "2020-04",
            "price": "13.90",
            "revenue": 188914
        },
        "2020-05": {
            "month": "2020-05",
            "price": "16.71",
            "revenue": 183299
        },
        "2020-06": {
            "month": "2020-06",
            "price": "16.83",
            "revenue": 193671
        },
        "2020-07": {
            "month": "2020-07",
            "price": "18.36",
            "revenue": 185551
        },
        "2020-08": {
            "month": "2020-08",
            "price": "18.99",
            "revenue": 179443
        },
        "2020-09": {
            "month": "2020-09",
            "price": "29.84",
            "revenue": 172469
        },
        "2020-10": {
            "month": "2020-10",
            "price": "31.43",
            "revenue": 258994
        },
        "2020-11": {
            "month": "2020-11",
            "price": "28.20",
            "revenue": 193167
        },
        "2020-12": {
            "month": "2020-12",
            "price": "28.68",
            "revenue": 135879
        },
        "2021-01": {
            "month": "2021-01",
            "price": "27.90",
            "revenue": 100747
        },
        "2021-02": {
            "month": "2021-02",
            "price": "25.50",
            "revenue": 161003
        },
        "2021-03": {
            "month": "2021-03",
            "price": "27.51",
            "revenue": 152045
        },
        "2021-04": {
            "month": "2021-04",
            "price": "28.39",
            "revenue": 210900
        },
        "2021-05": {
            "month": "2021-05",
            "price": "24.46",
            "revenue": 162379
        },
        "2021-06": {
            "month": "2021-06",
            "price": "23.74",
            "revenue": 140898
        },
        "2021-07": {
            "month": "2021-07",
            "price": "27.25",
            "revenue": 93842
        },
        "2021-08": {
            "month": "2021-08",
            "price": "33.66",
            "revenue": 110528
        },
        "2021-09": {
            "month": "2021-09",
            "price": "34.46",
            "revenue": 69089
        },
        "2021-10": {
            "month": "2021-10",
            "price": "35.46",
            "revenue": 120592
        },
        "2021-11": {
            "month": "2021-11",
            "price": "36.06",
            "revenue": 119948
        },
        "2021-12": {
            "month": "2021-12",
            "price": "34.72",
            "revenue": 141587
        },
        "2022-01": {
            "month": "2022-01",
            "price": "35.43",
            "revenue": 113340
        },
        "2022-02": {
            "month": "2022-02",
            "price": "34.52",
            "revenue": 97726
        },
        "2022-03": {
            "month": "2022-03",
            "price": "31.99",
            "revenue": 113980
        },
        "2022-04": {
            "month": "2022-04",
            "price": "25.70",
            "revenue": 165517
        },
        "2022-05": {
            "month": "2022-05",
            "price": "22.92",
            "revenue": 234697
        },
        "2022-06": {
            "month": "2022-06",
            "price": "30.19",
            "revenue": 168999
        },
        "2022-07": {
            "month": "2022-07",
            "price": "29.55",
            "revenue": 200716
        },
        "2022-08": {
            "month": "2022-08",
            "price": "28.58",
            "revenue": 193432
        },
        "2022-09": {
            "month": "2022-09",
            "price": "28.33",
            "revenue": 216278
        },
        "2022-10": {
            "month": "2022-10",
            "price": "24.24",
            "revenue": 225550
        },
        "2022-11": {
            "month": "2022-11",
            "price": "26.17",
            "revenue": 248623
        },
        "2022-12": {
            "month": "2022-12",
            "price": "27.82",
            "revenue": 242578
        },
        "2023-01": {
            "month": "2023-01",
            "price": "27.65",
            "revenue": 148240
        },
        "2023-02": {
            "month": "2023-02",
            "price": "28.54",
            "revenue": 226554
        },
        "2023-03": {
            "month": "2023-03",
            "price": "29.81",
            "revenue": 254986
        },
        "2023-04": {
            "month": "2023-04",
            "price": "31.62",
            "revenue": 222911
        },
        "2023-05": {
            "month": "2023-05",
            "price": "30.21",
            "revenue": 240828
        }
    }
}
