{
    "summary": {
        "stock_name": "茂林-KY",
        "stock_id": "4935",
        "category": "光電",
        "main_business": "導光板應用之光電產品零組件研發製造及進出口買賣業務<br>電子零組件製造及進出口買賣業務<br>模具製造批發及進出口買賣業務",
        "website_url": "http://www.glthome.com.tw/",
        "ceo": "蔡宗霖",
        "pe_ratio": 19,
        "report_year_from": 2010,
        "report_year_to": 2023,
        "age": 14,
        "eps_negative_percentage": 0,
        "eps_growth_avg": {
            "last_all": 5.95,
            "last_2y": -30.41,
            "last_4y": 21.75,
            "last_8y": 4.91,
            "last_12y": null,
            "last_16y": null,
            "last_20y": null,
            "at_2006_last_3y": null,
            "at_2007_last_3y": null,
            "at_2008_last_3y": null,
            "at_2009_last_3y": null,
            "at_2010_last_3y": null,
            "at_2011_last_3y": null,
            "at_2012_last_3y": null,
            "at_2013_last_3y": null,
            "at_2014_last_3y": null,
            "at_2015_last_3y": 18.85,
            "at_2016_last_3y": 27.72,
            "at_2017_last_3y": 18.29,
            "at_2018_last_3y": -16.13,
            "at_2019_last_3y": -3.19,
            "at_2020_last_3y": 24.13,
            "at_2021_last_3y": 39.15,
            "at_2022_last_3y": 44.17,
            "at_2023_last_3y": 2.19,
            "at_2024_last_3y": 2.19,
            "at_2006_last_all": null,
            "at_2007_last_all": null,
            "at_2008_last_all": null,
            "at_2009_last_all": null,
            "at_2010_last_all": null,
            "at_2011_last_all": null,
            "at_2012_last_all": null,
            "at_2013_last_all": -36.4,
            "at_2014_last_all": 9.07,
            "at_2015_last_all": 18.85,
            "at_2016_last_all": 13.22,
            "at_2017_last_all": 0.06,
            "at_2018_last_all": -5.33,
            "at_2019_last_all": 7.83,
            "at_2020_last_all": 18.07,
            "at_2021_last_all": 15.7,
            "at_2022_last_all": 12.67,
            "at_2023_last_all": 5.95,
            "at_2024_last_all": 5.95
        },
        "latest_eps": 2.57,
        "latest_price": 49.85,
        "latest_roe": 4.07,
        "latest_gross_margin": 16.28,
        "latest_equity": 8021005,
        "latest_revenue": 1558385,
        "latest_gross_profit": 253675,
        "latest_net_income": 36878,
        "latest_debt_ratio": 19.93,
        "latest_current_ratio": 483.87,
        "latest_account_receivable_turnover_ratio": 1.12,
        "latest_inventory_turnover_ratio": 2.06,
        "latest_reinvestment_rate": -17.79,
        "latest_research_to_sale_ratio": 3.92
    },
    "eps_dividends": {
        "2001": {
            "cash": 0,
            "stock": 0,
            "eps": 0
        },
        "2002": {
            "cash": 0,
            "stock": 0,
            "eps": 0
        },
        "2003": {
            "cash": 0,
            "stock": 0,
            "eps": 0
        },
        "2004": {
            "cash": 0,
            "stock": 0,
            "eps": 0
        },
        "2005": {
            "cash": 0,
            "stock": 0,
            "eps": 0
        },
        "2006": {
            "cash": 0,
            "stock": 0,
            "eps": 0
        },
        "2007": {
            "cash": 0,
            "stock": 0,
            "eps": 0
        },
        "2008": {
            "cash": 0,
            "stock": 0,
            "eps": 0
        },
        "2009": {
            "cash": 0,
            "stock": 0,
            "eps": 0
        },
        "2010": {
            "cash": 0,
            "stock": 0,
            "eps": 0
        },
        "2011": {
            "cash": 2.5,
            "stock": 0,
            "eps": 4
        },
        "2012": {
            "cash": 0,
            "stock": 0,
            "eps": 2.21
        },
        "2013": {
            "cash": 1.2,
            "stock": 0,
            "eps": 1.59
        },
        "2014": {
            "cash": 1,
            "stock": 0,
            "eps": 4.5
        },
        "2015": {
            "cash": 2,
            "stock": 0,
            "eps": 6.67
        },
        "2016": {
            "cash": 3.5,
            "stock": 0,
            "eps": 6.05
        },
        "2017": {
            "cash": 3,
            "stock": 0,
            "eps": 2.07
        },
        "2018": {
            "cash": 1,
            "stock": 0,
            "eps": 1.29
        },
        "2019": {
            "cash": 0.8,
            "stock": 0,
            "eps": 2.63
        },
        "2020": {
            "cash": 1.5,
            "stock": 0,
            "eps": 10.35
        },
        "2021": {
            "cash": 5.5,
            "stock": 0,
            "eps": 9.76
        },
        "2022": {
            "cash": 5,
            "stock": 0,
            "eps": 8.04
        },
        "2023": {
            "cash": 4,
            "stock": 0,
            "eps": 2.58
        },
        "2024": {
            "cash": 1.5,
            "stock": 0,
            "eps": 0
        }
    },
    "dividends": {
        "2011-01-01": {
            "cash": 2.5,
            "stock": 0
        },
        "2013-04-26": {
            "cash": 1.2,
            "stock": 0
        },
        "2014-08-15": {
            "cash": 1,
            "stock": 0
        },
        "2015-08-20": {
            "cash": 2,
            "stock": 0
        },
        "2016-08-19": {
            "cash": 3.5,
            "stock": 0
        },
        "2017-08-18": {
            "cash": 3,
            "stock": 0
        },
        "2018-08-17": {
            "cash": 1,
            "stock": 0
        },
        "2019-08-16": {
            "cash": 0.8,
            "stock": 0
        },
        "2020-08-12": {
            "cash": 1.5,
            "stock": 0
        },
        "2021-10-08": {
            "cash": 5.5,
            "stock": 0
        },
        "2022-08-22": {
            "cash": 5,
            "stock": 0
        },
        "2023-08-11": {
            "cash": 4,
            "stock": 0
        },
        "2024-02-26": {
            "cash": 1.5,
            "stock": 0
        }
    },
    "prices": {
        "200101": "無",
        "200102": "無",
        "200103": "無",
        "200104": "無",
        "200105": "無",
        "200106": "無",
        "200107": "無",
        "200108": "無",
        "200109": "無",
        "200110": "無",
        "200111": "無",
        "200112": "無",
        "200201": "無",
        "200202": "無",
        "200203": "無",
        "200204": "無",
        "200205": "無",
        "200206": "無",
        "200207": "無",
        "200208": "無",
        "200209": "無",
        "200210": "無",
        "200211": "無",
        "200212": "無",
        "200301": "無",
        "200302": "無",
        "200303": "無",
        "200304": "無",
        "200305": "無",
        "200306": "無",
        "200307": "無",
        "200308": "無",
        "200309": "無",
        "200310": "無",
        "200311": "無",
        "200312": "無",
        "200401": "無",
        "200402": "無",
        "200403": "無",
        "200404": "無",
        "200405": "無",
        "200406": "無",
        "200407": "無",
        "200408": "無",
        "200409": "無",
        "200410": "無",
        "200411": "無",
        "200412": "無",
        "200501": "無",
        "200502": "無",
        "200503": "無",
        "200504": "無",
        "200505": "無",
        "200506": "無",
        "200507": "無",
        "200508": "無",
        "200509": "無",
        "200510": "無",
        "200511": "無",
        "200512": "無",
        "200601": "無",
        "200602": "無",
        "200603": "無",
        "200604": "無",
        "200605": "無",
        "200606": "無",
        "200607": "無",
        "200608": "無",
        "200609": "無",
        "200610": "無",
        "200611": "無",
        "200612": "無",
        "200701": "無",
        "200702": "無",
        "200703": "無",
        "200704": "無",
        "200705": "無",
        "200706": "無",
        "200707": "無",
        "200708": "無",
        "200709": "無",
        "200710": "無",
        "200711": "無",
        "200712": "無",
        "200801": "無",
        "200802": "無",
        "200803": "無",
        "200804": "無",
        "200805": "無",
        "200806": "無",
        "200807": "無",
        "200808": "無",
        "200809": "無",
        "200810": "無",
        "200811": "無",
        "200812": "無",
        "200901": "無",
        "200902": "無",
        "200903": "無",
        "200904": "無",
        "200905": "無",
        "200906": "無",
        "200907": "無",
        "200908": "無",
        "200909": "無",
        "200910": "無",
        "200911": "無",
        "200912": "無",
        "201001": "無",
        "201002": "無",
        "201003": "無",
        "201004": "無",
        "201005": "無",
        "201006": "無",
        "201007": "無",
        "201008": "無",
        "201009": "無",
        "201010": "無",
        "201011": "無",
        "201012": "無",
        "201101": "無",
        "201102": "無",
        "201103": "無",
        "201104": "無",
        "201105": "無",
        "201106": "無",
        "201107": "65.25",
        "201108": "60.88",
        "201109": "49.95",
        "201110": "43.64",
        "201111": "42.68",
        "201112": "35.85",
        "201201": "35.84",
        "201202": "43.30",
        "201203": "56.44",
        "201204": "53.34",
        "201205": "44.50",
        "201206": "41.00",
        "201207": "41.79",
        "201208": "45.97",
        "201209": "48.40",
        "201210": "44.01",
        "201211": "34.74",
        "201212": "34.75",
        "201301": "36.05",
        "201302": "37.26",
        "201303": "38.79",
        "201304": "36.30",
        "201305": "37.42",
        "201306": "34.93",
        "201307": "30.15",
        "201308": "29.71",
        "201309": "30.56",
        "201310": "29.92",
        "201311": "28.05",
        "201312": "31.32",
        "201401": "32.93",
        "201402": "31.60",
        "201403": "32.69",
        "201404": "35.22",
        "201405": "43.66",
        "201406": "42.98",
        "201407": "43.13",
        "201408": "43.19",
        "201409": "40.25",
        "201410": "38.66",
        "201411": "40.78",
        "201412": "41.72",
        "201501": "44.70",
        "201502": "45.84",
        "201503": "47.26",
        "201504": "44.85",
        "201505": "44.29",
        "201506": "39.84",
        "201507": "37.04",
        "201508": "36.35",
        "201509": "40.56",
        "201510": "53.91",
        "201511": "69.17",
        "201512": "75.81",
        "201601": "62.11",
        "201602": "68.84",
        "201603": "70.15",
        "201604": "59.04",
        "201605": "59.55",
        "201606": "68.55",
        "201607": "78.68",
        "201608": "88.16",
        "201609": "76.42",
        "201610": "71.13",
        "201611": "60.54",
        "201612": "65.83",
        "201701": "66.29",
        "201702": "59.23",
        "201703": "57.02",
        "201704": "53.43",
        "201705": "47.04",
        "201706": "47.81",
        "201707": "48.80",
        "201708": "43.94",
        "201709": "43.55",
        "201710": "45.24",
        "201711": "44.80",
        "201712": "43.40",
        "201801": "43.13",
        "201802": "40.58",
        "201803": "40.22",
        "201804": "37.07",
        "201805": "36.23",
        "201806": "37.30",
        "201807": "37.73",
        "201808": "38.18",
        "201809": "38.77",
        "201810": "35.67",
        "201811": "34.42",
        "201812": "32.40",
        "201901": "31.74",
        "201902": "32.64",
        "201903": "32.77",
        "201904": "36.52",
        "201905": "38.28",
        "201906": "39.90",
        "201907": "56.89",
        "201908": "71.15",
        "201909": "76.62",
        "201910": "95.77",
        "201911": "102.76",
        "201912": "117.93",
        "202001": "132.47",
        "202002": "134.53",
        "202003": "105.08",
        "202004": "119.05",
        "202005": "132.20",
        "202006": "132.70",
        "202007": "124.15",
        "202008": "121.19",
        "202009": "113.20",
        "202010": "107.03",
        "202011": "111.50",
        "202012": "113.87",
        "202101": "105.88",
        "202102": "102.05",
        "202103": "105.50",
        "202104": "106.00",
        "202105": "93.50",
        "202106": "101.68",
        "202107": "93.51",
        "202108": "85.09",
        "202109": "79.67",
        "202110": "77.32",
        "202111": "79.63",
        "202112": "80.02",
        "202201": "79.36",
        "202202": "75.91",
        "202203": "69.52",
        "202204": "64.24",
        "202205": "59.32",
        "202206": "60.83",
        "202207": "58.20",
        "202208": "58.77",
        "202209": "57.81",
        "202210": "50.86",
        "202211": "60.22",
        "202212": "58.59",
        "202301": "55.15",
        "202302": "57.39",
        "202303": "58.63",
        "202304": "58.11",
        "202305": "56.26",
        "202306": "58.10",
        "202307": "54.40",
        "202308": "51.81",
        "202309": "52.44",
        "202310": "49.43",
        "202311": "49.97",
        "202312": "51.91"
    },
    "quarters": {
        "20011": {
            "year_quarter": 20011,
            "year": 2001,
            "quarter": 1,
            "eps": null,
            "eps_growth_year": null,
            "eps_4q": null,
            "eps_4q_growth_year": null,
            "roe": null,
            "roe_4q": 0,
            "gross_profit": null,
            "gross_margin": null,
            "gross_margin_4q_avg": 0,
            "net_income": null,
            "net_income_4q": null,
            "revenue": null,
            "revenue_4q": null,
            "common_shares": null,
            "book_valuer_per_share": null,
            "book_valuer_per_share_4q_avg": 0,
            "equity": null,
            "current_ratio": null,
            "debt_ratio": null,
            "inventory_turnover_ratio": null,
            "account_receivable_turnover_ratio": null,
            "reinvestment_rate": null,
            "research_to_sale_ratio": null,
            "price_fair": 0,
            "eps_avg_yearly": 0,
            "eps_latest_yearly": 0,
            "eps_growth_yearly": 0
        },
        "20012": {
            "year_quarter": 20012,
            "year": 2001,
            "quarter": 2,
            "eps": null,
            "eps_growth_year": null,
            "eps_4q": null,
            "eps_4q_growth_year": null,
            "roe": null,
            "roe_4q": 0,
            "gross_profit": null,
            "gross_margin": null,
            "gross_margin_4q_avg": 0,
            "net_income": null,
            "net_income_4q": null,
            "revenue": null,
            "revenue_4q": null,
            "common_shares": null,
            "book_valuer_per_share": null,
            "book_valuer_per_share_4q_avg": 0,
            "equity": null,
            "current_ratio": null,
            "debt_ratio": null,
            "inventory_turnover_ratio": null,
            "account_receivable_turnover_ratio": null,
            "reinvestment_rate": null,
            "research_to_sale_ratio": null,
            "price_fair": 0,
            "eps_avg_yearly": 0,
            "eps_latest_yearly": 0,
            "eps_growth_yearly": 0
        },
        "20013": {
            "year_quarter": 20013,
            "year": 2001,
            "quarter": 3,
            "eps": null,
            "eps_growth_year": null,
            "eps_4q": null,
            "eps_4q_growth_year": null,
            "roe": null,
            "roe_4q": 0,
            "gross_profit": null,
            "gross_margin": null,
            "gross_margin_4q_avg": 0,
            "net_income": null,
            "net_income_4q": null,
            "revenue": null,
            "revenue_4q": null,
            "common_shares": null,
            "book_valuer_per_share": null,
            "book_valuer_per_share_4q_avg": 0,
            "equity": null,
            "current_ratio": null,
            "debt_ratio": null,
            "inventory_turnover_ratio": null,
            "account_receivable_turnover_ratio": null,
            "reinvestment_rate": null,
            "research_to_sale_ratio": null,
            "price_fair": 0,
            "eps_avg_yearly": 0,
            "eps_latest_yearly": 0,
            "eps_growth_yearly": 0
        },
        "20014": {
            "year_quarter": 20014,
            "year": 2001,
            "quarter": 4,
            "eps": null,
            "eps_growth_year": null,
            "eps_4q": null,
            "eps_4q_growth_year": null,
            "roe": null,
            "roe_4q": 0,
            "gross_profit": null,
            "gross_margin": null,
            "gross_margin_4q_avg": 0,
            "net_income": null,
            "net_income_4q": null,
            "revenue": null,
            "revenue_4q": null,
            "common_shares": null,
            "book_valuer_per_share": null,
            "book_valuer_per_share_4q_avg": 0,
            "equity": null,
            "current_ratio": null,
            "debt_ratio": null,
            "inventory_turnover_ratio": null,
            "account_receivable_turnover_ratio": null,
            "reinvestment_rate": null,
            "research_to_sale_ratio": null,
            "price_fair": 0,
            "eps_avg_yearly": 0,
            "eps_latest_yearly": 0,
            "eps_growth_yearly": 0
        },
        "20021": {
            "year_quarter": 20021,
            "year": 2002,
            "quarter": 1,
            "eps": null,
            "eps_growth_year": null,
            "eps_4q": null,
            "eps_4q_growth_year": null,
            "roe": null,
            "roe_4q": 0,
            "gross_profit": null,
            "gross_margin": null,
            "gross_margin_4q_avg": 0,
            "net_income": null,
            "net_income_4q": null,
            "revenue": null,
            "revenue_4q": null,
            "common_shares": null,
            "book_valuer_per_share": null,
            "book_valuer_per_share_4q_avg": 0,
            "equity": null,
            "current_ratio": null,
            "debt_ratio": null,
            "inventory_turnover_ratio": null,
            "account_receivable_turnover_ratio": null,
            "reinvestment_rate": null,
            "research_to_sale_ratio": null,
            "price_fair": 0,
            "eps_avg_yearly": 0,
            "eps_latest_yearly": 0,
            "eps_growth_yearly": 0
        },
        "20022": {
            "year_quarter": 20022,
            "year": 2002,
            "quarter": 2,
            "eps": null,
            "eps_growth_year": null,
            "eps_4q": null,
            "eps_4q_growth_year": null,
            "roe": null,
            "roe_4q": 0,
            "gross_profit": null,
            "gross_margin": null,
            "gross_margin_4q_avg": 0,
            "net_income": null,
            "net_income_4q": null,
            "revenue": null,
            "revenue_4q": null,
            "common_shares": null,
            "book_valuer_per_share": null,
            "book_valuer_per_share_4q_avg": 0,
            "equity": null,
            "current_ratio": null,
            "debt_ratio": null,
            "inventory_turnover_ratio": null,
            "account_receivable_turnover_ratio": null,
            "reinvestment_rate": null,
            "research_to_sale_ratio": null,
            "price_fair": 0,
            "eps_avg_yearly": 0,
            "eps_latest_yearly": 0,
            "eps_growth_yearly": 0
        },
        "20023": {
            "year_quarter": 20023,
            "year": 2002,
            "quarter": 3,
            "eps": null,
            "eps_growth_year": null,
            "eps_4q": null,
            "eps_4q_growth_year": null,
            "roe": null,
            "roe_4q": 0,
            "gross_profit": null,
            "gross_margin": null,
            "gross_margin_4q_avg": 0,
            "net_income": null,
            "net_income_4q": null,
            "revenue": null,
            "revenue_4q": null,
            "common_shares": null,
            "book_valuer_per_share": null,
            "book_valuer_per_share_4q_avg": 0,
            "equity": null,
            "current_ratio": null,
            "debt_ratio": null,
            "inventory_turnover_ratio": null,
            "account_receivable_turnover_ratio": null,
            "reinvestment_rate": null,
            "research_to_sale_ratio": null,
            "price_fair": 0,
            "eps_avg_yearly": 0,
            "eps_latest_yearly": 0,
            "eps_growth_yearly": 0
        },
        "20024": {
            "year_quarter": 20024,
            "year": 2002,
            "quarter": 4,
            "eps": null,
            "eps_growth_year": null,
            "eps_4q": null,
            "eps_4q_growth_year": null,
            "roe": null,
            "roe_4q": 0,
            "gross_profit": null,
            "gross_margin": null,
            "gross_margin_4q_avg": 0,
            "net_income": null,
            "net_income_4q": null,
            "revenue": null,
            "revenue_4q": null,
            "common_shares": null,
            "book_valuer_per_share": null,
            "book_valuer_per_share_4q_avg": 0,
            "equity": null,
            "current_ratio": null,
            "debt_ratio": null,
            "inventory_turnover_ratio": null,
            "account_receivable_turnover_ratio": null,
            "reinvestment_rate": null,
            "research_to_sale_ratio": null,
            "price_fair": 0,
            "eps_avg_yearly": 0,
            "eps_latest_yearly": 0,
            "eps_growth_yearly": 0
        },
        "20031": {
            "year_quarter": 20031,
            "year": 2003,
            "quarter": 1,
            "eps": null,
            "eps_growth_year": null,
            "eps_4q": null,
            "eps_4q_growth_year": null,
            "roe": null,
            "roe_4q": 0,
            "gross_profit": null,
            "gross_margin": null,
            "gross_margin_4q_avg": 0,
            "net_income": null,
            "net_income_4q": null,
            "revenue": null,
            "revenue_4q": null,
            "common_shares": null,
            "book_valuer_per_share": null,
            "book_valuer_per_share_4q_avg": 0,
            "equity": null,
            "current_ratio": null,
            "debt_ratio": null,
            "inventory_turnover_ratio": null,
            "account_receivable_turnover_ratio": null,
            "reinvestment_rate": null,
            "research_to_sale_ratio": null,
            "price_fair": 0,
            "eps_avg_yearly": 0,
            "eps_latest_yearly": 0,
            "eps_growth_yearly": 0
        },
        "20032": {
            "year_quarter": 20032,
            "year": 2003,
            "quarter": 2,
            "eps": null,
            "eps_growth_year": null,
            "eps_4q": null,
            "eps_4q_growth_year": null,
            "roe": null,
            "roe_4q": 0,
            "gross_profit": null,
            "gross_margin": null,
            "gross_margin_4q_avg": 0,
            "net_income": null,
            "net_income_4q": null,
            "revenue": null,
            "revenue_4q": null,
            "common_shares": null,
            "book_valuer_per_share": null,
            "book_valuer_per_share_4q_avg": 0,
            "equity": null,
            "current_ratio": null,
            "debt_ratio": null,
            "inventory_turnover_ratio": null,
            "account_receivable_turnover_ratio": null,
            "reinvestment_rate": null,
            "research_to_sale_ratio": null,
            "price_fair": 0,
            "eps_avg_yearly": 0,
            "eps_latest_yearly": 0,
            "eps_growth_yearly": 0
        },
        "20033": {
            "year_quarter": 20033,
            "year": 2003,
            "quarter": 3,
            "eps": null,
            "eps_growth_year": null,
            "eps_4q": null,
            "eps_4q_growth_year": null,
            "roe": null,
            "roe_4q": 0,
            "gross_profit": null,
            "gross_margin": null,
            "gross_margin_4q_avg": 0,
            "net_income": null,
            "net_income_4q": null,
            "revenue": null,
            "revenue_4q": null,
            "common_shares": null,
            "book_valuer_per_share": null,
            "book_valuer_per_share_4q_avg": 0,
            "equity": null,
            "current_ratio": null,
            "debt_ratio": null,
            "inventory_turnover_ratio": null,
            "account_receivable_turnover_ratio": null,
            "reinvestment_rate": null,
            "research_to_sale_ratio": null,
            "price_fair": 0,
            "eps_avg_yearly": 0,
            "eps_latest_yearly": 0,
            "eps_growth_yearly": 0
        },
        "20034": {
            "year_quarter": 20034,
            "year": 2003,
            "quarter": 4,
            "eps": null,
            "eps_growth_year": null,
            "eps_4q": null,
            "eps_4q_growth_year": null,
            "roe": null,
            "roe_4q": 0,
            "gross_profit": null,
            "gross_margin": null,
            "gross_margin_4q_avg": 0,
            "net_income": null,
            "net_income_4q": null,
            "revenue": null,
            "revenue_4q": null,
            "common_shares": null,
            "book_valuer_per_share": null,
            "book_valuer_per_share_4q_avg": 0,
            "equity": null,
            "current_ratio": null,
            "debt_ratio": null,
            "inventory_turnover_ratio": null,
            "account_receivable_turnover_ratio": null,
            "reinvestment_rate": null,
            "research_to_sale_ratio": null,
            "price_fair": 0,
            "eps_avg_yearly": 0,
            "eps_latest_yearly": 0,
            "eps_growth_yearly": 0
        },
        "20041": {
            "year_quarter": 20041,
            "year": 2004,
            "quarter": 1,
            "eps": null,
            "eps_growth_year": null,
            "eps_4q": null,
            "eps_4q_growth_year": null,
            "roe": null,
            "roe_4q": 0,
            "gross_profit": null,
            "gross_margin": null,
            "gross_margin_4q_avg": 0,
            "net_income": null,
            "net_income_4q": null,
            "revenue": null,
            "revenue_4q": null,
            "common_shares": null,
            "book_valuer_per_share": null,
            "book_valuer_per_share_4q_avg": 0,
            "equity": null,
            "current_ratio": null,
            "debt_ratio": null,
            "inventory_turnover_ratio": null,
            "account_receivable_turnover_ratio": null,
            "reinvestment_rate": null,
            "research_to_sale_ratio": null,
            "price_fair": 0,
            "eps_avg_yearly": 0,
            "eps_latest_yearly": 0,
            "eps_growth_yearly": 0
        },
        "20042": {
            "year_quarter": 20042,
            "year": 2004,
            "quarter": 2,
            "eps": null,
            "eps_growth_year": null,
            "eps_4q": null,
            "eps_4q_growth_year": null,
            "roe": null,
            "roe_4q": 0,
            "gross_profit": null,
            "gross_margin": null,
            "gross_margin_4q_avg": 0,
            "net_income": null,
            "net_income_4q": null,
            "revenue": null,
            "revenue_4q": null,
            "common_shares": null,
            "book_valuer_per_share": null,
            "book_valuer_per_share_4q_avg": 0,
            "equity": null,
            "current_ratio": null,
            "debt_ratio": null,
            "inventory_turnover_ratio": null,
            "account_receivable_turnover_ratio": null,
            "reinvestment_rate": null,
            "research_to_sale_ratio": null,
            "price_fair": 0,
            "eps_avg_yearly": 0,
            "eps_latest_yearly": 0,
            "eps_growth_yearly": 0
        },
        "20043": {
            "year_quarter": 20043,
            "year": 2004,
            "quarter": 3,
            "eps": null,
            "eps_growth_year": null,
            "eps_4q": null,
            "eps_4q_growth_year": null,
            "roe": null,
            "roe_4q": 0,
            "gross_profit": null,
            "gross_margin": null,
            "gross_margin_4q_avg": 0,
            "net_income": null,
            "net_income_4q": null,
            "revenue": null,
            "revenue_4q": null,
            "common_shares": null,
            "book_valuer_per_share": null,
            "book_valuer_per_share_4q_avg": 0,
            "equity": null,
            "current_ratio": null,
            "debt_ratio": null,
            "inventory_turnover_ratio": null,
            "account_receivable_turnover_ratio": null,
            "reinvestment_rate": null,
            "research_to_sale_ratio": null,
            "price_fair": 0,
            "eps_avg_yearly": 0,
            "eps_latest_yearly": 0,
            "eps_growth_yearly": 0
        },
        "20044": {
            "year_quarter": 20044,
            "year": 2004,
            "quarter": 4,
            "eps": null,
            "eps_growth_year": null,
            "eps_4q": null,
            "eps_4q_growth_year": null,
            "roe": null,
            "roe_4q": 0,
            "gross_profit": null,
            "gross_margin": null,
            "gross_margin_4q_avg": 0,
            "net_income": null,
            "net_income_4q": null,
            "revenue": null,
            "revenue_4q": null,
            "common_shares": null,
            "book_valuer_per_share": null,
            "book_valuer_per_share_4q_avg": 0,
            "equity": null,
            "current_ratio": null,
            "debt_ratio": null,
            "inventory_turnover_ratio": null,
            "account_receivable_turnover_ratio": null,
            "reinvestment_rate": null,
            "research_to_sale_ratio": null,
            "price_fair": 0,
            "eps_avg_yearly": 0,
            "eps_latest_yearly": 0,
            "eps_growth_yearly": 0
        },
        "20051": {
            "year_quarter": 20051,
            "year": 2005,
            "quarter": 1,
            "eps": null,
            "eps_growth_year": null,
            "eps_4q": null,
            "eps_4q_growth_year": null,
            "roe": null,
            "roe_4q": 0,
            "gross_profit": null,
            "gross_margin": null,
            "gross_margin_4q_avg": 0,
            "net_income": null,
            "net_income_4q": null,
            "revenue": null,
            "revenue_4q": null,
            "common_shares": null,
            "book_valuer_per_share": null,
            "book_valuer_per_share_4q_avg": 0,
            "equity": null,
            "current_ratio": null,
            "debt_ratio": null,
            "inventory_turnover_ratio": null,
            "account_receivable_turnover_ratio": null,
            "reinvestment_rate": null,
            "research_to_sale_ratio": null,
            "price_fair": 0,
            "eps_avg_yearly": 0,
            "eps_latest_yearly": 0,
            "eps_growth_yearly": 0
        },
        "20052": {
            "year_quarter": 20052,
            "year": 2005,
            "quarter": 2,
            "eps": null,
            "eps_growth_year": null,
            "eps_4q": null,
            "eps_4q_growth_year": null,
            "roe": null,
            "roe_4q": 0,
            "gross_profit": null,
            "gross_margin": null,
            "gross_margin_4q_avg": 0,
            "net_income": null,
            "net_income_4q": null,
            "revenue": null,
            "revenue_4q": null,
            "common_shares": null,
            "book_valuer_per_share": null,
            "book_valuer_per_share_4q_avg": 0,
            "equity": null,
            "current_ratio": null,
            "debt_ratio": null,
            "inventory_turnover_ratio": null,
            "account_receivable_turnover_ratio": null,
            "reinvestment_rate": null,
            "research_to_sale_ratio": null,
            "price_fair": 0,
            "eps_avg_yearly": 0,
            "eps_latest_yearly": 0,
            "eps_growth_yearly": 0
        },
        "20053": {
            "year_quarter": 20053,
            "year": 2005,
            "quarter": 3,
            "eps": null,
            "eps_growth_year": null,
            "eps_4q": null,
            "eps_4q_growth_year": null,
            "roe": null,
            "roe_4q": 0,
            "gross_profit": null,
            "gross_margin": null,
            "gross_margin_4q_avg": 0,
            "net_income": null,
            "net_income_4q": null,
            "revenue": null,
            "revenue_4q": null,
            "common_shares": null,
            "book_valuer_per_share": null,
            "book_valuer_per_share_4q_avg": 0,
            "equity": null,
            "current_ratio": null,
            "debt_ratio": null,
            "inventory_turnover_ratio": null,
            "account_receivable_turnover_ratio": null,
            "reinvestment_rate": null,
            "research_to_sale_ratio": null,
            "price_fair": 0,
            "eps_avg_yearly": 0,
            "eps_latest_yearly": 0,
            "eps_growth_yearly": 0
        },
        "20054": {
            "year_quarter": 20054,
            "year": 2005,
            "quarter": 4,
            "eps": null,
            "eps_growth_year": null,
            "eps_4q": null,
            "eps_4q_growth_year": null,
            "roe": null,
            "roe_4q": 0,
            "gross_profit": null,
            "gross_margin": null,
            "gross_margin_4q_avg": 0,
            "net_income": null,
            "net_income_4q": null,
            "revenue": null,
            "revenue_4q": null,
            "common_shares": null,
            "book_valuer_per_share": null,
            "book_valuer_per_share_4q_avg": 0,
            "equity": null,
            "current_ratio": null,
            "debt_ratio": null,
            "inventory_turnover_ratio": null,
            "account_receivable_turnover_ratio": null,
            "reinvestment_rate": null,
            "research_to_sale_ratio": null,
            "price_fair": 0,
            "eps_avg_yearly": 0,
            "eps_latest_yearly": 0,
            "eps_growth_yearly": 0
        },
        "20061": {
            "year_quarter": 20061,
            "year": 2006,
            "quarter": 1,
            "eps": null,
            "eps_growth_year": null,
            "eps_4q": null,
            "eps_4q_growth_year": null,
            "roe": null,
            "roe_4q": 0,
            "gross_profit": null,
            "gross_margin": null,
            "gross_margin_4q_avg": 0,
            "net_income": null,
            "net_income_4q": null,
            "revenue": null,
            "revenue_4q": null,
            "common_shares": null,
            "book_valuer_per_share": null,
            "book_valuer_per_share_4q_avg": 0,
            "equity": null,
            "current_ratio": null,
            "debt_ratio": null,
            "inventory_turnover_ratio": null,
            "account_receivable_turnover_ratio": null,
            "reinvestment_rate": null,
            "research_to_sale_ratio": null,
            "price_fair": 0,
            "eps_avg_yearly": 0,
            "eps_latest_yearly": 0,
            "eps_growth_yearly": 0
        },
        "20062": {
            "year_quarter": 20062,
            "year": 2006,
            "quarter": 2,
            "eps": null,
            "eps_growth_year": null,
            "eps_4q": null,
            "eps_4q_growth_year": null,
            "roe": null,
            "roe_4q": 0,
            "gross_profit": null,
            "gross_margin": null,
            "gross_margin_4q_avg": 0,
            "net_income": null,
            "net_income_4q": null,
            "revenue": null,
            "revenue_4q": null,
            "common_shares": null,
            "book_valuer_per_share": null,
            "book_valuer_per_share_4q_avg": 0,
            "equity": null,
            "current_ratio": null,
            "debt_ratio": null,
            "inventory_turnover_ratio": null,
            "account_receivable_turnover_ratio": null,
            "reinvestment_rate": null,
            "research_to_sale_ratio": null,
            "price_fair": 0,
            "eps_avg_yearly": 0,
            "eps_latest_yearly": 0,
            "eps_growth_yearly": 0
        },
        "20063": {
            "year_quarter": 20063,
            "year": 2006,
            "quarter": 3,
            "eps": null,
            "eps_growth_year": null,
            "eps_4q": null,
            "eps_4q_growth_year": null,
            "roe": null,
            "roe_4q": 0,
            "gross_profit": null,
            "gross_margin": null,
            "gross_margin_4q_avg": 0,
            "net_income": null,
            "net_income_4q": null,
            "revenue": null,
            "revenue_4q": null,
            "common_shares": null,
            "book_valuer_per_share": null,
            "book_valuer_per_share_4q_avg": 0,
            "equity": null,
            "current_ratio": null,
            "debt_ratio": null,
            "inventory_turnover_ratio": null,
            "account_receivable_turnover_ratio": null,
            "reinvestment_rate": null,
            "research_to_sale_ratio": null,
            "price_fair": 0,
            "eps_avg_yearly": 0,
            "eps_latest_yearly": 0,
            "eps_growth_yearly": 0
        },
        "20064": {
            "year_quarter": 20064,
            "year": 2006,
            "quarter": 4,
            "eps": null,
            "eps_growth_year": null,
            "eps_4q": null,
            "eps_4q_growth_year": null,
            "roe": null,
            "roe_4q": 0,
            "gross_profit": null,
            "gross_margin": null,
            "gross_margin_4q_avg": 0,
            "net_income": null,
            "net_income_4q": null,
            "revenue": null,
            "revenue_4q": null,
            "common_shares": null,
            "book_valuer_per_share": null,
            "book_valuer_per_share_4q_avg": 0,
            "equity": null,
            "current_ratio": null,
            "debt_ratio": null,
            "inventory_turnover_ratio": null,
            "account_receivable_turnover_ratio": null,
            "reinvestment_rate": null,
            "research_to_sale_ratio": null,
            "price_fair": 0,
            "eps_avg_yearly": 0,
            "eps_latest_yearly": 0,
            "eps_growth_yearly": 0
        },
        "20071": {
            "year_quarter": 20071,
            "year": 2007,
            "quarter": 1,
            "eps": null,
            "eps_growth_year": null,
            "eps_4q": null,
            "eps_4q_growth_year": null,
            "roe": null,
            "roe_4q": 0,
            "gross_profit": null,
            "gross_margin": null,
            "gross_margin_4q_avg": 0,
            "net_income": null,
            "net_income_4q": null,
            "revenue": null,
            "revenue_4q": null,
            "common_shares": null,
            "book_valuer_per_share": null,
            "book_valuer_per_share_4q_avg": 0,
            "equity": null,
            "current_ratio": null,
            "debt_ratio": null,
            "inventory_turnover_ratio": null,
            "account_receivable_turnover_ratio": null,
            "reinvestment_rate": null,
            "research_to_sale_ratio": null,
            "price_fair": 0,
            "eps_avg_yearly": 0,
            "eps_latest_yearly": 0,
            "eps_growth_yearly": 0
        },
        "20072": {
            "year_quarter": 20072,
            "year": 2007,
            "quarter": 2,
            "eps": null,
            "eps_growth_year": null,
            "eps_4q": null,
            "eps_4q_growth_year": null,
            "roe": null,
            "roe_4q": 0,
            "gross_profit": null,
            "gross_margin": null,
            "gross_margin_4q_avg": 0,
            "net_income": null,
            "net_income_4q": null,
            "revenue": null,
            "revenue_4q": null,
            "common_shares": null,
            "book_valuer_per_share": null,
            "book_valuer_per_share_4q_avg": 0,
            "equity": null,
            "current_ratio": null,
            "debt_ratio": null,
            "inventory_turnover_ratio": null,
            "account_receivable_turnover_ratio": null,
            "reinvestment_rate": null,
            "research_to_sale_ratio": null,
            "price_fair": 0,
            "eps_avg_yearly": 0,
            "eps_latest_yearly": 0,
            "eps_growth_yearly": 0
        },
        "20073": {
            "year_quarter": 20073,
            "year": 2007,
            "quarter": 3,
            "eps": null,
            "eps_growth_year": null,
            "eps_4q": null,
            "eps_4q_growth_year": null,
            "roe": null,
            "roe_4q": 0,
            "gross_profit": null,
            "gross_margin": null,
            "gross_margin_4q_avg": 0,
            "net_income": null,
            "net_income_4q": null,
            "revenue": null,
            "revenue_4q": null,
            "common_shares": null,
            "book_valuer_per_share": null,
            "book_valuer_per_share_4q_avg": 0,
            "equity": null,
            "current_ratio": null,
            "debt_ratio": null,
            "inventory_turnover_ratio": null,
            "account_receivable_turnover_ratio": null,
            "reinvestment_rate": null,
            "research_to_sale_ratio": null,
            "price_fair": 0,
            "eps_avg_yearly": 0,
            "eps_latest_yearly": 0,
            "eps_growth_yearly": 0
        },
        "20074": {
            "year_quarter": 20074,
            "year": 2007,
            "quarter": 4,
            "eps": null,
            "eps_growth_year": null,
            "eps_4q": null,
            "eps_4q_growth_year": null,
            "roe": null,
            "roe_4q": 0,
            "gross_profit": null,
            "gross_margin": null,
            "gross_margin_4q_avg": 0,
            "net_income": null,
            "net_income_4q": null,
            "revenue": null,
            "revenue_4q": null,
            "common_shares": null,
            "book_valuer_per_share": null,
            "book_valuer_per_share_4q_avg": 0,
            "equity": null,
            "current_ratio": null,
            "debt_ratio": null,
            "inventory_turnover_ratio": null,
            "account_receivable_turnover_ratio": null,
            "reinvestment_rate": null,
            "research_to_sale_ratio": null,
            "price_fair": 0,
            "eps_avg_yearly": 0,
            "eps_latest_yearly": 0,
            "eps_growth_yearly": 0
        },
        "20081": {
            "year_quarter": 20081,
            "year": 2008,
            "quarter": 1,
            "eps": null,
            "eps_growth_year": null,
            "eps_4q": null,
            "eps_4q_growth_year": null,
            "roe": null,
            "roe_4q": 0,
            "gross_profit": null,
            "gross_margin": null,
            "gross_margin_4q_avg": 0,
            "net_income": null,
            "net_income_4q": null,
            "revenue": null,
            "revenue_4q": null,
            "common_shares": null,
            "book_valuer_per_share": null,
            "book_valuer_per_share_4q_avg": 0,
            "equity": null,
            "current_ratio": null,
            "debt_ratio": null,
            "inventory_turnover_ratio": null,
            "account_receivable_turnover_ratio": null,
            "reinvestment_rate": null,
            "research_to_sale_ratio": null,
            "price_fair": 0,
            "eps_avg_yearly": 0,
            "eps_latest_yearly": 0,
            "eps_growth_yearly": 0
        },
        "20082": {
            "year_quarter": 20082,
            "year": 2008,
            "quarter": 2,
            "eps": null,
            "eps_growth_year": null,
            "eps_4q": null,
            "eps_4q_growth_year": null,
            "roe": null,
            "roe_4q": 0,
            "gross_profit": null,
            "gross_margin": null,
            "gross_margin_4q_avg": 0,
            "net_income": null,
            "net_income_4q": null,
            "revenue": null,
            "revenue_4q": null,
            "common_shares": null,
            "book_valuer_per_share": null,
            "book_valuer_per_share_4q_avg": 0,
            "equity": null,
            "current_ratio": null,
            "debt_ratio": null,
            "inventory_turnover_ratio": null,
            "account_receivable_turnover_ratio": null,
            "reinvestment_rate": null,
            "research_to_sale_ratio": null,
            "price_fair": 0,
            "eps_avg_yearly": 0,
            "eps_latest_yearly": 0,
            "eps_growth_yearly": 0
        },
        "20083": {
            "year_quarter": 20083,
            "year": 2008,
            "quarter": 3,
            "eps": null,
            "eps_growth_year": null,
            "eps_4q": null,
            "eps_4q_growth_year": null,
            "roe": null,
            "roe_4q": 0,
            "gross_profit": null,
            "gross_margin": null,
            "gross_margin_4q_avg": 0,
            "net_income": null,
            "net_income_4q": null,
            "revenue": null,
            "revenue_4q": null,
            "common_shares": null,
            "book_valuer_per_share": null,
            "book_valuer_per_share_4q_avg": 0,
            "equity": null,
            "current_ratio": null,
            "debt_ratio": null,
            "inventory_turnover_ratio": null,
            "account_receivable_turnover_ratio": null,
            "reinvestment_rate": null,
            "research_to_sale_ratio": null,
            "price_fair": 0,
            "eps_avg_yearly": 0,
            "eps_latest_yearly": 0,
            "eps_growth_yearly": 0
        },
        "20084": {
            "year_quarter": 20084,
            "year": 2008,
            "quarter": 4,
            "eps": null,
            "eps_growth_year": null,
            "eps_4q": null,
            "eps_4q_growth_year": null,
            "roe": null,
            "roe_4q": 0,
            "gross_profit": null,
            "gross_margin": null,
            "gross_margin_4q_avg": 0,
            "net_income": null,
            "net_income_4q": null,
            "revenue": null,
            "revenue_4q": null,
            "common_shares": 441004,
            "book_valuer_per_share": 65.02,
            "book_valuer_per_share_4q_avg": 16.26,
            "equity": 2867253,
            "current_ratio": 222.53,
            "debt_ratio": 29.53,
            "inventory_turnover_ratio": null,
            "account_receivable_turnover_ratio": null,
            "reinvestment_rate": null,
            "research_to_sale_ratio": null,
            "price_fair": 0,
            "eps_avg_yearly": 0,
            "eps_latest_yearly": 0,
            "eps_growth_yearly": 0
        },
        "20091": {
            "year_quarter": 20091,
            "year": 2009,
            "quarter": 1,
            "eps": null,
            "eps_growth_year": null,
            "eps_4q": null,
            "eps_4q_growth_year": null,
            "roe": null,
            "roe_4q": 0,
            "gross_profit": null,
            "gross_margin": null,
            "gross_margin_4q_avg": 0,
            "net_income": null,
            "net_income_4q": null,
            "revenue": null,
            "revenue_4q": null,
            "common_shares": null,
            "book_valuer_per_share": null,
            "book_valuer_per_share_4q_avg": 16.26,
            "equity": null,
            "current_ratio": null,
            "debt_ratio": null,
            "inventory_turnover_ratio": null,
            "account_receivable_turnover_ratio": null,
            "reinvestment_rate": null,
            "research_to_sale_ratio": null,
            "price_fair": 0,
            "eps_avg_yearly": 0,
            "eps_latest_yearly": 0,
            "eps_growth_yearly": 0
        },
        "20092": {
            "year_quarter": 20092,
            "year": 2009,
            "quarter": 2,
            "eps": null,
            "eps_growth_year": null,
            "eps_4q": null,
            "eps_4q_growth_year": null,
            "roe": null,
            "roe_4q": 0,
            "gross_profit": null,
            "gross_margin": null,
            "gross_margin_4q_avg": 0,
            "net_income": null,
            "net_income_4q": null,
            "revenue": null,
            "revenue_4q": null,
            "common_shares": null,
            "book_valuer_per_share": null,
            "book_valuer_per_share_4q_avg": 16.26,
            "equity": null,
            "current_ratio": null,
            "debt_ratio": null,
            "inventory_turnover_ratio": null,
            "account_receivable_turnover_ratio": null,
            "reinvestment_rate": null,
            "research_to_sale_ratio": null,
            "price_fair": 0,
            "eps_avg_yearly": 0,
            "eps_latest_yearly": 0,
            "eps_growth_yearly": 0
        },
        "20093": {
            "year_quarter": 20093,
            "year": 2009,
            "quarter": 3,
            "eps": null,
            "eps_growth_year": null,
            "eps_4q": null,
            "eps_4q_growth_year": null,
            "roe": null,
            "roe_4q": 0,
            "gross_profit": null,
            "gross_margin": null,
            "gross_margin_4q_avg": 0,
            "net_income": null,
            "net_income_4q": null,
            "revenue": null,
            "revenue_4q": null,
            "common_shares": null,
            "book_valuer_per_share": null,
            "book_valuer_per_share_4q_avg": 16.26,
            "equity": null,
            "current_ratio": null,
            "debt_ratio": null,
            "inventory_turnover_ratio": null,
            "account_receivable_turnover_ratio": null,
            "reinvestment_rate": null,
            "research_to_sale_ratio": null,
            "price_fair": 0,
            "eps_avg_yearly": 0,
            "eps_latest_yearly": 0,
            "eps_growth_yearly": 0
        },
        "20094": {
            "year_quarter": 20094,
            "year": 2009,
            "quarter": 4,
            "eps": null,
            "eps_growth_year": null,
            "eps_4q": null,
            "eps_4q_growth_year": null,
            "roe": null,
            "roe_4q": 0,
            "gross_profit": null,
            "gross_margin": null,
            "gross_margin_4q_avg": 0,
            "net_income": null,
            "net_income_4q": null,
            "revenue": null,
            "revenue_4q": null,
            "common_shares": 441004,
            "book_valuer_per_share": 66.29,
            "book_valuer_per_share_4q_avg": 16.57,
            "equity": 2923231,
            "current_ratio": 221.21,
            "debt_ratio": 34.27,
            "inventory_turnover_ratio": null,
            "account_receivable_turnover_ratio": null,
            "reinvestment_rate": null,
            "research_to_sale_ratio": null,
            "price_fair": 0,
            "eps_avg_yearly": 0,
            "eps_latest_yearly": 0,
            "eps_growth_yearly": 0
        },
        "20101": {
            "year_quarter": 20101,
            "year": 2010,
            "quarter": 1,
            "eps": null,
            "eps_growth_year": null,
            "eps_4q": null,
            "eps_4q_growth_year": null,
            "roe": null,
            "roe_4q": 0,
            "gross_profit": 175725,
            "gross_margin": null,
            "gross_margin_4q_avg": 0,
            "net_income": 68918,
            "net_income_4q": null,
            "revenue": 624235,
            "revenue_4q": null,
            "common_shares": 441004,
            "book_valuer_per_share": 67.6,
            "book_valuer_per_share_4q_avg": 33.47,
            "equity": 2981398,
            "current_ratio": 262.05,
            "debt_ratio": 30.72,
            "inventory_turnover_ratio": null,
            "account_receivable_turnover_ratio": null,
            "reinvestment_rate": null,
            "research_to_sale_ratio": null,
            "price_fair": 0,
            "eps_avg_yearly": 0,
            "eps_latest_yearly": 0,
            "eps_growth_yearly": 0
        },
        "20102": {
            "year_quarter": 20102,
            "year": 2010,
            "quarter": 2,
            "eps": null,
            "eps_growth_year": null,
            "eps_4q": null,
            "eps_4q_growth_year": null,
            "roe": null,
            "roe_4q": 0,
            "gross_profit": 195736,
            "gross_margin": null,
            "gross_margin_4q_avg": 0,
            "net_income": 62531,
            "net_income_4q": null,
            "revenue": 868629,
            "revenue_4q": null,
            "common_shares": 441005,
            "book_valuer_per_share": 69.27,
            "book_valuer_per_share_4q_avg": 50.79,
            "equity": 3055030,
            "current_ratio": 236.86,
            "debt_ratio": 32.63,
            "inventory_turnover_ratio": null,
            "account_receivable_turnover_ratio": null,
            "reinvestment_rate": null,
            "research_to_sale_ratio": null,
            "price_fair": 0,
            "eps_avg_yearly": 0,
            "eps_latest_yearly": 0,
            "eps_growth_yearly": 0
        },
        "20103": {
            "year_quarter": 20103,
            "year": 2010,
            "quarter": 3,
            "eps": null,
            "eps_growth_year": null,
            "eps_4q": null,
            "eps_4q_growth_year": null,
            "roe": null,
            "roe_4q": 0,
            "gross_profit": 230752,
            "gross_margin": null,
            "gross_margin_4q_avg": 0,
            "net_income": 99570,
            "net_income_4q": null,
            "revenue": 888884,
            "revenue_4q": null,
            "common_shares": 653747,
            "book_valuer_per_share": 57.04,
            "book_valuer_per_share_4q_avg": 65.05,
            "equity": 3729027,
            "current_ratio": 255.5,
            "debt_ratio": 30.18,
            "inventory_turnover_ratio": null,
            "account_receivable_turnover_ratio": null,
            "reinvestment_rate": null,
            "research_to_sale_ratio": null,
            "price_fair": 0,
            "eps_avg_yearly": 0,
            "eps_latest_yearly": 0,
            "eps_growth_yearly": 0
        },
        "20104": {
            "year_quarter": 20104,
            "year": 2010,
            "quarter": 4,
            "eps": null,
            "eps_growth_year": null,
            "eps_4q": null,
            "eps_4q_growth_year": null,
            "roe": null,
            "roe_4q": 0,
            "gross_profit": 123774,
            "gross_margin": null,
            "gross_margin_4q_avg": 0,
            "net_income": 25636,
            "net_income_4q": null,
            "revenue": 701039,
            "revenue_4q": null,
            "common_shares": 662455,
            "book_valuer_per_share": 33.73,
            "book_valuer_per_share_4q_avg": 56.91,
            "equity": 3614825,
            "current_ratio": 247.02,
            "debt_ratio": 30.7,
            "inventory_turnover_ratio": null,
            "account_receivable_turnover_ratio": null,
            "reinvestment_rate": null,
            "research_to_sale_ratio": null,
            "price_fair": 0,
            "eps_avg_yearly": 0,
            "eps_latest_yearly": 0,
            "eps_growth_yearly": 0
        },
        "20111": {
            "year_quarter": 20111,
            "year": 2011,
            "quarter": 1,
            "eps": 1.08,
            "eps_growth_year": null,
            "eps_4q": 1.06,
            "eps_4q_growth_year": null,
            "roe": 3.52,
            "roe_4q": 3.52,
            "gross_profit": 255826,
            "gross_margin": 28.55,
            "gross_margin_4q_avg": 7.14,
            "net_income": 130644,
            "net_income_4q": null,
            "revenue": 895946,
            "revenue_4q": null,
            "common_shares": 1227049,
            "book_valuer_per_share": 31.06,
            "book_valuer_per_share_4q_avg": 47.78,
            "equity": 3811778,
            "current_ratio": 247.97,
            "debt_ratio": 30.09,
            "inventory_turnover_ratio": 1.55,
            "account_receivable_turnover_ratio": 0.86,
            "reinvestment_rate": null,
            "research_to_sale_ratio": 3.7,
            "price_fair": 0,
            "eps_avg_yearly": 0,
            "eps_latest_yearly": 0,
            "eps_growth_yearly": 0
        },
        "20112": {
            "year_quarter": 20112,
            "year": 2011,
            "quarter": 2,
            "eps": 1.16,
            "eps_growth_year": null,
            "eps_4q": 2.22,
            "eps_4q_growth_year": null,
            "roe": 3.71,
            "roe_4q": 7.23,
            "gross_profit": 155262,
            "gross_margin": 19.88,
            "gross_margin_4q_avg": 12.11,
            "net_income": 143126,
            "net_income_4q": null,
            "revenue": 781057,
            "revenue_4q": null,
            "common_shares": 1227049,
            "book_valuer_per_share": 31.8,
            "book_valuer_per_share_4q_avg": 38.41,
            "equity": 3901818,
            "current_ratio": 218.93,
            "debt_ratio": 32.54,
            "inventory_turnover_ratio": 1.02,
            "account_receivable_turnover_ratio": 0.78,
            "reinvestment_rate": null,
            "research_to_sale_ratio": 4.96,
            "price_fair": 162.4,
            "eps_avg_yearly": 4.64,
            "eps_latest_yearly": 4.64,
            "eps_growth_yearly": 29.63
        },
        "20113": {
            "year_quarter": 20113,
            "year": 2011,
            "quarter": 3,
            "eps": 0.73,
            "eps_growth_year": null,
            "eps_4q": 2.7,
            "eps_4q_growth_year": null,
            "roe": 2.28,
            "roe_4q": 9.51,
            "gross_profit": 281787,
            "gross_margin": 22,
            "gross_margin_4q_avg": 17.61,
            "net_income": 101166,
            "net_income_4q": null,
            "revenue": 1281104,
            "revenue_4q": null,
            "common_shares": 1386854,
            "book_valuer_per_share": 35.82,
            "book_valuer_per_share_4q_avg": 33.1,
            "equity": 4967922,
            "current_ratio": 264.16,
            "debt_ratio": 29.06,
            "inventory_turnover_ratio": 1.37,
            "account_receivable_turnover_ratio": 1.11,
            "reinvestment_rate": null,
            "research_to_sale_ratio": 3.18,
            "price_fair": 11.34,
            "eps_avg_yearly": 3.78,
            "eps_latest_yearly": 2.92,
            "eps_growth_yearly": -59.32
        },
        "20114": {
            "year_quarter": 20114,
            "year": 2011,
            "quarter": 4,
            "eps": 1.03,
            "eps_growth_year": null,
            "eps_4q": 3.73,
            "eps_4q_growth_year": null,
            "roe": 2.83,
            "roe_4q": 12.34,
            "gross_profit": 269542,
            "gross_margin": 26.5,
            "gross_margin_4q_avg": 24.23,
            "net_income": 142428,
            "net_income_4q": null,
            "revenue": 1017021,
            "revenue_4q": null,
            "common_shares": 1387331,
            "book_valuer_per_share": 36.68,
            "book_valuer_per_share_4q_avg": 33.84,
            "equity": 5088122,
            "current_ratio": 328.28,
            "debt_ratio": 23.22,
            "inventory_turnover_ratio": 1.09,
            "account_receivable_turnover_ratio": 0.8,
            "reinvestment_rate": null,
            "research_to_sale_ratio": 4.12,
            "price_fair": 98.29,
            "eps_avg_yearly": 3.89,
            "eps_latest_yearly": 4.12,
            "eps_growth_yearly": 15.25
        },
        "20121": {
            "year_quarter": 20121,
            "year": 2012,
            "quarter": 1,
            "eps": 0.15,
            "eps_growth_year": -86.11,
            "eps_4q": 2.93,
            "eps_4q_growth_year": 175.55,
            "roe": 0.4,
            "roe_4q": 9.219999999999999,
            "gross_profit": 148127,
            "gross_margin": 17.31,
            "gross_margin_4q_avg": 21.42,
            "net_income": 20295,
            "net_income_4q": null,
            "revenue": 855588,
            "revenue_4q": null,
            "common_shares": 1387331,
            "book_valuer_per_share": 37.21,
            "book_valuer_per_share_4q_avg": 35.38,
            "equity": 5161939,
            "current_ratio": 296.57,
            "debt_ratio": 23.94,
            "inventory_turnover_ratio": 1.07,
            "account_receivable_turnover_ratio": 0.77,
            "reinvestment_rate": null,
            "research_to_sale_ratio": 4.36,
            "price_fair": 9.21,
            "eps_avg_yearly": 3.07,
            "eps_latest_yearly": 0.6,
            "eps_growth_yearly": -74
        },
        "20122": {
            "year_quarter": 20122,
            "year": 2012,
            "quarter": 2,
            "eps": 0.39,
            "eps_growth_year": -66.85,
            "eps_4q": 2.29,
            "eps_4q_growth_year": 2.91,
            "roe": 1.06,
            "roe_4q": 6.57,
            "gross_profit": 242414,
            "gross_margin": 20.99,
            "gross_margin_4q_avg": 21.7,
            "net_income": 53431,
            "net_income_4q": null,
            "revenue": 1154883,
            "revenue_4q": null,
            "common_shares": 1387331,
            "book_valuer_per_share": 35.36,
            "book_valuer_per_share_4q_avg": 36.27,
            "equity": 4906086,
            "current_ratio": 223.64,
            "debt_ratio": 30.01,
            "inventory_turnover_ratio": 1.38,
            "account_receivable_turnover_ratio": 0.95,
            "reinvestment_rate": null,
            "research_to_sale_ratio": 3.63,
            "price_fair": 96.88,
            "eps_avg_yearly": 2.77,
            "eps_latest_yearly": 1.56,
            "eps_growth_yearly": 68.8
        },
        "20123": {
            "year_quarter": 20123,
            "year": 2012,
            "quarter": 3,
            "eps": 1.02,
            "eps_growth_year": 39.19,
            "eps_4q": 2.57,
            "eps_4q_growth_year": -4.81,
            "roe": 2.85,
            "roe_4q": 7.140000000000001,
            "gross_profit": 334833,
            "gross_margin": 20.84,
            "gross_margin_4q_avg": 21.41,
            "net_income": 140864,
            "net_income_4q": null,
            "revenue": 1606336,
            "revenue_4q": null,
            "common_shares": 1387331,
            "book_valuer_per_share": 35.92,
            "book_valuer_per_share_4q_avg": 36.29,
            "equity": 4983287,
            "current_ratio": 213.12,
            "debt_ratio": 32.87,
            "inventory_turnover_ratio": 1.74,
            "account_receivable_turnover_ratio": 0.96,
            "reinvestment_rate": null,
            "research_to_sale_ratio": 2.7,
            "price_fair": 104.53,
            "eps_avg_yearly": 2.99,
            "eps_latest_yearly": 4.08,
            "eps_growth_yearly": 165.02
        },
        "20124": {
            "year_quarter": 20124,
            "year": 2012,
            "quarter": 4,
            "eps": 0.65,
            "eps_growth_year": -36.9,
            "eps_4q": 2.19,
            "eps_4q_growth_year": -41.15,
            "roe": 1.79,
            "roe_4q": 6.100000000000001,
            "gross_profit": 324590,
            "gross_margin": 23.26,
            "gross_margin_4q_avg": 20.6,
            "net_income": 89866,
            "net_income_4q": null,
            "revenue": 1395556,
            "revenue_4q": null,
            "common_shares": 1387331,
            "book_valuer_per_share": 36.53,
            "book_valuer_per_share_4q_avg": 36.26,
            "equity": 5068330,
            "current_ratio": 246.94,
            "debt_ratio": 28.08,
            "inventory_turnover_ratio": 1.31,
            "account_receivable_turnover_ratio": 0.72,
            "reinvestment_rate": null,
            "research_to_sale_ratio": 3.43,
            "price_fair": 102.6,
            "eps_avg_yearly": 2.93,
            "eps_latest_yearly": 2.6,
            "eps_growth_yearly": 120.72
        },
        "20131": {
            "year_quarter": 20131,
            "year": 2013,
            "quarter": 1,
            "eps": 0.42,
            "eps_growth_year": 180,
            "eps_4q": 2.47,
            "eps_4q_growth_year": -15.85,
            "roe": 1.13,
            "roe_4q": 6.83,
            "gross_profit": 207377,
            "gross_margin": 21.74,
            "gross_margin_4q_avg": 21.71,
            "net_income": 58326,
            "net_income_4q": null,
            "revenue": 953863,
            "revenue_4q": null,
            "common_shares": 1387331,
            "book_valuer_per_share": 37.68,
            "book_valuer_per_share_4q_avg": 36.37,
            "equity": 5228020,
            "current_ratio": 259.38,
            "debt_ratio": 27.21,
            "inventory_turnover_ratio": 0.91,
            "account_receivable_turnover_ratio": 0.53,
            "reinvestment_rate": null,
            "research_to_sale_ratio": 4.18,
            "price_fair": 97.13,
            "eps_avg_yearly": 2.78,
            "eps_latest_yearly": 1.68,
            "eps_growth_yearly": 87.94
        },
        "20132": {
            "year_quarter": 20132,
            "year": 2013,
            "quarter": 2,
            "eps": 0.22,
            "eps_growth_year": -42.88,
            "eps_4q": 2.3,
            "eps_4q_growth_year": 0.57,
            "roe": 0.58,
            "roe_4q": 6.35,
            "gross_profit": 196230,
            "gross_margin": 19.01,
            "gross_margin_4q_avg": 21.21,
            "net_income": 30058,
            "net_income_4q": null,
            "revenue": 1032398,
            "revenue_4q": null,
            "common_shares": 1387331,
            "book_valuer_per_share": 37.13,
            "book_valuer_per_share_4q_avg": 36.82,
            "equity": 5150573,
            "current_ratio": 266.24,
            "debt_ratio": 25.66,
            "inventory_turnover_ratio": 1.09,
            "account_receivable_turnover_ratio": 0.67,
            "reinvestment_rate": null,
            "research_to_sale_ratio": 4.25,
            "price_fair": 89.76,
            "eps_avg_yearly": 2.56,
            "eps_latest_yearly": 0.88,
            "eps_growth_yearly": 57
        },
        "20133": {
            "year_quarter": 20133,
            "year": 2013,
            "quarter": 3,
            "eps": 0.53,
            "eps_growth_year": -47.8,
            "eps_4q": 1.81,
            "eps_4q_growth_year": -29.61,
            "roe": 1.41,
            "roe_4q": 4.91,
            "gross_profit": 271950,
            "gross_margin": 21.79,
            "gross_margin_4q_avg": 21.45,
            "net_income": 73064,
            "net_income_4q": null,
            "revenue": 1248025,
            "revenue_4q": null,
            "common_shares": 1387331,
            "book_valuer_per_share": 37.4,
            "book_valuer_per_share_4q_avg": 37.19,
            "equity": 5188813,
            "current_ratio": 236.01,
            "debt_ratio": 29.64,
            "inventory_turnover_ratio": 1.35,
            "account_receivable_turnover_ratio": 0.83,
            "reinvestment_rate": null,
            "research_to_sale_ratio": 3.41,
            "price_fair": 88.2,
            "eps_avg_yearly": 2.52,
            "eps_latest_yearly": 2.12,
            "eps_growth_yearly": 107.67
        },
        "20134": {
            "year_quarter": 20134,
            "year": 2013,
            "quarter": 4,
            "eps": 0.42,
            "eps_growth_year": -35.5,
            "eps_4q": 1.63,
            "eps_4q_growth_year": -25.7,
            "roe": 1.08,
            "roe_4q": 4.2,
            "gross_profit": 238997,
            "gross_margin": 19.71,
            "gross_margin_4q_avg": 20.56,
            "net_income": 55621,
            "net_income_4q": null,
            "revenue": 1212466,
            "revenue_4q": null,
            "common_shares": 1387331,
            "book_valuer_per_share": 38.38,
            "book_valuer_per_share_4q_avg": 37.65,
            "equity": 5109073,
            "current_ratio": 248.2,
            "debt_ratio": 27.38,
            "inventory_turnover_ratio": 1.34,
            "account_receivable_turnover_ratio": 0.76,
            "reinvestment_rate": 78.82,
            "research_to_sale_ratio": 4.23,
            "price_fair": 85.53,
            "eps_avg_yearly": 2.44,
            "eps_latest_yearly": 1.68,
            "eps_growth_yearly": 90.33
        },
        "20141": {
            "year_quarter": 20141,
            "year": 2014,
            "quarter": 1,
            "eps": 1.08,
            "eps_growth_year": 157.14,
            "eps_4q": 2.32,
            "eps_4q_growth_year": -6.01,
            "roe": 2.73,
            "roe_4q": 5.8,
            "gross_profit": 300944,
            "gross_margin": 23.04,
            "gross_margin_4q_avg": 20.89,
            "net_income": 139951,
            "net_income_4q": null,
            "revenue": 1306443,
            "revenue_4q": null,
            "common_shares": 1387331,
            "book_valuer_per_share": 40.03,
            "book_valuer_per_share_4q_avg": 38.24,
            "equity": 5153218,
            "current_ratio": 231.71,
            "debt_ratio": 29.44,
            "inventory_turnover_ratio": 1.36,
            "account_receivable_turnover_ratio": 0.8,
            "reinvestment_rate": 75.55,
            "research_to_sale_ratio": 3.37,
            "price_fair": 91,
            "eps_avg_yearly": 2.6,
            "eps_latest_yearly": 4.32,
            "eps_growth_yearly": 135.18
        },
        "20142": {
            "year_quarter": 20142,
            "year": 2014,
            "quarter": 2,
            "eps": 0.81,
            "eps_growth_year": 268.18,
            "eps_4q": 2.9,
            "eps_4q_growth_year": 26.14,
            "roe": 2.05,
            "roe_4q": 7.27,
            "gross_profit": 306861,
            "gross_margin": 20.97,
            "gross_margin_4q_avg": 21.38,
            "net_income": 104874,
            "net_income_4q": null,
            "revenue": 1463566,
            "revenue_4q": null,
            "common_shares": 1387331,
            "book_valuer_per_share": 39.33,
            "book_valuer_per_share_4q_avg": 38.79,
            "equity": 5063318,
            "current_ratio": 218.52,
            "debt_ratio": 30.65,
            "inventory_turnover_ratio": 1.59,
            "account_receivable_turnover_ratio": 0.85,
            "reinvestment_rate": 62.61,
            "research_to_sale_ratio": 3.14,
            "price_fair": 92.72,
            "eps_avg_yearly": 2.65,
            "eps_latest_yearly": 3.24,
            "eps_growth_yearly": 117.09
        },
        "20143": {
            "year_quarter": 20143,
            "year": 2014,
            "quarter": 3,
            "eps": 1.39,
            "eps_growth_year": 162.26,
            "eps_4q": 3.72,
            "eps_4q_growth_year": 105.52,
            "roe": 3.45,
            "roe_4q": 9.31,
            "gross_profit": 369721,
            "gross_margin": 22.04,
            "gross_margin_4q_avg": 21.44,
            "net_income": 179121,
            "net_income_4q": null,
            "revenue": 1677237,
            "revenue_4q": null,
            "common_shares": 1387521,
            "book_valuer_per_share": 41.21,
            "book_valuer_per_share_4q_avg": 39.74,
            "equity": 5306416,
            "current_ratio": 240.64,
            "debt_ratio": 28.23,
            "inventory_turnover_ratio": 1.86,
            "account_receivable_turnover_ratio": 0.92,
            "reinvestment_rate": 55.59,
            "research_to_sale_ratio": 2.65,
            "price_fair": 100,
            "eps_avg_yearly": 2.86,
            "eps_latest_yearly": 5.56,
            "eps_growth_yearly": 129.19
        },
        "20144": {
            "year_quarter": 20144,
            "year": 2014,
            "quarter": 4,
            "eps": 1.22,
            "eps_growth_year": 193.08,
            "eps_4q": 4.5,
            "eps_4q_growth_year": 175.98,
            "roe": 2.9,
            "roe_4q": 11.129999999999999,
            "gross_profit": 356340,
            "gross_margin": 19.86,
            "gross_margin_4q_avg": 21.48,
            "net_income": 158491,
            "net_income_4q": null,
            "revenue": 1794327,
            "revenue_4q": null,
            "common_shares": 1394251,
            "book_valuer_per_share": 43.57,
            "book_valuer_per_share_4q_avg": 41.04,
            "equity": 5639662,
            "current_ratio": 243.79,
            "debt_ratio": 28.7,
            "inventory_turnover_ratio": 2.04,
            "account_receivable_turnover_ratio": 0.91,
            "reinvestment_rate": 49.44,
            "research_to_sale_ratio": 2.43,
            "price_fair": 104.72,
            "eps_avg_yearly": 2.99,
            "eps_latest_yearly": 4.88,
            "eps_growth_yearly": 117.31
        },
        "20151": {
            "year_quarter": 20151,
            "year": 2015,
            "quarter": 1,
            "eps": 1.11,
            "eps_growth_year": 2.78,
            "eps_4q": 4.52,
            "eps_4q_growth_year": 94.89,
            "roe": 2.52,
            "roe_4q": 10.920000000000002,
            "gross_profit": 338589,
            "gross_margin": 21.8,
            "gross_margin_4q_avg": 21.17,
            "net_income": 143445,
            "net_income_4q": null,
            "revenue": 1553467,
            "revenue_4q": null,
            "common_shares": 1395751,
            "book_valuer_per_share": 44.29,
            "book_valuer_per_share_4q_avg": 42.1,
            "equity": 5738709,
            "current_ratio": 253.55,
            "debt_ratio": 28.15,
            "inventory_turnover_ratio": 1.73,
            "account_receivable_turnover_ratio": 0.79,
            "reinvestment_rate": 36.41,
            "research_to_sale_ratio": 2.66,
            "price_fair": 107.89,
            "eps_avg_yearly": 3.08,
            "eps_latest_yearly": 4.44,
            "eps_growth_yearly": 107.73
        },
        "20152": {
            "year_quarter": 20152,
            "year": 2015,
            "quarter": 2,
            "eps": 1.2,
            "eps_growth_year": 48.15,
            "eps_4q": 4.92,
            "eps_4q_growth_year": 69.42,
            "roe": 2.75,
            "roe_4q": 11.620000000000001,
            "gross_profit": 395010,
            "gross_margin": 22.66,
            "gross_margin_4q_avg": 21.59,
            "net_income": 155866,
            "net_income_4q": null,
            "revenue": 1743488,
            "revenue_4q": null,
            "common_shares": 1395751,
            "book_valuer_per_share": 43.2,
            "book_valuer_per_share_4q_avg": 43.07,
            "equity": 5598273,
            "current_ratio": 215.27,
            "debt_ratio": 33.46,
            "inventory_turnover_ratio": 1.88,
            "account_receivable_turnover_ratio": 0.86,
            "reinvestment_rate": 26.48,
            "research_to_sale_ratio": 2.39,
            "price_fair": 108.24,
            "eps_avg_yearly": 3.09,
            "eps_latest_yearly": 4.8,
            "eps_growth_yearly": 107.9
        },
        "20153": {
            "year_quarter": 20153,
            "year": 2015,
            "quarter": 3,
            "eps": 2.48,
            "eps_growth_year": 78.42,
            "eps_4q": 6.01,
            "eps_4q_growth_year": 61.41,
            "roe": 5.52,
            "roe_4q": 13.69,
            "gross_profit": 494514,
            "gross_margin": 25.05,
            "gross_margin_4q_avg": 22.34,
            "net_income": 321280,
            "net_income_4q": null,
            "revenue": 1973928,
            "revenue_4q": null,
            "common_shares": 1396501,
            "book_valuer_per_share": 46.64,
            "book_valuer_per_share_4q_avg": 44.43,
            "equity": 6047357,
            "current_ratio": 222.8,
            "debt_ratio": 31.31,
            "inventory_turnover_ratio": 2.22,
            "account_receivable_turnover_ratio": 0.9,
            "reinvestment_rate": 28.6,
            "research_to_sale_ratio": 2.26,
            "price_fair": 123.55,
            "eps_avg_yearly": 3.53,
            "eps_latest_yearly": 9.92,
            "eps_growth_yearly": 143.84
        },
        "20154": {
            "year_quarter": 20154,
            "year": 2015,
            "quarter": 4,
            "eps": 1.88,
            "eps_growth_year": 53.38,
            "eps_4q": 6.66,
            "eps_4q_growth_year": 48.08,
            "roe": 3.97,
            "roe_4q": 14.76,
            "gross_profit": 479970,
            "gross_margin": 26.79,
            "gross_margin_4q_avg": 24.08,
            "net_income": 243567,
            "net_income_4q": null,
            "revenue": 1791454,
            "revenue_4q": null,
            "common_shares": 1396801,
            "book_valuer_per_share": 48.09,
            "book_valuer_per_share_4q_avg": 45.56,
            "equity": 6235797,
            "current_ratio": 208.47,
            "debt_ratio": 32.5,
            "inventory_turnover_ratio": 2.19,
            "account_receivable_turnover_ratio": 0.8,
            "reinvestment_rate": 42.02,
            "research_to_sale_ratio": 2.74,
            "price_fair": 130.99,
            "eps_avg_yearly": 3.74,
            "eps_latest_yearly": 7.52,
            "eps_growth_yearly": 127.52
        },
        "20161": {
            "year_quarter": 20161,
            "year": 2016,
            "quarter": 1,
            "eps": 1.33,
            "eps_growth_year": 19.82,
            "eps_4q": 6.89,
            "eps_4q_growth_year": 52.37,
            "roe": 2.75,
            "roe_4q": 14.99,
            "gross_profit": 351581,
            "gross_margin": 26.73,
            "gross_margin_4q_avg": 25.31,
            "net_income": 172814,
            "net_income_4q": null,
            "revenue": 1315243,
            "revenue_4q": null,
            "common_shares": 1396801,
            "book_valuer_per_share": 48.86,
            "book_valuer_per_share_4q_avg": 46.7,
            "equity": 6336156,
            "current_ratio": 227.74,
            "debt_ratio": 28.73,
            "inventory_turnover_ratio": 1.82,
            "account_receivable_turnover_ratio": 0.7,
            "reinvestment_rate": 32.14,
            "research_to_sale_ratio": 3.65,
            "price_fair": 141.31,
            "eps_avg_yearly": 4.04,
            "eps_latest_yearly": 5.32,
            "eps_growth_yearly": 141.56
        },
        "20162": {
            "year_quarter": 20162,
            "year": 2016,
            "quarter": 2,
            "eps": 1.95,
            "eps_growth_year": 62.5,
            "eps_4q": 7.58,
            "eps_4q_growth_year": 54.13,
            "roe": 4.09,
            "roe_4q": 16.33,
            "gross_profit": 467280,
            "gross_margin": 28.18,
            "gross_margin_4q_avg": 26.69,
            "net_income": 254342,
            "net_income_4q": null,
            "revenue": 1658444,
            "revenue_4q": null,
            "common_shares": 1409371,
            "book_valuer_per_share": 46.68,
            "book_valuer_per_share_4q_avg": 47.57,
            "equity": 6111717,
            "current_ratio": 195.17,
            "debt_ratio": 33.78,
            "inventory_turnover_ratio": 2.63,
            "account_receivable_turnover_ratio": 0.94,
            "reinvestment_rate": 25.51,
            "research_to_sale_ratio": 2.8,
            "price_fair": 154.96,
            "eps_avg_yearly": 4.43,
            "eps_latest_yearly": 7.8,
            "eps_growth_yearly": 113.21
        },
        "20163": {
            "year_quarter": 20163,
            "year": 2016,
            "quarter": 3,
            "eps": 1.91,
            "eps_growth_year": -22.98,
            "eps_4q": 7.03,
            "eps_4q_growth_year": 17.03,
            "roe": 4.05,
            "roe_4q": 14.860000000000001,
            "gross_profit": 474883,
            "gross_margin": 29.09,
            "gross_margin_4q_avg": 27.7,
            "net_income": 250085,
            "net_income_4q": null,
            "revenue": 1632330,
            "revenue_4q": null,
            "common_shares": 1409371,
            "book_valuer_per_share": 47.57,
            "book_valuer_per_share_4q_avg": 47.8,
            "equity": 6229319,
            "current_ratio": 249.22,
            "debt_ratio": 31.88,
            "inventory_turnover_ratio": 2.27,
            "account_receivable_turnover_ratio": 0.85,
            "reinvestment_rate": 33.8,
            "research_to_sale_ratio": 2.98,
            "price_fair": 162.75,
            "eps_avg_yearly": 4.65,
            "eps_latest_yearly": 7.64,
            "eps_growth_yearly": 72.32
        },
        "20164": {
            "year_quarter": 20164,
            "year": 2016,
            "quarter": 4,
            "eps": 0.86,
            "eps_growth_year": -54.13,
            "eps_4q": 6.03,
            "eps_4q_growth_year": -9.45,
            "roe": 1.79,
            "roe_4q": 12.68,
            "gross_profit": 328101,
            "gross_margin": 22.49,
            "gross_margin_4q_avg": 26.62,
            "net_income": 112815,
            "net_income_4q": null,
            "revenue": 1459041,
            "revenue_4q": null,
            "common_shares": 1409371,
            "book_valuer_per_share": 48.62,
            "book_valuer_per_share_4q_avg": 47.93,
            "equity": 6366434,
            "current_ratio": 260.05,
            "debt_ratio": 30.45,
            "inventory_turnover_ratio": 1.98,
            "account_receivable_turnover_ratio": 0.79,
            "reinvestment_rate": 36.31,
            "research_to_sale_ratio": 3.34,
            "price_fair": 164.59,
            "eps_avg_yearly": 4.7,
            "eps_latest_yearly": 3.44,
            "eps_growth_yearly": 67.64
        },
        "20171": {
            "year_quarter": 20171,
            "year": 2017,
            "quarter": 1,
            "eps": 0.57,
            "eps_growth_year": -57.14,
            "eps_4q": 5.29,
            "eps_4q_growth_year": -23.26,
            "roe": 1.2,
            "roe_4q": 11.129999999999999,
            "gross_profit": 261986,
            "gross_margin": 21.12,
            "gross_margin_4q_avg": 25.22,
            "net_income": 75106,
            "net_income_4q": null,
            "revenue": 1240760,
            "revenue_4q": null,
            "common_shares": 1309371,
            "book_valuer_per_share": 47.35,
            "book_valuer_per_share_4q_avg": 47.56,
            "equity": 6199592,
            "current_ratio": 312.28,
            "debt_ratio": 28.7,
            "inventory_turnover_ratio": 1.52,
            "account_receivable_turnover_ratio": 0.76,
            "reinvestment_rate": 36.08,
            "research_to_sale_ratio": 4,
            "price_fair": 165.9,
            "eps_avg_yearly": 4.74,
            "eps_latest_yearly": 2.28,
            "eps_growth_yearly": 68.06
        },
        "20172": {
            "year_quarter": 20172,
            "year": 2017,
            "quarter": 2,
            "eps": 0.64,
            "eps_growth_year": -67.18,
            "eps_4q": 3.99,
            "eps_4q_growth_year": -47.35,
            "roe": 1.39,
            "roe_4q": 8.43,
            "gross_profit": 252036,
            "gross_margin": 17.39,
            "gross_margin_4q_avg": 22.52,
            "net_income": 84254,
            "net_income_4q": null,
            "revenue": 1448963,
            "revenue_4q": null,
            "common_shares": 1309371,
            "book_valuer_per_share": 45.39,
            "book_valuer_per_share_4q_avg": 47.23,
            "equity": 5943139,
            "current_ratio": 252.27,
            "debt_ratio": 33,
            "inventory_turnover_ratio": 1.67,
            "account_receivable_turnover_ratio": 0.91,
            "reinvestment_rate": 42.38,
            "research_to_sale_ratio": 3.32,
            "price_fair": 169.58,
            "eps_avg_yearly": 4.85,
            "eps_latest_yearly": 2.56,
            "eps_growth_yearly": 83.03
        },
        "20173": {
            "year_quarter": 20173,
            "year": 2017,
            "quarter": 3,
            "eps": 0.6,
            "eps_growth_year": -68.59,
            "eps_4q": 2.68,
            "eps_4q_growth_year": -61.92,
            "roe": 1.31,
            "roe_4q": 5.69,
            "gross_profit": 267462,
            "gross_margin": 16.01,
            "gross_margin_4q_avg": 19.25,
            "net_income": 78450,
            "net_income_4q": null,
            "revenue": 1670705,
            "revenue_4q": null,
            "common_shares": 1309371,
            "book_valuer_per_share": 46.17,
            "book_valuer_per_share_4q_avg": 46.88,
            "equity": 6044761,
            "current_ratio": 259.13,
            "debt_ratio": 31.25,
            "inventory_turnover_ratio": 1.97,
            "account_receivable_turnover_ratio": 0.94,
            "reinvestment_rate": 42.5,
            "research_to_sale_ratio": 2.93,
            "price_fair": 170.19,
            "eps_avg_yearly": 4.86,
            "eps_latest_yearly": 2.4,
            "eps_growth_yearly": 46.24
        },
        "20174": {
            "year_quarter": 20174,
            "year": 2017,
            "quarter": 4,
            "eps": 0.26,
            "eps_growth_year": -70.15,
            "eps_4q": 2.07,
            "eps_4q_growth_year": -65.64,
            "roe": 0.56,
            "roe_4q": 4.46,
            "gross_profit": 204770,
            "gross_margin": 13.54,
            "gross_margin_4q_avg": 17.02,
            "net_income": 33673,
            "net_income_4q": null,
            "revenue": 1511975,
            "revenue_4q": null,
            "common_shares": 1309371,
            "book_valuer_per_share": 46.18,
            "book_valuer_per_share_4q_avg": 46.27,
            "equity": 6046161,
            "current_ratio": 279.72,
            "debt_ratio": 31.22,
            "inventory_turnover_ratio": 1.93,
            "account_receivable_turnover_ratio": 0.81,
            "reinvestment_rate": 35.76,
            "research_to_sale_ratio": 3.12,
            "price_fair": 168.79,
            "eps_avg_yearly": 4.82,
            "eps_latest_yearly": 1.04,
            "eps_growth_yearly": 37.27
        },
        "20181": {
            "year_quarter": 20181,
            "year": 2018,
            "quarter": 1,
            "eps": -0.2,
            "eps_growth_year": -135.09,
            "eps_4q": 1.3,
            "eps_4q_growth_year": -75.35,
            "roe": -0.43,
            "roe_4q": 2.83,
            "gross_profit": 127406,
            "gross_margin": 12.27,
            "gross_margin_4q_avg": 14.8,
            "net_income": -25696,
            "net_income_4q": null,
            "revenue": 1038527,
            "revenue_4q": null,
            "common_shares": 1309371,
            "book_valuer_per_share": 45.95,
            "book_valuer_per_share_4q_avg": 45.92,
            "equity": 6016899,
            "current_ratio": 324.55,
            "debt_ratio": 26.97,
            "inventory_turnover_ratio": 1.46,
            "account_receivable_turnover_ratio": 0.7,
            "reinvestment_rate": 38.38,
            "research_to_sale_ratio": 4.86,
            "price_fair": 14.57,
            "eps_avg_yearly": 4.86,
            "eps_latest_yearly": 1.04,
            "eps_growth_yearly": -2.15
        },
        "20182": {
            "year_quarter": 20182,
            "year": 2018,
            "quarter": 2,
            "eps": 0.24,
            "eps_growth_year": -62.5,
            "eps_4q": 0.9,
            "eps_4q_growth_year": -77.43,
            "roe": 0.52,
            "roe_4q": 1.9600000000000002,
            "gross_profit": 148970,
            "gross_margin": 13.73,
            "gross_margin_4q_avg": 13.89,
            "net_income": 31461,
            "net_income_4q": null,
            "revenue": 1084688,
            "revenue_4q": null,
            "common_shares": 1309371,
            "book_valuer_per_share": 45.72,
            "book_valuer_per_share_4q_avg": 46.01,
            "equity": 5986904,
            "current_ratio": 283.57,
            "debt_ratio": 29.64,
            "inventory_turnover_ratio": 1.45,
            "account_receivable_turnover_ratio": 0.9,
            "reinvestment_rate": 42.83,
            "research_to_sale_ratio": 4.91,
            "price_fair": 73.75,
            "eps_avg_yearly": 4.97,
            "eps_latest_yearly": 1.04,
            "eps_growth_yearly": 4.83
        },
        "20183": {
            "year_quarter": 20183,
            "year": 2018,
            "quarter": 3,
            "eps": 1,
            "eps_growth_year": 66.67,
            "eps_4q": 1.3,
            "eps_4q_growth_year": -51.5,
            "roe": 2.17,
            "roe_4q": 2.82,
            "gross_profit": 275411,
            "gross_margin": 14.84,
            "gross_margin_4q_avg": 13.6,
            "net_income": 130600,
            "net_income_4q": null,
            "revenue": 1855577,
            "revenue_4q": null,
            "common_shares": 1309371,
            "book_valuer_per_share": 46.2,
            "book_valuer_per_share_4q_avg": 46.01,
            "equity": 6049316,
            "current_ratio": 246.3,
            "debt_ratio": 32.11,
            "inventory_turnover_ratio": 2.38,
            "account_receivable_turnover_ratio": 1.15,
            "reinvestment_rate": 41.72,
            "research_to_sale_ratio": 2.35,
            "price_fair": 170.1,
            "eps_avg_yearly": 4.86,
            "eps_latest_yearly": 4,
            "eps_growth_yearly": 74.85
        },
        "20184": {
            "year_quarter": 20184,
            "year": 2018,
            "quarter": 4,
            "eps": 0.25,
            "eps_growth_year": -3.03,
            "eps_4q": 1.29,
            "eps_4q_growth_year": -37.74,
            "roe": 0.54,
            "roe_4q": 2.8,
            "gross_profit": 185357,
            "gross_margin": 12.83,
            "gross_margin_4q_avg": 13.42,
            "net_income": 32653,
            "net_income_4q": null,
            "revenue": 1445269,
            "revenue_4q": null,
            "common_shares": 1309371,
            "book_valuer_per_share": 46.67,
            "book_valuer_per_share_4q_avg": 46.14,
            "equity": 6110943,
            "current_ratio": 272.24,
            "debt_ratio": 29.43,
            "inventory_turnover_ratio": 2.16,
            "account_receivable_turnover_ratio": 0.81,
            "reinvestment_rate": 47.32,
            "research_to_sale_ratio": 3.08,
            "price_fair": 160.4,
            "eps_avg_yearly": 4.58,
            "eps_latest_yearly": 1,
            "eps_growth_yearly": 56.92
        },
        "20191": {
            "year_quarter": 20191,
            "year": 2019,
            "quarter": 1,
            "eps": 0.18,
            "eps_growth_year": null,
            "eps_4q": 1.67,
            "eps_4q_growth_year": 28.04,
            "roe": 0.39,
            "roe_4q": 3.62,
            "gross_profit": 170484,
            "gross_margin": 15.67,
            "gross_margin_4q_avg": 14.27,
            "net_income": 23822,
            "net_income_4q": null,
            "revenue": 1088307,
            "revenue_4q": null,
            "common_shares": 1309371,
            "book_valuer_per_share": 46.97,
            "book_valuer_per_share_4q_avg": 46.39,
            "equity": 6149641,
            "current_ratio": 293.2,
            "debt_ratio": 32.3,
            "inventory_turnover_ratio": 1.75,
            "account_receivable_turnover_ratio": 0.77,
            "reinvestment_rate": 50.61,
            "research_to_sale_ratio": 3.52,
            "price_fair": 151.1,
            "eps_avg_yearly": 4.32,
            "eps_latest_yearly": 0.72,
            "eps_growth_yearly": 51.49
        },
        "20192": {
            "year_quarter": 20192,
            "year": 2019,
            "quarter": 2,
            "eps": 0.38,
            "eps_growth_year": 58.33,
            "eps_4q": 1.81,
            "eps_4q_growth_year": 101.03,
            "roe": 0.82,
            "roe_4q": 3.92,
            "gross_profit": 178628,
            "gross_margin": 15.68,
            "gross_margin_4q_avg": 14.76,
            "net_income": 49920,
            "net_income_4q": null,
            "revenue": 1139567,
            "revenue_4q": null,
            "common_shares": 1309371,
            "book_valuer_per_share": 46.45,
            "book_valuer_per_share_4q_avg": 46.57,
            "equity": 6082462,
            "current_ratio": 274.75,
            "debt_ratio": 33.55,
            "inventory_turnover_ratio": 1.79,
            "account_receivable_turnover_ratio": 0.9,
            "reinvestment_rate": 48.59,
            "research_to_sale_ratio": 3.71,
            "price_fair": 142.9,
            "eps_avg_yearly": 4.08,
            "eps_latest_yearly": 1.52,
            "eps_growth_yearly": 80.92
        },
        "20193": {
            "year_quarter": 20193,
            "year": 2019,
            "quarter": 3,
            "eps": 1.11,
            "eps_growth_year": 11,
            "eps_4q": 1.92,
            "eps_4q_growth_year": 47.88,
            "roe": 2.37,
            "roe_4q": 4.12,
            "gross_profit": 289011,
            "gross_margin": 20.02,
            "gross_margin_4q_avg": 16.05,
            "net_income": 145064,
            "net_income_4q": null,
            "revenue": 1443863,
            "revenue_4q": null,
            "common_shares": 1309371,
            "book_valuer_per_share": 47.1,
            "book_valuer_per_share_4q_avg": 46.8,
            "equity": 6167596,
            "current_ratio": 250.5,
            "debt_ratio": 34.54,
            "inventory_turnover_ratio": 1.99,
            "account_receivable_turnover_ratio": 1,
            "reinvestment_rate": 41.96,
            "research_to_sale_ratio": 3,
            "price_fair": 129.2,
            "eps_avg_yearly": 3.69,
            "eps_latest_yearly": 4.44,
            "eps_growth_yearly": 105.33
        },
        "20194": {
            "year_quarter": 20194,
            "year": 2019,
            "quarter": 4,
            "eps": 0.96,
            "eps_growth_year": 285.14,
            "eps_4q": 2.63,
            "eps_4q_growth_year": 103.86,
            "roe": 2.04,
            "roe_4q": 5.62,
            "gross_profit": 279622,
            "gross_margin": 17.32,
            "gross_margin_4q_avg": 17.17,
            "net_income": 125758,
            "net_income_4q": null,
            "revenue": 1614511,
            "revenue_4q": null,
            "common_shares": 1309371,
            "book_valuer_per_share": 47.19,
            "book_valuer_per_share_4q_avg": 46.93,
            "equity": 6178466,
            "current_ratio": 223.71,
            "debt_ratio": 37.14,
            "inventory_turnover_ratio": 2.1,
            "account_receivable_turnover_ratio": 1,
            "reinvestment_rate": 22.41,
            "research_to_sale_ratio": 2.77,
            "price_fair": 120,
            "eps_avg_yearly": 3.43,
            "eps_latest_yearly": 3.84,
            "eps_growth_yearly": 108.39
        },
        "20201": {
            "year_quarter": 20201,
            "year": 2020,
            "quarter": 1,
            "eps": 0.76,
            "eps_growth_year": 322.22,
            "eps_4q": 3.21,
            "eps_4q_growth_year": 92.33,
            "roe": 1.6,
            "roe_4q": 6.83,
            "gross_profit": 258327,
            "gross_margin": 18.74,
            "gross_margin_4q_avg": 17.94,
            "net_income": 99577,
            "net_income_4q": null,
            "revenue": 1378391,
            "revenue_4q": null,
            "common_shares": 1309371,
            "book_valuer_per_share": 47.87,
            "book_valuer_per_share_4q_avg": 47.15,
            "equity": 6268542,
            "current_ratio": 222.68,
            "debt_ratio": 36.79,
            "inventory_turnover_ratio": 1.35,
            "account_receivable_turnover_ratio": 0.9,
            "reinvestment_rate": 14.98,
            "research_to_sale_ratio": 3.26,
            "price_fair": 114.3,
            "eps_avg_yearly": 3.27,
            "eps_latest_yearly": 3.04,
            "eps_growth_yearly": 110.79
        },
        "20202": {
            "year_quarter": 20202,
            "year": 2020,
            "quarter": 2,
            "eps": 2.82,
            "eps_growth_year": 642.11,
            "eps_4q": 5.65,
            "eps_4q_growth_year": 211.88,
            "roe": 5.84,
            "roe_4q": 11.850000000000001,
            "gross_profit": 598775,
            "gross_margin": 20.62,
            "gross_margin_4q_avg": 19.18,
            "net_income": 368741,
            "net_income_4q": null,
            "revenue": 2903333,
            "revenue_4q": null,
            "common_shares": 1309371,
            "book_valuer_per_share": 48.61,
            "book_valuer_per_share_4q_avg": 47.69,
            "equity": 6364222,
            "current_ratio": 182.66,
            "debt_ratio": 43.83,
            "inventory_turnover_ratio": 2.17,
            "account_receivable_turnover_ratio": 1.47,
            "reinvestment_rate": 15.41,
            "research_to_sale_ratio": 1.53,
            "price_fair": 123,
            "eps_avg_yearly": 3.51,
            "eps_latest_yearly": 11.28,
            "eps_growth_yearly": 174.92
        },
        "20203": {
            "year_quarter": 20203,
            "year": 2020,
            "quarter": 3,
            "eps": 3.55,
            "eps_growth_year": 219.82,
            "eps_4q": 8.09,
            "eps_4q_growth_year": 321.27,
            "roe": 7.05,
            "roe_4q": 16.53,
            "gross_profit": 792427,
            "gross_margin": 23.12,
            "gross_margin_4q_avg": 19.95,
            "net_income": 465236,
            "net_income_4q": null,
            "revenue": 3428030,
            "revenue_4q": null,
            "common_shares": 1309371,
            "book_valuer_per_share": 52.22,
            "book_valuer_per_share_4q_avg": 48.97,
            "equity": 6836974,
            "current_ratio": 180.69,
            "debt_ratio": 42.21,
            "inventory_turnover_ratio": 2.29,
            "account_receivable_turnover_ratio": 1.26,
            "reinvestment_rate": 9.04,
            "research_to_sale_ratio": 1.35,
            "price_fair": 139.4,
            "eps_avg_yearly": 3.98,
            "eps_latest_yearly": 14.2,
            "eps_growth_yearly": 182.9
        },
        "20204": {
            "year_quarter": 20204,
            "year": 2020,
            "quarter": 4,
            "eps": 3.22,
            "eps_growth_year": 235.17,
            "eps_4q": 10.35,
            "eps_4q_growth_year": 293.27,
            "roe": 5.99,
            "roe_4q": 20.48,
            "gross_profit": 723414,
            "gross_margin": 20.69,
            "gross_margin_4q_avg": 20.79,
            "net_income": 421497,
            "net_income_4q": null,
            "revenue": 3496014,
            "revenue_4q": null,
            "common_shares": 1309371,
            "book_valuer_per_share": 55.33,
            "book_valuer_per_share_4q_avg": 51.01,
            "equity": 7244403,
            "current_ratio": 187.23,
            "debt_ratio": 41.76,
            "inventory_turnover_ratio": 2.58,
            "account_receivable_turnover_ratio": 1.22,
            "reinvestment_rate": 4.04,
            "research_to_sale_ratio": 1.47,
            "price_fair": 163,
            "eps_avg_yearly": 4.66,
            "eps_latest_yearly": 12.88,
            "eps_growth_yearly": 195.95
        },
        "20211": {
            "year_quarter": 20211,
            "year": 2021,
            "quarter": 1,
            "eps": 2.49,
            "eps_growth_year": 227.63,
            "eps_4q": 12.07,
            "eps_4q_growth_year": 276.13,
            "roe": 4.4,
            "roe_4q": 23.28,
            "gross_profit": 535193,
            "gross_margin": 20.04,
            "gross_margin_4q_avg": 21.12,
            "net_income": 325482,
            "net_income_4q": null,
            "revenue": 2670532,
            "revenue_4q": null,
            "common_shares": 1309371,
            "book_valuer_per_share": 57.79,
            "book_valuer_per_share_4q_avg": 53.49,
            "equity": 7566763,
            "current_ratio": 204.53,
            "debt_ratio": 40.66,
            "inventory_turnover_ratio": 1.74,
            "account_receivable_turnover_ratio": 1.03,
            "reinvestment_rate": 6.9,
            "research_to_sale_ratio": 1.99,
            "price_fair": 182.2,
            "eps_avg_yearly": 5.21,
            "eps_latest_yearly": 9.96,
            "eps_growth_yearly": 199.11
        },
        "20212": {
            "year_quarter": 20212,
            "year": 2021,
            "quarter": 2,
            "eps": 2.06,
            "eps_growth_year": -26.95,
            "eps_4q": 11.32,
            "eps_4q_growth_year": 100.55,
            "roe": 3.7,
            "roe_4q": 21.14,
            "gross_profit": 485504,
            "gross_margin": 17.78,
            "gross_margin_4q_avg": 20.41,
            "net_income": 270154,
            "net_income_4q": null,
            "revenue": 2729857,
            "revenue_4q": null,
            "common_shares": 1309371,
            "book_valuer_per_share": 53.73,
            "book_valuer_per_share_4q_avg": 54.77,
            "equity": 7035703,
            "current_ratio": 194.52,
            "debt_ratio": 42.11,
            "inventory_turnover_ratio": 1.8,
            "account_receivable_turnover_ratio": 1.18,
            "reinvestment_rate": -2.5,
            "research_to_sale_ratio": 1.81,
            "price_fair": 196.4,
            "eps_avg_yearly": 5.61,
            "eps_latest_yearly": 8.24,
            "eps_growth_yearly": 190.66
        },
        "20213": {
            "year_quarter": 20213,
            "year": 2021,
            "quarter": 3,
            "eps": 2.87,
            "eps_growth_year": -19.15,
            "eps_4q": 10.64,
            "eps_4q_growth_year": 31.55,
            "roe": 5.22,
            "roe_4q": 19.310000000000002,
            "gross_profit": 594101,
            "gross_margin": 21.3,
            "gross_margin_4q_avg": 19.95,
            "net_income": 376433,
            "net_income_4q": null,
            "revenue": 2789505,
            "revenue_4q": null,
            "common_shares": 1309371,
            "book_valuer_per_share": 56.5,
            "book_valuer_per_share_4q_avg": 55.84,
            "equity": 7398366,
            "current_ratio": 192.29,
            "debt_ratio": 43.22,
            "inventory_turnover_ratio": 1.93,
            "account_receivable_turnover_ratio": 1.17,
            "reinvestment_rate": -5.9,
            "research_to_sale_ratio": 1.84,
            "price_fair": 219.1,
            "eps_avg_yearly": 6.26,
            "eps_latest_yearly": 11.48,
            "eps_growth_yearly": 203.68
        },
        "20214": {
            "year_quarter": 20214,
            "year": 2021,
            "quarter": 4,
            "eps": 2.34,
            "eps_growth_year": -27.43,
            "eps_4q": 9.83,
            "eps_4q_growth_year": -5.03,
            "roe": 4.04,
            "roe_4q": 17.36,
            "gross_profit": 538746,
            "gross_margin": 20,
            "gross_margin_4q_avg": 19.78,
            "net_income": 303064,
            "net_income_4q": null,
            "revenue": 2693177,
            "revenue_4q": null,
            "common_shares": 1309371,
            "book_valuer_per_share": 58.74,
            "book_valuer_per_share_4q_avg": 56.69,
            "equity": 7620361,
            "current_ratio": 220.68,
            "debt_ratio": 37.96,
            "inventory_turnover_ratio": 1.68,
            "account_receivable_turnover_ratio": 1.09,
            "reinvestment_rate": -7.19,
            "research_to_sale_ratio": 1.74,
            "price_fair": 239.9,
            "eps_avg_yearly": 6.85,
            "eps_latest_yearly": 9.36,
            "eps_growth_yearly": 214.6
        },
        "20221": {
            "year_quarter": 20221,
            "year": 2022,
            "quarter": 1,
            "eps": 1.94,
            "eps_growth_year": -22.09,
            "eps_4q": 9.31,
            "eps_4q_growth_year": -22.93,
            "roe": 3.2,
            "roe_4q": 16.16,
            "gross_profit": 454902,
            "gross_margin": 18.63,
            "gross_margin_4q_avg": 19.43,
            "net_income": 249435,
            "net_income_4q": null,
            "revenue": 2442044,
            "revenue_4q": null,
            "common_shares": 1288641,
            "book_valuer_per_share": 61.89,
            "book_valuer_per_share_4q_avg": 57.72,
            "equity": 7975333,
            "current_ratio": 245.56,
            "debt_ratio": 34.76,
            "inventory_turnover_ratio": 1.51,
            "account_receivable_turnover_ratio": 1,
            "reinvestment_rate": -8.19,
            "research_to_sale_ratio": 2.24,
            "price_fair": 242.01,
            "eps_avg_yearly": 6.91,
            "eps_latest_yearly": 7.76,
            "eps_growth_yearly": 195.73
        },
        "20222": {
            "year_quarter": 20222,
            "year": 2022,
            "quarter": 2,
            "eps": 0.43,
            "eps_growth_year": -79.13,
            "eps_4q": 7.64,
            "eps_4q_growth_year": -32.5,
            "roe": 0.72,
            "roe_4q": 13.18,
            "gross_profit": 216382,
            "gross_margin": 11.76,
            "gross_margin_4q_avg": 17.92,
            "net_income": 55789,
            "net_income_4q": null,
            "revenue": 1839759,
            "revenue_4q": null,
            "common_shares": 1288641,
            "book_valuer_per_share": 57.79,
            "book_valuer_per_share_4q_avg": 58.73,
            "equity": 7446779,
            "current_ratio": 219.35,
            "debt_ratio": 37.64,
            "inventory_turnover_ratio": 1.22,
            "account_receivable_turnover_ratio": 0.95,
            "reinvestment_rate": -10.74,
            "research_to_sale_ratio": 3.44,
            "price_fair": 230.65,
            "eps_avg_yearly": 6.59,
            "eps_latest_yearly": 1.72,
            "eps_growth_yearly": 164.04
        },
        "20223": {
            "year_quarter": 20223,
            "year": 2022,
            "quarter": 3,
            "eps": 3.83,
            "eps_growth_year": 33.45,
            "eps_4q": 8.56,
            "eps_4q_growth_year": -19.6,
            "roe": 6.34,
            "roe_4q": 14.3,
            "gross_profit": 698502,
            "gross_margin": 21.94,
            "gross_margin_4q_avg": 18.08,
            "net_income": 494414,
            "net_income_4q": null,
            "revenue": 3183797,
            "revenue_4q": null,
            "common_shares": 1288641,
            "book_valuer_per_share": 63.3,
            "book_valuer_per_share_4q_avg": 60.43,
            "equity": 8156534,
            "current_ratio": 238.18,
            "debt_ratio": 35.28,
            "inventory_turnover_ratio": 1.77,
            "account_receivable_turnover_ratio": 1.43,
            "reinvestment_rate": -10.14,
            "research_to_sale_ratio": 2.09,
            "price_fair": 255.41,
            "eps_avg_yearly": 7.3,
            "eps_latest_yearly": 15.32,
            "eps_growth_yearly": 282.55
        },
        "20224": {
            "year_quarter": 20224,
            "year": 2022,
            "quarter": 4,
            "eps": 1.84,
            "eps_growth_year": -21.05,
            "eps_4q": 8.05,
            "eps_4q_growth_year": -18.1,
            "roe": 2.9,
            "roe_4q": 13.16,
            "gross_profit": 453382,
            "gross_margin": 20.08,
            "gross_margin_4q_avg": 18.1,
            "net_income": 237644,
            "net_income_4q": null,
            "revenue": 2257976,
            "revenue_4q": null,
            "common_shares": 1288641,
            "book_valuer_per_share": 64.03,
            "book_valuer_per_share_4q_avg": 61.75,
            "equity": 8251765,
            "current_ratio": 294.11,
            "debt_ratio": 30.3,
            "inventory_turnover_ratio": 1.33,
            "account_receivable_turnover_ratio": 0.94,
            "reinvestment_rate": -12.75,
            "research_to_sale_ratio": 3.02,
            "price_fair": 269.33,
            "eps_avg_yearly": 7.7,
            "eps_latest_yearly": 7.36,
            "eps_growth_yearly": 288.31
        },
        "20231": {
            "year_quarter": 20231,
            "year": 2023,
            "quarter": 1,
            "eps": -0.77,
            "eps_growth_year": -139.69,
            "eps_4q": 5.35,
            "eps_4q_growth_year": -42.54,
            "roe": -1.21,
            "roe_4q": 8.75,
            "gross_profit": 65195,
            "gross_margin": 6,
            "gross_margin_4q_avg": 14.95,
            "net_income": -98905,
            "net_income_4q": null,
            "revenue": 1087079,
            "revenue_4q": null,
            "common_shares": 1288641,
            "book_valuer_per_share": 63.34,
            "book_valuer_per_share_4q_avg": 62.12,
            "equity": 8161647,
            "current_ratio": 385.39,
            "debt_ratio": 24.71,
            "inventory_turnover_ratio": 0.9,
            "account_receivable_turnover_ratio": 0.74,
            "reinvestment_rate": -12.47,
            "research_to_sale_ratio": 5.49,
            "price_fair": 285.6,
            "eps_avg_yearly": 8.16,
            "eps_latest_yearly": 7.36,
            "eps_growth_yearly": 315
        },
        "20232": {
            "year_quarter": 20232,
            "year": 2023,
            "quarter": 2,
            "eps": 1.82,
            "eps_growth_year": 323.26,
            "eps_4q": 6.73,
            "eps_4q_growth_year": -11.88,
            "roe": 2.93,
            "roe_4q": 10.96,
            "gross_profit": 296595,
            "gross_margin": 16.88,
            "gross_margin_4q_avg": 16.23,
            "net_income": 234558,
            "net_income_4q": null,
            "revenue": 1757490,
            "revenue_4q": null,
            "common_shares": 1288641,
            "book_valuer_per_share": 61.11,
            "book_valuer_per_share_4q_avg": 62.95,
            "equity": 7875342,
            "current_ratio": 305.14,
            "debt_ratio": 27.64,
            "inventory_turnover_ratio": 1.59,
            "account_receivable_turnover_ratio": 1.34,
            "reinvestment_rate": -12.86,
            "research_to_sale_ratio": 3.33,
            "price_fair": 302.2,
            "eps_avg_yearly": 8.63,
            "eps_latest_yearly": 7.36,
            "eps_growth_yearly": 305.75
        },
        "20233": {
            "year_quarter": 20233,
            "year": 2023,
            "quarter": 3,
            "eps": 1.24,
            "eps_growth_year": -67.62,
            "eps_4q": 4.13,
            "eps_4q_growth_year": -51.74,
            "roe": 1.98,
            "roe_4q": 6.6,
            "gross_profit": 265750,
            "gross_margin": 17.29,
            "gross_margin_4q_avg": 15.06,
            "net_income": 158871,
            "net_income_4q": null,
            "revenue": 1536922,
            "revenue_4q": null,
            "common_shares": 1288641,
            "book_valuer_per_share": 63.7,
            "book_valuer_per_share_4q_avg": 63.05,
            "equity": 8208232,
            "current_ratio": 417.84,
            "debt_ratio": 21.87,
            "inventory_turnover_ratio": 1.6,
            "account_receivable_turnover_ratio": 1.04,
            "reinvestment_rate": -16.75,
            "research_to_sale_ratio": 4.32,
            "price_fair": 303.5,
            "eps_avg_yearly": 8.67,
            "eps_latest_yearly": 4.96,
            "eps_growth_yearly": 241.76
        },
        "20234": {
            "year_quarter": 20234,
            "year": 2023,
            "quarter": 4,
            "eps": 0.29,
            "eps_growth_year": -84.48,
            "eps_4q": 2.57,
            "eps_4q_growth_year": -68.05,
            "roe": 0.45,
            "roe_4q": 4.15,
            "gross_profit": 253675,
            "gross_margin": 16.28,
            "gross_margin_4q_avg": 14.11,
            "net_income": 36878,
            "net_income_4q": null,
            "revenue": 1558385,
            "revenue_4q": null,
            "common_shares": 1288641,
            "book_valuer_per_share": 62.24,
            "book_valuer_per_share_4q_avg": 62.6,
            "equity": 8021005,
            "current_ratio": 483.87,
            "debt_ratio": 19.93,
            "inventory_turnover_ratio": 2.06,
            "account_receivable_turnover_ratio": 1.12,
            "reinvestment_rate": -17.79,
            "research_to_sale_ratio": 3.92,
            "price_fair": 296.8,
            "eps_avg_yearly": 8.48,
            "eps_latest_yearly": 1.16,
            "eps_growth_yearly": 223.73
        }
    },
    "months": {
        "2011-07": {
            "month": "2011-07",
            "price": "65.25",
            "revenue": 363808
        },
        "2011-08": {
            "month": "2011-08",
            "price": "60.88",
            "revenue": 365342
        },
        "2011-09": {
            "month": "2011-09",
            "price": "49.95",
            "revenue": 398953
        },
        "2011-10": {
            "month": "2011-10",
            "price": "43.64",
            "revenue": 390832
        },
        "2011-11": {
            "month": "2011-11",
            "price": "42.68",
            "revenue": 352444
        },
        "2011-12": {
            "month": "2011-12",
            "price": "35.85",
            "revenue": 318593
        },
        "2012-01": {
            "month": "2012-01",
            "price": "35.84",
            "revenue": 248737
        },
        "2012-02": {
            "month": "2012-02",
            "price": "43.30",
            "revenue": 228940
        },
        "2012-03": {
            "month": "2012-03",
            "price": "56.44",
            "revenue": 377492
        },
        "2012-04": {
            "month": "2012-04",
            "price": "53.34",
            "revenue": 357148
        },
        "2012-05": {
            "month": "2012-05",
            "price": "44.50",
            "revenue": 370731
        },
        "2012-06": {
            "month": "2012-06",
            "price": "41.00",
            "revenue": 406778
        },
        "2012-07": {
            "month": "2012-07",
            "price": "41.79",
            "revenue": 531405
        },
        "2012-08": {
            "month": "2012-08",
            "price": "45.97",
            "revenue": 545900
        },
        "2012-09": {
            "month": "2012-09",
            "price": "48.40",
            "revenue": 592289
        },
        "2012-10": {
            "month": "2012-10",
            "price": "44.01",
            "revenue": 537555
        },
        "2012-11": {
            "month": "2012-11",
            "price": "34.74",
            "revenue": 500608
        },
        "2012-12": {
            "month": "2012-12",
            "price": "34.75",
            "revenue": 392353
        },
        "2013-01": {
            "month": "2013-01",
            "price": "36.05",
            "revenue": 391766
        },
        "2013-02": {
            "month": "2013-02",
            "price": "37.26",
            "revenue": 248379
        },
        "2013-03": {
            "month": "2013-03",
            "price": "38.79",
            "revenue": 307386
        },
        "2013-04": {
            "month": "2013-04",
            "price": "36.30",
            "revenue": 344890
        },
        "2013-05": {
            "month": "2013-05",
            "price": "37.42",
            "revenue": 348040
        },
        "2013-06": {
            "month": "2013-06",
            "price": "34.93",
            "revenue": 336380
        },
        "2013-07": {
            "month": "2013-07",
            "price": "30.15",
            "revenue": 430576
        },
        "2013-08": {
            "month": "2013-08",
            "price": "29.71",
            "revenue": 435273
        },
        "2013-09": {
            "month": "2013-09",
            "price": "30.56",
            "revenue": 382176
        },
        "2013-10": {
            "month": "2013-10",
            "price": "29.92",
            "revenue": 390420
        },
        "2013-11": {
            "month": "2013-11",
            "price": "28.05",
            "revenue": 405773
        },
        "2013-12": {
            "month": "2013-12",
            "price": "31.32",
            "revenue": 416273
        },
        "2014-01": {
            "month": "2014-01",
            "price": "32.93",
            "revenue": 409850
        },
        "2014-02": {
            "month": "2014-02",
            "price": "31.60",
            "revenue": 384866
        },
        "2014-03": {
            "month": "2014-03",
            "price": "32.69",
            "revenue": 511727
        },
        "2014-04": {
            "month": "2014-04",
            "price": "35.22",
            "revenue": 552159
        },
        "2014-05": {
            "month": "2014-05",
            "price": "43.66",
            "revenue": 462143
        },
        "2014-06": {
            "month": "2014-06",
            "price": "42.98",
            "revenue": 449264
        },
        "2014-07": {
            "month": "2014-07",
            "price": "43.13",
            "revenue": 600541
        },
        "2014-08": {
            "month": "2014-08",
            "price": "43.19",
            "revenue": 516326
        },
        "2014-09": {
            "month": "2014-09",
            "price": "40.25",
            "revenue": 560370
        },
        "2014-10": {
            "month": "2014-10",
            "price": "38.66",
            "revenue": 588264
        },
        "2014-11": {
            "month": "2014-11",
            "price": "40.78",
            "revenue": 560215
        },
        "2014-12": {
            "month": "2014-12",
            "price": "41.72",
            "revenue": 645848
        },
        "2015-01": {
            "month": "2015-01",
            "price": "44.70",
            "revenue": 577753
        },
        "2015-02": {
            "month": "2015-02",
            "price": "45.84",
            "revenue": 408263
        },
        "2015-03": {
            "month": "2015-03",
            "price": "47.26",
            "revenue": 567451
        },
        "2015-04": {
            "month": "2015-04",
            "price": "44.85",
            "revenue": 664453
        },
        "2015-05": {
            "month": "2015-05",
            "price": "44.29",
            "revenue": 562209
        },
        "2015-06": {
            "month": "2015-06",
            "price": "39.84",
            "revenue": 516826
        },
        "2015-07": {
            "month": "2015-07",
            "price": "37.04",
            "revenue": 671022
        },
        "2015-08": {
            "month": "2015-08",
            "price": "36.35",
            "revenue": 626331
        },
        "2015-09": {
            "month": "2015-09",
            "price": "40.56",
            "revenue": 676575
        },
        "2015-10": {
            "month": "2015-10",
            "price": "53.91",
            "revenue": 656019
        },
        "2015-11": {
            "month": "2015-11",
            "price": "69.17",
            "revenue": 612194
        },
        "2015-12": {
            "month": "2015-12",
            "price": "75.81",
            "revenue": 523241
        },
        "2016-01": {
            "month": "2016-01",
            "price": "62.11",
            "revenue": 535714
        },
        "2016-02": {
            "month": "2016-02",
            "price": "68.84",
            "revenue": 313711
        },
        "2016-03": {
            "month": "2016-03",
            "price": "70.15",
            "revenue": 465818
        },
        "2016-04": {
            "month": "2016-04",
            "price": "59.04",
            "revenue": 556289
        },
        "2016-05": {
            "month": "2016-05",
            "price": "59.55",
            "revenue": 540264
        },
        "2016-06": {
            "month": "2016-06",
            "price": "68.55",
            "revenue": 561891
        },
        "2016-07": {
            "month": "2016-07",
            "price": "78.68",
            "revenue": 581535
        },
        "2016-08": {
            "month": "2016-08",
            "price": "88.16",
            "revenue": 559545
        },
        "2016-09": {
            "month": "2016-09",
            "price": "76.42",
            "revenue": 491250
        },
        "2016-10": {
            "month": "2016-10",
            "price": "71.13",
            "revenue": 482907
        },
        "2016-11": {
            "month": "2016-11",
            "price": "60.54",
            "revenue": 484140
        },
        "2016-12": {
            "month": "2016-12",
            "price": "65.83",
            "revenue": 491994
        },
        "2017-01": {
            "month": "2017-01",
            "price": "66.29",
            "revenue": 384043
        },
        "2017-02": {
            "month": "2017-02",
            "price": "59.23",
            "revenue": 358500
        },
        "2017-03": {
            "month": "2017-03",
            "price": "57.02",
            "revenue": 498217
        },
        "2017-04": {
            "month": "2017-04",
            "price": "53.43",
            "revenue": 433965
        },
        "2017-05": {
            "month": "2017-05",
            "price": "47.04",
            "revenue": 504612
        },
        "2017-06": {
            "month": "2017-06",
            "price": "47.81",
            "revenue": 510386
        },
        "2017-07": {
            "month": "2017-07",
            "price": "48.80",
            "revenue": 534995
        },
        "2017-08": {
            "month": "2017-08",
            "price": "43.94",
            "revenue": 570833
        },
        "2017-09": {
            "month": "2017-09",
            "price": "43.55",
            "revenue": 564877
        },
        "2017-10": {
            "month": "2017-10",
            "price": "45.24",
            "revenue": 541175
        },
        "2017-11": {
            "month": "2017-11",
            "price": "44.80",
            "revenue": 543135
        },
        "2017-12": {
            "month": "2017-12",
            "price": "43.40",
            "revenue": 427665
        },
        "2018-01": {
            "month": "2018-01",
            "price": "43.13",
            "revenue": 434977
        },
        "2018-02": {
            "month": "2018-02",
            "price": "40.58",
            "revenue": 257333
        },
        "2018-03": {
            "month": "2018-03",
            "price": "40.22",
            "revenue": 346217
        },
        "2018-04": {
            "month": "2018-04",
            "price": "37.07",
            "revenue": 345443
        },
        "2018-05": {
            "month": "2018-05",
            "price": "36.23",
            "revenue": 364866
        },
        "2018-06": {
            "month": "2018-06",
            "price": "37.30",
            "revenue": 374379
        },
        "2018-07": {
            "month": "2018-07",
            "price": "37.73",
            "revenue": 532207
        },
        "2018-08": {
            "month": "2018-08",
            "price": "38.18",
            "revenue": 734512
        },
        "2018-09": {
            "month": "2018-09",
            "price": "38.77",
            "revenue": 588858
        },
        "2018-10": {
            "month": "2018-10",
            "price": "35.67",
            "revenue": 571171
        },
        "2018-11": {
            "month": "2018-11",
            "price": "34.42",
            "revenue": 467901
        },
        "2018-12": {
            "month": "2018-12",
            "price": "32.40",
            "revenue": 406197
        },
        "2019-01": {
            "month": "2019-01",
            "price": "31.74",
            "revenue": 444161
        },
        "2019-02": {
            "month": "2019-02",
            "price": "32.64",
            "revenue": 235657
        },
        "2019-03": {
            "month": "2019-03",
            "price": "32.77",
            "revenue": 408489
        },
        "2019-04": {
            "month": "2019-04",
            "price": "36.52",
            "revenue": 380657
        },
        "2019-05": {
            "month": "2019-05",
            "price": "38.28",
            "revenue": 388205
        },
        "2019-06": {
            "month": "2019-06",
            "price": "39.90",
            "revenue": 370705
        },
        "2019-07": {
            "month": "2019-07",
            "price": "56.89",
            "revenue": 473022
        },
        "2019-08": {
            "month": "2019-08",
            "price": "71.15",
            "revenue": 492303
        },
        "2019-09": {
            "month": "2019-09",
            "price": "76.62",
            "revenue": 478538
        },
        "2019-10": {
            "month": "2019-10",
            "price": "95.77",
            "revenue": 603560
        },
        "2019-11": {
            "month": "2019-11",
            "price": "102.76",
            "revenue": 522880
        },
        "2019-12": {
            "month": "2019-12",
            "price": "117.93",
            "revenue": 488071
        },
        "2020-01": {
            "month": "2020-01",
            "price": "132.47",
            "revenue": 420478
        },
        "2020-02": {
            "month": "2020-02",
            "price": "134.53",
            "revenue": 355012
        },
        "2020-03": {
            "month": "2020-03",
            "price": "105.08",
            "revenue": 602947
        },
        "2020-04": {
            "month": "2020-04",
            "price": "119.05",
            "revenue": 922996
        },
        "2020-05": {
            "month": "2020-05",
            "price": "132.20",
            "revenue": 942827
        },
        "2020-06": {
            "month": "2020-06",
            "price": "132.70",
            "revenue": 1037464
        },
        "2020-07": {
            "month": "2020-07",
            "price": "124.15",
            "revenue": 1171383
        },
        "2020-08": {
            "month": "2020-08",
            "price": "121.19",
            "revenue": 1076888
        },
        "2020-09": {
            "month": "2020-09",
            "price": "113.20",
            "revenue": 1179759
        },
        "2020-10": {
            "month": "2020-10",
            "price": "107.03",
            "revenue": 1021950
        },
        "2020-11": {
            "month": "2020-11",
            "price": "111.50",
            "revenue": 1258298
        },
        "2020-12": {
            "month": "2020-12",
            "price": "113.87",
            "revenue": 1215766
        },
        "2021-01": {
            "month": "2021-01",
            "price": "105.88",
            "revenue": 851883
        },
        "2021-02": {
            "month": "2021-02",
            "price": "102.05",
            "revenue": 747699
        },
        "2021-03": {
            "month": "2021-03",
            "price": "105.50",
            "revenue": 1070950
        },
        "2021-04": {
            "month": "2021-04",
            "price": "106.00",
            "revenue": 969095
        },
        "2021-05": {
            "month": "2021-05",
            "price": "93.50",
            "revenue": 856320
        },
        "2021-06": {
            "month": "2021-06",
            "price": "101.68",
            "revenue": 904442
        },
        "2021-07": {
            "month": "2021-07",
            "price": "93.51",
            "revenue": 944842
        },
        "2021-08": {
            "month": "2021-08",
            "price": "85.09",
            "revenue": 894608
        },
        "2021-09": {
            "month": "2021-09",
            "price": "79.67",
            "revenue": 950055
        },
        "2021-10": {
            "month": "2021-10",
            "price": "77.32",
            "revenue": 789374
        },
        "2021-11": {
            "month": "2021-11",
            "price": "79.63",
            "revenue": 977117
        },
        "2021-12": {
            "month": "2021-12",
            "price": "80.02",
            "revenue": 926686
        },
        "2022-01": {
            "month": "2022-01",
            "price": "79.36",
            "revenue": 828876
        },
        "2022-02": {
            "month": "2022-02",
            "price": "75.91",
            "revenue": 651916
        },
        "2022-03": {
            "month": "2022-03",
            "price": "69.52",
            "revenue": 961252
        },
        "2022-04": {
            "month": "2022-04",
            "price": "64.24",
            "revenue": 434847
        },
        "2022-05": {
            "month": "2022-05",
            "price": "59.32",
            "revenue": 619658
        },
        "2022-06": {
            "month": "2022-06",
            "price": "60.83",
            "revenue": 785254
        },
        "2022-07": {
            "month": "2022-07",
            "price": "58.20",
            "revenue": 1151695
        },
        "2022-08": {
            "month": "2022-08",
            "price": "58.77",
            "revenue": 1099924
        },
        "2022-09": {
            "month": "2022-09",
            "price": "57.81",
            "revenue": 932178
        },
        "2022-10": {
            "month": "2022-10",
            "price": "50.86",
            "revenue": 940402
        },
        "2022-11": {
            "month": "2022-11",
            "price": "60.22",
            "revenue": 739043
        },
        "2022-12": {
            "month": "2022-12",
            "price": "58.59",
            "revenue": 578531
        },
        "2023-01": {
            "month": "2023-01",
            "price": "55.15",
            "revenue": 342673
        },
        "2023-02": {
            "month": "2023-02",
            "price": "57.39",
            "revenue": 294494
        },
        "2023-03": {
            "month": "2023-03",
            "price": "58.63",
            "revenue": 449912
        },
        "2023-04": {
            "month": "2023-04",
            "price": "58.11",
            "revenue": 542771
        },
        "2023-05": {
            "month": "2023-05",
            "price": "56.26",
            "revenue": 660372
        },
        "2023-06": {
            "month": "2023-06",
            "price": "58.10",
            "revenue": 554347
        },
        "2023-07": {
            "month": "2023-07",
            "price": "54.40",
            "revenue": 526274
        },
        "2023-08": {
            "month": "2023-08",
            "price": "51.81",
            "revenue": 515051
        },
        "2023-09": {
            "month": "2023-09",
            "price": "52.44",
            "revenue": 495597
        },
        "2023-10": {
            "month": "2023-10",
            "price": "49.43",
            "revenue": 550204
        },
        "2023-11": {
            "month": "2023-11",
            "price": "49.97",
            "revenue": 533616
        },
        "2023-12": {
            "month": "2023-12",
            "price": "51.91",
            "revenue": 474565
        }
    }
}
