{
    "summary": {
        "stock_name": "和碩",
        "stock_id": "4938",
        "category": "電腦及週邊設備",
        "main_business": "電信管制射頻器材製造業、電信管制射頻器材輸入業<br>醫療器材製造業<br>除許可業務外，得經營法令非禁止或限制之業務",
        "website_url": "http://www.pegatroncorp.com",
        "ceo": "鄭光志/鄧國彥",
        "pe_ratio": 15,
        "report_year_from": 2009,
        "report_year_to": 2023,
        "age": 15,
        "eps_negative_percentage": 0,
        "eps_growth_avg": {
            "last_all": 5.96,
            "last_2y": -18.48,
            "last_4y": 4.55,
            "last_8y": 0.6,
            "last_12y": 8.36,
            "last_16y": null,
            "last_20y": null,
            "at_2006_last_3y": null,
            "at_2007_last_3y": null,
            "at_2008_last_3y": null,
            "at_2009_last_3y": null,
            "at_2010_last_3y": null,
            "at_2011_last_3y": null,
            "at_2012_last_3y": null,
            "at_2013_last_3y": 7.75,
            "at_2014_last_3y": 25.84,
            "at_2015_last_3y": 63.14,
            "at_2016_last_3y": 33.46,
            "at_2017_last_3y": 13.7,
            "at_2018_last_3y": -4.34,
            "at_2019_last_3y": 1.48,
            "at_2020_last_3y": 7.18,
            "at_2021_last_3y": 13.31,
            "at_2022_last_3y": 12.9,
            "at_2023_last_3y": -12.85,
            "at_2024_last_3y": -12.85,
            "at_2006_last_all": null,
            "at_2007_last_all": null,
            "at_2008_last_all": null,
            "at_2009_last_all": null,
            "at_2010_last_all": null,
            "at_2011_last_all": -61.82,
            "at_2012_last_all": -7.88,
            "at_2013_last_all": 7.75,
            "at_2014_last_all": 15.63,
            "at_2015_last_all": 21.49,
            "at_2016_last_all": 15.74,
            "at_2017_last_all": 10.73,
            "at_2018_last_all": 6.75,
            "at_2019_last_all": 13.49,
            "at_2020_last_all": 12.63,
            "at_2021_last_all": 11.59,
            "at_2022_last_all": 8.64,
            "at_2023_last_all": 5.96,
            "at_2024_last_all": 5.96
        },
        "latest_eps": 5.92,
        "latest_price": 86.5,
        "latest_roe": 8.12,
        "latest_gross_margin": 3.85,
        "latest_equity": 223859158,
        "latest_revenue": 315769506,
        "latest_gross_profit": 12159797,
        "latest_net_income": 4832870,
        "latest_debt_ratio": 63.37,
        "latest_current_ratio": 140.6,
        "latest_account_receivable_turnover_ratio": 1.73,
        "latest_inventory_turnover_ratio": 2.2,
        "latest_reinvestment_rate": 46.82,
        "latest_research_to_sale_ratio": 1.27
    },
    "eps_dividends": {
        "2001": {
            "cash": 0,
            "stock": 0,
            "eps": 0
        },
        "2002": {
            "cash": 0,
            "stock": 0,
            "eps": 0
        },
        "2003": {
            "cash": 0,
            "stock": 0,
            "eps": 0
        },
        "2004": {
            "cash": 0,
            "stock": 0,
            "eps": 0
        },
        "2005": {
            "cash": 0,
            "stock": 0,
            "eps": 0
        },
        "2006": {
            "cash": 0,
            "stock": 0,
            "eps": 0
        },
        "2007": {
            "cash": 0,
            "stock": 0,
            "eps": 0
        },
        "2008": {
            "cash": 0,
            "stock": 0,
            "eps": 0
        },
        "2009": {
            "cash": 0,
            "stock": 0,
            "eps": 3.37
        },
        "2010": {
            "cash": 1.75,
            "stock": 0,
            "eps": 2.52
        },
        "2011": {
            "cash": 1.45,
            "stock": 0,
            "eps": 0.04
        },
        "2012": {
            "cash": 0,
            "stock": 0,
            "eps": 2.69
        },
        "2013": {
            "cash": 1.5,
            "stock": 0,
            "eps": 4.16
        },
        "2014": {
            "cash": 2.8,
            "stock": 0,
            "eps": 6.12
        },
        "2015": {
            "cash": 4.1,
            "stock": 0,
            "eps": 9.23
        },
        "2016": {
            "cash": 5,
            "stock": 0,
            "eps": 7.5
        },
        "2017": {
            "cash": 5,
            "stock": 0,
            "eps": 5.67
        },
        "2018": {
            "cash": 4,
            "stock": 0,
            "eps": 4.25
        },
        "2019": {
            "cash": 3.5,
            "stock": 0,
            "eps": 7.4
        },
        "2020": {
            "cash": 4.5,
            "stock": 0,
            "eps": 7.7
        },
        "2021": {
            "cash": 4.5,
            "stock": 0,
            "eps": 7.71
        },
        "2022": {
            "cash": 5,
            "stock": 0,
            "eps": 5.65
        },
        "2023": {
            "cash": 4,
            "stock": 0,
            "eps": 4.02
        }
    },
    "dividends": {
        "2010-03-03": {
            "cash": 1.75,
            "stock": 0
        },
        "2011-03-30": {
            "cash": 1.45,
            "stock": 0
        },
        "2013-03-21": {
            "cash": 1.5,
            "stock": 0
        },
        "2014-09-30": {
            "cash": 2.8,
            "stock": 0
        },
        "2015-08-28": {
            "cash": 4.1,
            "stock": 0
        },
        "2016-08-26": {
            "cash": 5,
            "stock": 0
        },
        "2017-08-30": {
            "cash": 5,
            "stock": 0
        },
        "2018-08-24": {
            "cash": 4,
            "stock": 0
        },
        "2019-08-23": {
            "cash": 3.5,
            "stock": 0
        },
        "2020-07-30": {
            "cash": 4.5,
            "stock": 0
        },
        "2021-07-29": {
            "cash": 4.5,
            "stock": 0
        },
        "2022-07-28": {
            "cash": 5,
            "stock": 0
        },
        "2023-07-27": {
            "cash": 4,
            "stock": 0
        }
    },
    "prices": {
        "200101": "無",
        "200102": "無",
        "200103": "無",
        "200104": "無",
        "200105": "無",
        "200106": "無",
        "200107": "無",
        "200108": "無",
        "200109": "無",
        "200110": "無",
        "200111": "無",
        "200112": "無",
        "200201": "無",
        "200202": "無",
        "200203": "無",
        "200204": "無",
        "200205": "無",
        "200206": "無",
        "200207": "無",
        "200208": "無",
        "200209": "無",
        "200210": "無",
        "200211": "無",
        "200212": "無",
        "200301": "無",
        "200302": "無",
        "200303": "無",
        "200304": "無",
        "200305": "無",
        "200306": "無",
        "200307": "無",
        "200308": "無",
        "200309": "無",
        "200310": "無",
        "200311": "無",
        "200312": "無",
        "200401": "無",
        "200402": "無",
        "200403": "無",
        "200404": "無",
        "200405": "無",
        "200406": "無",
        "200407": "無",
        "200408": "無",
        "200409": "無",
        "200410": "無",
        "200411": "無",
        "200412": "無",
        "200501": "無",
        "200502": "無",
        "200503": "無",
        "200504": "無",
        "200505": "無",
        "200506": "無",
        "200507": "無",
        "200508": "無",
        "200509": "無",
        "200510": "無",
        "200511": "無",
        "200512": "無",
        "200601": "無",
        "200602": "無",
        "200603": "無",
        "200604": "無",
        "200605": "無",
        "200606": "無",
        "200607": "無",
        "200608": "無",
        "200609": "無",
        "200610": "無",
        "200611": "無",
        "200612": "無",
        "200701": "無",
        "200702": "無",
        "200703": "無",
        "200704": "無",
        "200705": "無",
        "200706": "無",
        "200707": "無",
        "200708": "無",
        "200709": "無",
        "200710": "無",
        "200711": "無",
        "200712": "無",
        "200801": "無",
        "200802": "無",
        "200803": "無",
        "200804": "無",
        "200805": "無",
        "200806": "無",
        "200807": "無",
        "200808": "無",
        "200809": "無",
        "200810": "無",
        "200811": "無",
        "200812": "無",
        "200901": "無",
        "200902": "無",
        "200903": "無",
        "200904": "無",
        "200905": "無",
        "200906": "無",
        "200907": "無",
        "200908": "無",
        "200909": "無",
        "200910": "無",
        "200911": "無",
        "200912": "無",
        "201001": "無",
        "201002": "無",
        "201003": "無",
        "201004": "無",
        "201005": "無",
        "201006": "33.26",
        "201007": "32.40",
        "201008": "39.63",
        "201009": "42.89",
        "201010": "39.78",
        "201011": "42.24",
        "201012": "42.59",
        "201101": "39.78",
        "201102": "36.95",
        "201103": "33.45",
        "201104": "33.53",
        "201105": "30.51",
        "201106": "30.12",
        "201107": "33.22",
        "201108": "28.61",
        "201109": "27.96",
        "201110": "30.93",
        "201111": "30.84",
        "201112": "32.37",
        "201201": "35.50",
        "201202": "37.38",
        "201203": "42.50",
        "201204": "43.79",
        "201205": "41.80",
        "201206": "41.33",
        "201207": "37.12",
        "201208": "39.06",
        "201209": "38.85",
        "201210": "38.79",
        "201211": "36.93",
        "201212": "37.02",
        "201301": "39.02",
        "201302": "39.85",
        "201303": "43.45",
        "201304": "45.43",
        "201305": "51.75",
        "201306": "51.65",
        "201307": "48.52",
        "201308": "46.21",
        "201309": "43.78",
        "201310": "40.52",
        "201311": "37.49",
        "201312": "37.00",
        "201401": "39.84",
        "201402": "39.67",
        "201403": "42.37",
        "201404": "45.79",
        "201405": "51.86",
        "201406": "56.22",
        "201407": "58.69",
        "201408": "60.67",
        "201409": "59.07",
        "201410": "55.33",
        "201411": "64.55",
        "201412": "72.04",
        "201501": "77.60",
        "201502": "83.85",
        "201503": "87.55",
        "201504": "88.88",
        "201505": "90.97",
        "201506": "88.20",
        "201507": "91.61",
        "201508": "84.36",
        "201509": "84.66",
        "201510": "81.85",
        "201511": "83.57",
        "201512": "80.33",
        "201601": "69.69",
        "201602": "78.03",
        "201603": "78.40",
        "201604": "71.04",
        "201605": "64.89",
        "201606": "68.62",
        "201607": "73.92",
        "201608": "76.73",
        "201609": "78.67",
        "201610": "82.96",
        "201611": "77.12",
        "201612": "76.15",
        "201701": "75.59",
        "201702": "80.05",
        "201703": "84.77",
        "201704": "88.41",
        "201705": "90.83",
        "201706": "94.65",
        "201707": "98.25",
        "201708": "93.25",
        "201709": "86.60",
        "201710": "80.37",
        "201711": "72.69",
        "201712": "70.34",
        "201801": "75.56",
        "201802": "74.58",
        "201803": "74.61",
        "201804": "70.34",
        "201805": "67.04",
        "201806": "65.62",
        "201807": "65.67",
        "201808": "66.08",
        "201809": "62.96",
        "201810": "57.08",
        "201811": "51.92",
        "201812": "50.98",
        "201901": "49.22",
        "201902": "51.86",
        "201903": "52.70",
        "201904": "56.92",
        "201905": "52.15",
        "201906": "52.36",
        "201907": "55.32",
        "201908": "50.23",
        "201909": "53.57",
        "201910": "57.11",
        "201911": "67.54",
        "201912": "69.15",
        "202001": "67.39",
        "202002": "65.21",
        "202003": "56.42",
        "202004": "63.57",
        "202005": "63.64",
        "202006": "67.58",
        "202007": "63.27",
        "202008": "64.16",
        "202009": "63.30",
        "202010": "63.03",
        "202011": "63.99",
        "202012": "67.57",
        "202101": "74.25",
        "202102": "76.59",
        "202103": "73.55",
        "202104": "73.44",
        "202105": "71.45",
        "202106": "73.48",
        "202107": "67.71",
        "202108": "65.83",
        "202109": "65.40",
        "202110": "67.30",
        "202111": "68.22",
        "202112": "67.95",
        "202201": "69.54",
        "202202": "69.87",
        "202203": "71.38",
        "202204": "70.97",
        "202205": "67.29",
        "202206": "68.15",
        "202207": "58.80",
        "202208": "63.23",
        "202209": "62.37",
        "202210": "57.36",
        "202211": "59.39",
        "202212": "63.37",
        "202301": "64.38",
        "202302": "66.87",
        "202303": "69.05",
        "202304": "70.09",
        "202305": "72.05",
        "202306": "76.98",
        "202307": "75.67",
        "202308": "77.41",
        "202309": "77.04",
        "202310": "76.93",
        "202311": "79.52",
        "202312": "84.57"
    },
    "quarters": {
        "20011": {
            "year_quarter": 20011,
            "year": 2001,
            "quarter": 1,
            "eps": null,
            "eps_growth_year": null,
            "eps_4q": null,
            "eps_4q_growth_year": null,
            "roe": null,
            "roe_4q": 0,
            "gross_profit": null,
            "gross_margin": null,
            "gross_margin_4q_avg": 0,
            "net_income": null,
            "net_income_4q": null,
            "revenue": null,
            "revenue_4q": null,
            "common_shares": null,
            "book_valuer_per_share": null,
            "book_valuer_per_share_4q_avg": 0,
            "equity": null,
            "current_ratio": null,
            "debt_ratio": null,
            "inventory_turnover_ratio": null,
            "account_receivable_turnover_ratio": null,
            "reinvestment_rate": null,
            "research_to_sale_ratio": null,
            "price_fair": 0,
            "eps_avg_yearly": 0,
            "eps_latest_yearly": 0,
            "eps_growth_yearly": 0
        },
        "20012": {
            "year_quarter": 20012,
            "year": 2001,
            "quarter": 2,
            "eps": null,
            "eps_growth_year": null,
            "eps_4q": null,
            "eps_4q_growth_year": null,
            "roe": null,
            "roe_4q": 0,
            "gross_profit": null,
            "gross_margin": null,
            "gross_margin_4q_avg": 0,
            "net_income": null,
            "net_income_4q": null,
            "revenue": null,
            "revenue_4q": null,
            "common_shares": null,
            "book_valuer_per_share": null,
            "book_valuer_per_share_4q_avg": 0,
            "equity": null,
            "current_ratio": null,
            "debt_ratio": null,
            "inventory_turnover_ratio": null,
            "account_receivable_turnover_ratio": null,
            "reinvestment_rate": null,
            "research_to_sale_ratio": null,
            "price_fair": 0,
            "eps_avg_yearly": 0,
            "eps_latest_yearly": 0,
            "eps_growth_yearly": 0
        },
        "20013": {
            "year_quarter": 20013,
            "year": 2001,
            "quarter": 3,
            "eps": null,
            "eps_growth_year": null,
            "eps_4q": null,
            "eps_4q_growth_year": null,
            "roe": null,
            "roe_4q": 0,
            "gross_profit": null,
            "gross_margin": null,
            "gross_margin_4q_avg": 0,
            "net_income": null,
            "net_income_4q": null,
            "revenue": null,
            "revenue_4q": null,
            "common_shares": null,
            "book_valuer_per_share": null,
            "book_valuer_per_share_4q_avg": 0,
            "equity": null,
            "current_ratio": null,
            "debt_ratio": null,
            "inventory_turnover_ratio": null,
            "account_receivable_turnover_ratio": null,
            "reinvestment_rate": null,
            "research_to_sale_ratio": null,
            "price_fair": 0,
            "eps_avg_yearly": 0,
            "eps_latest_yearly": 0,
            "eps_growth_yearly": 0
        },
        "20014": {
            "year_quarter": 20014,
            "year": 2001,
            "quarter": 4,
            "eps": null,
            "eps_growth_year": null,
            "eps_4q": null,
            "eps_4q_growth_year": null,
            "roe": null,
            "roe_4q": 0,
            "gross_profit": null,
            "gross_margin": null,
            "gross_margin_4q_avg": 0,
            "net_income": null,
            "net_income_4q": null,
            "revenue": null,
            "revenue_4q": null,
            "common_shares": null,
            "book_valuer_per_share": null,
            "book_valuer_per_share_4q_avg": 0,
            "equity": null,
            "current_ratio": null,
            "debt_ratio": null,
            "inventory_turnover_ratio": null,
            "account_receivable_turnover_ratio": null,
            "reinvestment_rate": null,
            "research_to_sale_ratio": null,
            "price_fair": 0,
            "eps_avg_yearly": 0,
            "eps_latest_yearly": 0,
            "eps_growth_yearly": 0
        },
        "20021": {
            "year_quarter": 20021,
            "year": 2002,
            "quarter": 1,
            "eps": null,
            "eps_growth_year": null,
            "eps_4q": null,
            "eps_4q_growth_year": null,
            "roe": null,
            "roe_4q": 0,
            "gross_profit": null,
            "gross_margin": null,
            "gross_margin_4q_avg": 0,
            "net_income": null,
            "net_income_4q": null,
            "revenue": null,
            "revenue_4q": null,
            "common_shares": null,
            "book_valuer_per_share": null,
            "book_valuer_per_share_4q_avg": 0,
            "equity": null,
            "current_ratio": null,
            "debt_ratio": null,
            "inventory_turnover_ratio": null,
            "account_receivable_turnover_ratio": null,
            "reinvestment_rate": null,
            "research_to_sale_ratio": null,
            "price_fair": 0,
            "eps_avg_yearly": 0,
            "eps_latest_yearly": 0,
            "eps_growth_yearly": 0
        },
        "20022": {
            "year_quarter": 20022,
            "year": 2002,
            "quarter": 2,
            "eps": null,
            "eps_growth_year": null,
            "eps_4q": null,
            "eps_4q_growth_year": null,
            "roe": null,
            "roe_4q": 0,
            "gross_profit": null,
            "gross_margin": null,
            "gross_margin_4q_avg": 0,
            "net_income": null,
            "net_income_4q": null,
            "revenue": null,
            "revenue_4q": null,
            "common_shares": null,
            "book_valuer_per_share": null,
            "book_valuer_per_share_4q_avg": 0,
            "equity": null,
            "current_ratio": null,
            "debt_ratio": null,
            "inventory_turnover_ratio": null,
            "account_receivable_turnover_ratio": null,
            "reinvestment_rate": null,
            "research_to_sale_ratio": null,
            "price_fair": 0,
            "eps_avg_yearly": 0,
            "eps_latest_yearly": 0,
            "eps_growth_yearly": 0
        },
        "20023": {
            "year_quarter": 20023,
            "year": 2002,
            "quarter": 3,
            "eps": null,
            "eps_growth_year": null,
            "eps_4q": null,
            "eps_4q_growth_year": null,
            "roe": null,
            "roe_4q": 0,
            "gross_profit": null,
            "gross_margin": null,
            "gross_margin_4q_avg": 0,
            "net_income": null,
            "net_income_4q": null,
            "revenue": null,
            "revenue_4q": null,
            "common_shares": null,
            "book_valuer_per_share": null,
            "book_valuer_per_share_4q_avg": 0,
            "equity": null,
            "current_ratio": null,
            "debt_ratio": null,
            "inventory_turnover_ratio": null,
            "account_receivable_turnover_ratio": null,
            "reinvestment_rate": null,
            "research_to_sale_ratio": null,
            "price_fair": 0,
            "eps_avg_yearly": 0,
            "eps_latest_yearly": 0,
            "eps_growth_yearly": 0
        },
        "20024": {
            "year_quarter": 20024,
            "year": 2002,
            "quarter": 4,
            "eps": null,
            "eps_growth_year": null,
            "eps_4q": null,
            "eps_4q_growth_year": null,
            "roe": null,
            "roe_4q": 0,
            "gross_profit": null,
            "gross_margin": null,
            "gross_margin_4q_avg": 0,
            "net_income": null,
            "net_income_4q": null,
            "revenue": null,
            "revenue_4q": null,
            "common_shares": null,
            "book_valuer_per_share": null,
            "book_valuer_per_share_4q_avg": 0,
            "equity": null,
            "current_ratio": null,
            "debt_ratio": null,
            "inventory_turnover_ratio": null,
            "account_receivable_turnover_ratio": null,
            "reinvestment_rate": null,
            "research_to_sale_ratio": null,
            "price_fair": 0,
            "eps_avg_yearly": 0,
            "eps_latest_yearly": 0,
            "eps_growth_yearly": 0
        },
        "20031": {
            "year_quarter": 20031,
            "year": 2003,
            "quarter": 1,
            "eps": null,
            "eps_growth_year": null,
            "eps_4q": null,
            "eps_4q_growth_year": null,
            "roe": null,
            "roe_4q": 0,
            "gross_profit": null,
            "gross_margin": null,
            "gross_margin_4q_avg": 0,
            "net_income": null,
            "net_income_4q": null,
            "revenue": null,
            "revenue_4q": null,
            "common_shares": null,
            "book_valuer_per_share": null,
            "book_valuer_per_share_4q_avg": 0,
            "equity": null,
            "current_ratio": null,
            "debt_ratio": null,
            "inventory_turnover_ratio": null,
            "account_receivable_turnover_ratio": null,
            "reinvestment_rate": null,
            "research_to_sale_ratio": null,
            "price_fair": 0,
            "eps_avg_yearly": 0,
            "eps_latest_yearly": 0,
            "eps_growth_yearly": 0
        },
        "20032": {
            "year_quarter": 20032,
            "year": 2003,
            "quarter": 2,
            "eps": null,
            "eps_growth_year": null,
            "eps_4q": null,
            "eps_4q_growth_year": null,
            "roe": null,
            "roe_4q": 0,
            "gross_profit": null,
            "gross_margin": null,
            "gross_margin_4q_avg": 0,
            "net_income": null,
            "net_income_4q": null,
            "revenue": null,
            "revenue_4q": null,
            "common_shares": null,
            "book_valuer_per_share": null,
            "book_valuer_per_share_4q_avg": 0,
            "equity": null,
            "current_ratio": null,
            "debt_ratio": null,
            "inventory_turnover_ratio": null,
            "account_receivable_turnover_ratio": null,
            "reinvestment_rate": null,
            "research_to_sale_ratio": null,
            "price_fair": 0,
            "eps_avg_yearly": 0,
            "eps_latest_yearly": 0,
            "eps_growth_yearly": 0
        },
        "20033": {
            "year_quarter": 20033,
            "year": 2003,
            "quarter": 3,
            "eps": null,
            "eps_growth_year": null,
            "eps_4q": null,
            "eps_4q_growth_year": null,
            "roe": null,
            "roe_4q": 0,
            "gross_profit": null,
            "gross_margin": null,
            "gross_margin_4q_avg": 0,
            "net_income": null,
            "net_income_4q": null,
            "revenue": null,
            "revenue_4q": null,
            "common_shares": null,
            "book_valuer_per_share": null,
            "book_valuer_per_share_4q_avg": 0,
            "equity": null,
            "current_ratio": null,
            "debt_ratio": null,
            "inventory_turnover_ratio": null,
            "account_receivable_turnover_ratio": null,
            "reinvestment_rate": null,
            "research_to_sale_ratio": null,
            "price_fair": 0,
            "eps_avg_yearly": 0,
            "eps_latest_yearly": 0,
            "eps_growth_yearly": 0
        },
        "20034": {
            "year_quarter": 20034,
            "year": 2003,
            "quarter": 4,
            "eps": null,
            "eps_growth_year": null,
            "eps_4q": null,
            "eps_4q_growth_year": null,
            "roe": null,
            "roe_4q": 0,
            "gross_profit": null,
            "gross_margin": null,
            "gross_margin_4q_avg": 0,
            "net_income": null,
            "net_income_4q": null,
            "revenue": null,
            "revenue_4q": null,
            "common_shares": null,
            "book_valuer_per_share": null,
            "book_valuer_per_share_4q_avg": 0,
            "equity": null,
            "current_ratio": null,
            "debt_ratio": null,
            "inventory_turnover_ratio": null,
            "account_receivable_turnover_ratio": null,
            "reinvestment_rate": null,
            "research_to_sale_ratio": null,
            "price_fair": 0,
            "eps_avg_yearly": 0,
            "eps_latest_yearly": 0,
            "eps_growth_yearly": 0
        },
        "20041": {
            "year_quarter": 20041,
            "year": 2004,
            "quarter": 1,
            "eps": null,
            "eps_growth_year": null,
            "eps_4q": null,
            "eps_4q_growth_year": null,
            "roe": null,
            "roe_4q": 0,
            "gross_profit": null,
            "gross_margin": null,
            "gross_margin_4q_avg": 0,
            "net_income": null,
            "net_income_4q": null,
            "revenue": null,
            "revenue_4q": null,
            "common_shares": null,
            "book_valuer_per_share": null,
            "book_valuer_per_share_4q_avg": 0,
            "equity": null,
            "current_ratio": null,
            "debt_ratio": null,
            "inventory_turnover_ratio": null,
            "account_receivable_turnover_ratio": null,
            "reinvestment_rate": null,
            "research_to_sale_ratio": null,
            "price_fair": 0,
            "eps_avg_yearly": 0,
            "eps_latest_yearly": 0,
            "eps_growth_yearly": 0
        },
        "20042": {
            "year_quarter": 20042,
            "year": 2004,
            "quarter": 2,
            "eps": null,
            "eps_growth_year": null,
            "eps_4q": null,
            "eps_4q_growth_year": null,
            "roe": null,
            "roe_4q": 0,
            "gross_profit": null,
            "gross_margin": null,
            "gross_margin_4q_avg": 0,
            "net_income": null,
            "net_income_4q": null,
            "revenue": null,
            "revenue_4q": null,
            "common_shares": null,
            "book_valuer_per_share": null,
            "book_valuer_per_share_4q_avg": 0,
            "equity": null,
            "current_ratio": null,
            "debt_ratio": null,
            "inventory_turnover_ratio": null,
            "account_receivable_turnover_ratio": null,
            "reinvestment_rate": null,
            "research_to_sale_ratio": null,
            "price_fair": 0,
            "eps_avg_yearly": 0,
            "eps_latest_yearly": 0,
            "eps_growth_yearly": 0
        },
        "20043": {
            "year_quarter": 20043,
            "year": 2004,
            "quarter": 3,
            "eps": null,
            "eps_growth_year": null,
            "eps_4q": null,
            "eps_4q_growth_year": null,
            "roe": null,
            "roe_4q": 0,
            "gross_profit": null,
            "gross_margin": null,
            "gross_margin_4q_avg": 0,
            "net_income": null,
            "net_income_4q": null,
            "revenue": null,
            "revenue_4q": null,
            "common_shares": null,
            "book_valuer_per_share": null,
            "book_valuer_per_share_4q_avg": 0,
            "equity": null,
            "current_ratio": null,
            "debt_ratio": null,
            "inventory_turnover_ratio": null,
            "account_receivable_turnover_ratio": null,
            "reinvestment_rate": null,
            "research_to_sale_ratio": null,
            "price_fair": 0,
            "eps_avg_yearly": 0,
            "eps_latest_yearly": 0,
            "eps_growth_yearly": 0
        },
        "20044": {
            "year_quarter": 20044,
            "year": 2004,
            "quarter": 4,
            "eps": null,
            "eps_growth_year": null,
            "eps_4q": null,
            "eps_4q_growth_year": null,
            "roe": null,
            "roe_4q": 0,
            "gross_profit": null,
            "gross_margin": null,
            "gross_margin_4q_avg": 0,
            "net_income": null,
            "net_income_4q": null,
            "revenue": null,
            "revenue_4q": null,
            "common_shares": null,
            "book_valuer_per_share": null,
            "book_valuer_per_share_4q_avg": 0,
            "equity": null,
            "current_ratio": null,
            "debt_ratio": null,
            "inventory_turnover_ratio": null,
            "account_receivable_turnover_ratio": null,
            "reinvestment_rate": null,
            "research_to_sale_ratio": null,
            "price_fair": 0,
            "eps_avg_yearly": 0,
            "eps_latest_yearly": 0,
            "eps_growth_yearly": 0
        },
        "20051": {
            "year_quarter": 20051,
            "year": 2005,
            "quarter": 1,
            "eps": null,
            "eps_growth_year": null,
            "eps_4q": null,
            "eps_4q_growth_year": null,
            "roe": null,
            "roe_4q": 0,
            "gross_profit": null,
            "gross_margin": null,
            "gross_margin_4q_avg": 0,
            "net_income": null,
            "net_income_4q": null,
            "revenue": null,
            "revenue_4q": null,
            "common_shares": null,
            "book_valuer_per_share": null,
            "book_valuer_per_share_4q_avg": 0,
            "equity": null,
            "current_ratio": null,
            "debt_ratio": null,
            "inventory_turnover_ratio": null,
            "account_receivable_turnover_ratio": null,
            "reinvestment_rate": null,
            "research_to_sale_ratio": null,
            "price_fair": 0,
            "eps_avg_yearly": 0,
            "eps_latest_yearly": 0,
            "eps_growth_yearly": 0
        },
        "20052": {
            "year_quarter": 20052,
            "year": 2005,
            "quarter": 2,
            "eps": null,
            "eps_growth_year": null,
            "eps_4q": null,
            "eps_4q_growth_year": null,
            "roe": null,
            "roe_4q": 0,
            "gross_profit": null,
            "gross_margin": null,
            "gross_margin_4q_avg": 0,
            "net_income": null,
            "net_income_4q": null,
            "revenue": null,
            "revenue_4q": null,
            "common_shares": null,
            "book_valuer_per_share": null,
            "book_valuer_per_share_4q_avg": 0,
            "equity": null,
            "current_ratio": null,
            "debt_ratio": null,
            "inventory_turnover_ratio": null,
            "account_receivable_turnover_ratio": null,
            "reinvestment_rate": null,
            "research_to_sale_ratio": null,
            "price_fair": 0,
            "eps_avg_yearly": 0,
            "eps_latest_yearly": 0,
            "eps_growth_yearly": 0
        },
        "20053": {
            "year_quarter": 20053,
            "year": 2005,
            "quarter": 3,
            "eps": null,
            "eps_growth_year": null,
            "eps_4q": null,
            "eps_4q_growth_year": null,
            "roe": null,
            "roe_4q": 0,
            "gross_profit": null,
            "gross_margin": null,
            "gross_margin_4q_avg": 0,
            "net_income": null,
            "net_income_4q": null,
            "revenue": null,
            "revenue_4q": null,
            "common_shares": null,
            "book_valuer_per_share": null,
            "book_valuer_per_share_4q_avg": 0,
            "equity": null,
            "current_ratio": null,
            "debt_ratio": null,
            "inventory_turnover_ratio": null,
            "account_receivable_turnover_ratio": null,
            "reinvestment_rate": null,
            "research_to_sale_ratio": null,
            "price_fair": 0,
            "eps_avg_yearly": 0,
            "eps_latest_yearly": 0,
            "eps_growth_yearly": 0
        },
        "20054": {
            "year_quarter": 20054,
            "year": 2005,
            "quarter": 4,
            "eps": null,
            "eps_growth_year": null,
            "eps_4q": null,
            "eps_4q_growth_year": null,
            "roe": null,
            "roe_4q": 0,
            "gross_profit": null,
            "gross_margin": null,
            "gross_margin_4q_avg": 0,
            "net_income": null,
            "net_income_4q": null,
            "revenue": null,
            "revenue_4q": null,
            "common_shares": null,
            "book_valuer_per_share": null,
            "book_valuer_per_share_4q_avg": 0,
            "equity": null,
            "current_ratio": null,
            "debt_ratio": null,
            "inventory_turnover_ratio": null,
            "account_receivable_turnover_ratio": null,
            "reinvestment_rate": null,
            "research_to_sale_ratio": null,
            "price_fair": 0,
            "eps_avg_yearly": 0,
            "eps_latest_yearly": 0,
            "eps_growth_yearly": 0
        },
        "20061": {
            "year_quarter": 20061,
            "year": 2006,
            "quarter": 1,
            "eps": null,
            "eps_growth_year": null,
            "eps_4q": null,
            "eps_4q_growth_year": null,
            "roe": null,
            "roe_4q": 0,
            "gross_profit": null,
            "gross_margin": null,
            "gross_margin_4q_avg": 0,
            "net_income": null,
            "net_income_4q": null,
            "revenue": null,
            "revenue_4q": null,
            "common_shares": null,
            "book_valuer_per_share": null,
            "book_valuer_per_share_4q_avg": 0,
            "equity": null,
            "current_ratio": null,
            "debt_ratio": null,
            "inventory_turnover_ratio": null,
            "account_receivable_turnover_ratio": null,
            "reinvestment_rate": null,
            "research_to_sale_ratio": null,
            "price_fair": 0,
            "eps_avg_yearly": 0,
            "eps_latest_yearly": 0,
            "eps_growth_yearly": 0
        },
        "20062": {
            "year_quarter": 20062,
            "year": 2006,
            "quarter": 2,
            "eps": null,
            "eps_growth_year": null,
            "eps_4q": null,
            "eps_4q_growth_year": null,
            "roe": null,
            "roe_4q": 0,
            "gross_profit": null,
            "gross_margin": null,
            "gross_margin_4q_avg": 0,
            "net_income": null,
            "net_income_4q": null,
            "revenue": null,
            "revenue_4q": null,
            "common_shares": null,
            "book_valuer_per_share": null,
            "book_valuer_per_share_4q_avg": 0,
            "equity": null,
            "current_ratio": null,
            "debt_ratio": null,
            "inventory_turnover_ratio": null,
            "account_receivable_turnover_ratio": null,
            "reinvestment_rate": null,
            "research_to_sale_ratio": null,
            "price_fair": 0,
            "eps_avg_yearly": 0,
            "eps_latest_yearly": 0,
            "eps_growth_yearly": 0
        },
        "20063": {
            "year_quarter": 20063,
            "year": 2006,
            "quarter": 3,
            "eps": null,
            "eps_growth_year": null,
            "eps_4q": null,
            "eps_4q_growth_year": null,
            "roe": null,
            "roe_4q": 0,
            "gross_profit": null,
            "gross_margin": null,
            "gross_margin_4q_avg": 0,
            "net_income": null,
            "net_income_4q": null,
            "revenue": null,
            "revenue_4q": null,
            "common_shares": null,
            "book_valuer_per_share": null,
            "book_valuer_per_share_4q_avg": 0,
            "equity": null,
            "current_ratio": null,
            "debt_ratio": null,
            "inventory_turnover_ratio": null,
            "account_receivable_turnover_ratio": null,
            "reinvestment_rate": null,
            "research_to_sale_ratio": null,
            "price_fair": 0,
            "eps_avg_yearly": 0,
            "eps_latest_yearly": 0,
            "eps_growth_yearly": 0
        },
        "20064": {
            "year_quarter": 20064,
            "year": 2006,
            "quarter": 4,
            "eps": null,
            "eps_growth_year": null,
            "eps_4q": null,
            "eps_4q_growth_year": null,
            "roe": null,
            "roe_4q": 0,
            "gross_profit": null,
            "gross_margin": null,
            "gross_margin_4q_avg": 0,
            "net_income": null,
            "net_income_4q": null,
            "revenue": null,
            "revenue_4q": null,
            "common_shares": null,
            "book_valuer_per_share": null,
            "book_valuer_per_share_4q_avg": 0,
            "equity": null,
            "current_ratio": null,
            "debt_ratio": null,
            "inventory_turnover_ratio": null,
            "account_receivable_turnover_ratio": null,
            "reinvestment_rate": null,
            "research_to_sale_ratio": null,
            "price_fair": 0,
            "eps_avg_yearly": 0,
            "eps_latest_yearly": 0,
            "eps_growth_yearly": 0
        },
        "20071": {
            "year_quarter": 20071,
            "year": 2007,
            "quarter": 1,
            "eps": null,
            "eps_growth_year": null,
            "eps_4q": null,
            "eps_4q_growth_year": null,
            "roe": null,
            "roe_4q": 0,
            "gross_profit": null,
            "gross_margin": null,
            "gross_margin_4q_avg": 0,
            "net_income": null,
            "net_income_4q": null,
            "revenue": null,
            "revenue_4q": null,
            "common_shares": null,
            "book_valuer_per_share": null,
            "book_valuer_per_share_4q_avg": 0,
            "equity": null,
            "current_ratio": null,
            "debt_ratio": null,
            "inventory_turnover_ratio": null,
            "account_receivable_turnover_ratio": null,
            "reinvestment_rate": null,
            "research_to_sale_ratio": null,
            "price_fair": 0,
            "eps_avg_yearly": 0,
            "eps_latest_yearly": 0,
            "eps_growth_yearly": 0
        },
        "20072": {
            "year_quarter": 20072,
            "year": 2007,
            "quarter": 2,
            "eps": null,
            "eps_growth_year": null,
            "eps_4q": null,
            "eps_4q_growth_year": null,
            "roe": null,
            "roe_4q": 0,
            "gross_profit": null,
            "gross_margin": null,
            "gross_margin_4q_avg": 0,
            "net_income": null,
            "net_income_4q": null,
            "revenue": null,
            "revenue_4q": null,
            "common_shares": null,
            "book_valuer_per_share": null,
            "book_valuer_per_share_4q_avg": 0,
            "equity": null,
            "current_ratio": null,
            "debt_ratio": null,
            "inventory_turnover_ratio": null,
            "account_receivable_turnover_ratio": null,
            "reinvestment_rate": null,
            "research_to_sale_ratio": null,
            "price_fair": 0,
            "eps_avg_yearly": 0,
            "eps_latest_yearly": 0,
            "eps_growth_yearly": 0
        },
        "20073": {
            "year_quarter": 20073,
            "year": 2007,
            "quarter": 3,
            "eps": null,
            "eps_growth_year": null,
            "eps_4q": null,
            "eps_4q_growth_year": null,
            "roe": null,
            "roe_4q": 0,
            "gross_profit": null,
            "gross_margin": null,
            "gross_margin_4q_avg": 0,
            "net_income": null,
            "net_income_4q": null,
            "revenue": null,
            "revenue_4q": null,
            "common_shares": null,
            "book_valuer_per_share": null,
            "book_valuer_per_share_4q_avg": 0,
            "equity": null,
            "current_ratio": null,
            "debt_ratio": null,
            "inventory_turnover_ratio": null,
            "account_receivable_turnover_ratio": null,
            "reinvestment_rate": null,
            "research_to_sale_ratio": null,
            "price_fair": 0,
            "eps_avg_yearly": 0,
            "eps_latest_yearly": 0,
            "eps_growth_yearly": 0
        },
        "20074": {
            "year_quarter": 20074,
            "year": 2007,
            "quarter": 4,
            "eps": null,
            "eps_growth_year": null,
            "eps_4q": null,
            "eps_4q_growth_year": null,
            "roe": null,
            "roe_4q": 0,
            "gross_profit": null,
            "gross_margin": null,
            "gross_margin_4q_avg": 0,
            "net_income": null,
            "net_income_4q": null,
            "revenue": null,
            "revenue_4q": null,
            "common_shares": 50000,
            "book_valuer_per_share": 42.33,
            "book_valuer_per_share_4q_avg": 10.58,
            "equity": 211670,
            "current_ratio": 110832.88,
            "debt_ratio": 0.07,
            "inventory_turnover_ratio": null,
            "account_receivable_turnover_ratio": null,
            "reinvestment_rate": null,
            "research_to_sale_ratio": null,
            "price_fair": 0,
            "eps_avg_yearly": 0,
            "eps_latest_yearly": 0,
            "eps_growth_yearly": 0
        },
        "20081": {
            "year_quarter": 20081,
            "year": 2008,
            "quarter": 1,
            "eps": null,
            "eps_growth_year": null,
            "eps_4q": null,
            "eps_4q_growth_year": null,
            "roe": null,
            "roe_4q": 0,
            "gross_profit": null,
            "gross_margin": null,
            "gross_margin_4q_avg": 0,
            "net_income": null,
            "net_income_4q": null,
            "revenue": null,
            "revenue_4q": null,
            "common_shares": null,
            "book_valuer_per_share": null,
            "book_valuer_per_share_4q_avg": 10.58,
            "equity": null,
            "current_ratio": null,
            "debt_ratio": null,
            "inventory_turnover_ratio": null,
            "account_receivable_turnover_ratio": null,
            "reinvestment_rate": null,
            "research_to_sale_ratio": null,
            "price_fair": 0,
            "eps_avg_yearly": 0,
            "eps_latest_yearly": 0,
            "eps_growth_yearly": 0
        },
        "20082": {
            "year_quarter": 20082,
            "year": 2008,
            "quarter": 2,
            "eps": null,
            "eps_growth_year": null,
            "eps_4q": null,
            "eps_4q_growth_year": null,
            "roe": null,
            "roe_4q": 0,
            "gross_profit": null,
            "gross_margin": null,
            "gross_margin_4q_avg": 0,
            "net_income": null,
            "net_income_4q": null,
            "revenue": null,
            "revenue_4q": null,
            "common_shares": null,
            "book_valuer_per_share": null,
            "book_valuer_per_share_4q_avg": 10.58,
            "equity": null,
            "current_ratio": null,
            "debt_ratio": null,
            "inventory_turnover_ratio": null,
            "account_receivable_turnover_ratio": null,
            "reinvestment_rate": null,
            "research_to_sale_ratio": null,
            "price_fair": 0,
            "eps_avg_yearly": 0,
            "eps_latest_yearly": 0,
            "eps_growth_yearly": 0
        },
        "20083": {
            "year_quarter": 20083,
            "year": 2008,
            "quarter": 3,
            "eps": null,
            "eps_growth_year": null,
            "eps_4q": null,
            "eps_4q_growth_year": null,
            "roe": null,
            "roe_4q": 0,
            "gross_profit": null,
            "gross_margin": null,
            "gross_margin_4q_avg": 0,
            "net_income": null,
            "net_income_4q": null,
            "revenue": null,
            "revenue_4q": null,
            "common_shares": null,
            "book_valuer_per_share": null,
            "book_valuer_per_share_4q_avg": 10.58,
            "equity": null,
            "current_ratio": null,
            "debt_ratio": null,
            "inventory_turnover_ratio": null,
            "account_receivable_turnover_ratio": null,
            "reinvestment_rate": null,
            "research_to_sale_ratio": null,
            "price_fair": 0,
            "eps_avg_yearly": 0,
            "eps_latest_yearly": 0,
            "eps_growth_yearly": 0
        },
        "20084": {
            "year_quarter": 20084,
            "year": 2008,
            "quarter": 4,
            "eps": null,
            "eps_growth_year": null,
            "eps_4q": null,
            "eps_4q_growth_year": null,
            "roe": null,
            "roe_4q": 0,
            "gross_profit": null,
            "gross_margin": null,
            "gross_margin_4q_avg": 0,
            "net_income": null,
            "net_income_4q": null,
            "revenue": null,
            "revenue_4q": null,
            "common_shares": 18846281,
            "book_valuer_per_share": 47.74,
            "book_valuer_per_share_4q_avg": 11.94,
            "equity": 110175554,
            "current_ratio": 148.3,
            "debt_ratio": 48.8,
            "inventory_turnover_ratio": null,
            "account_receivable_turnover_ratio": null,
            "reinvestment_rate": null,
            "research_to_sale_ratio": null,
            "price_fair": 0,
            "eps_avg_yearly": 0,
            "eps_latest_yearly": 0,
            "eps_growth_yearly": 0
        },
        "20091": {
            "year_quarter": 20091,
            "year": 2009,
            "quarter": 1,
            "eps": 0.27,
            "eps_growth_year": null,
            "eps_4q": null,
            "eps_4q_growth_year": null,
            "roe": 0.51,
            "roe_4q": 0.51,
            "gross_profit": 2266545,
            "gross_margin": 3.53,
            "gross_margin_4q_avg": 0.88,
            "net_income": 513001,
            "net_income_4q": null,
            "revenue": 64241752,
            "revenue_4q": null,
            "common_shares": 18846281,
            "book_valuer_per_share": 49.22,
            "book_valuer_per_share_4q_avg": 24.24,
            "equity": 92753542,
            "current_ratio": 108.05,
            "debt_ratio": 43.03,
            "inventory_turnover_ratio": 2.23,
            "account_receivable_turnover_ratio": null,
            "reinvestment_rate": null,
            "research_to_sale_ratio": null,
            "price_fair": 0,
            "eps_avg_yearly": 0,
            "eps_latest_yearly": 0,
            "eps_growth_yearly": 0
        },
        "20092": {
            "year_quarter": 20092,
            "year": 2009,
            "quarter": 2,
            "eps": 0.26,
            "eps_growth_year": null,
            "eps_4q": null,
            "eps_4q_growth_year": null,
            "roe": 0.54,
            "roe_4q": 1.05,
            "gross_profit": 1744618,
            "gross_margin": 2.58,
            "gross_margin_4q_avg": 1.53,
            "net_income": 497182,
            "net_income_4q": null,
            "revenue": 67606480,
            "revenue_4q": null,
            "common_shares": 22860539,
            "book_valuer_per_share": 39.67,
            "book_valuer_per_share_4q_avg": 34.16,
            "equity": 90689215,
            "current_ratio": 105.96,
            "debt_ratio": 48.57,
            "inventory_turnover_ratio": 5.44,
            "account_receivable_turnover_ratio": 2.27,
            "reinvestment_rate": null,
            "research_to_sale_ratio": null,
            "price_fair": 3.12,
            "eps_avg_yearly": 1.04,
            "eps_latest_yearly": 1.04,
            "eps_growth_yearly": -14.81
        },
        "20093": {
            "year_quarter": 20093,
            "year": 2009,
            "quarter": 3,
            "eps": 1.87,
            "eps_growth_year": null,
            "eps_4q": null,
            "eps_4q_growth_year": null,
            "roe": 3.83,
            "roe_4q": 4.88,
            "gross_profit": 2109265,
            "gross_margin": 2.31,
            "gross_margin_4q_avg": 2.11,
            "net_income": 3528372,
            "net_income_4q": null,
            "revenue": 91189299,
            "revenue_4q": null,
            "common_shares": 18846281,
            "book_valuer_per_share": 49.54,
            "book_valuer_per_share_4q_avg": 46.54,
            "equity": 93366889,
            "current_ratio": 105.8,
            "debt_ratio": 53.58,
            "inventory_turnover_ratio": 7.4,
            "account_receivable_turnover_ratio": 1.3,
            "reinvestment_rate": null,
            "research_to_sale_ratio": null,
            "price_fair": 149.1,
            "eps_avg_yearly": 4.26,
            "eps_latest_yearly": 7.48,
            "eps_growth_yearly": 1231.05
        },
        "20094": {
            "year_quarter": 20094,
            "year": 2009,
            "quarter": 4,
            "eps": 0.97,
            "eps_growth_year": null,
            "eps_4q": 2.96,
            "eps_4q_growth_year": null,
            "roe": 2.07,
            "roe_4q": 6.95,
            "gross_profit": 3184388,
            "gross_margin": 3.03,
            "gross_margin_4q_avg": 2.86,
            "net_income": 2213033,
            "net_income_4q": null,
            "revenue": 104926996,
            "revenue_4q": null,
            "common_shares": 22860539,
            "book_valuer_per_share": 41.89,
            "book_valuer_per_share_4q_avg": 45.08,
            "equity": 120153670,
            "current_ratio": 162.81,
            "debt_ratio": 46.49,
            "inventory_turnover_ratio": 3.51,
            "account_receivable_turnover_ratio": 1.28,
            "reinvestment_rate": null,
            "research_to_sale_ratio": null,
            "price_fair": 144.67,
            "eps_avg_yearly": 4.13,
            "eps_latest_yearly": 3.88,
            "eps_growth_yearly": 756.53
        },
        "20101": {
            "year_quarter": 20101,
            "year": 2010,
            "quarter": 1,
            "eps": null,
            "eps_growth_year": null,
            "eps_4q": null,
            "eps_4q_growth_year": null,
            "roe": null,
            "roe_4q": 6.44,
            "gross_profit": 8418008,
            "gross_margin": null,
            "gross_margin_4q_avg": 1.98,
            "net_income": 2797895,
            "net_income_4q": null,
            "revenue": 130105412,
            "revenue_4q": null,
            "common_shares": 22860539,
            "book_valuer_per_share": 40.75,
            "book_valuer_per_share_4q_avg": 42.96,
            "equity": 118651750,
            "current_ratio": 168.22,
            "debt_ratio": 45.76,
            "inventory_turnover_ratio": null,
            "account_receivable_turnover_ratio": null,
            "reinvestment_rate": null,
            "research_to_sale_ratio": null,
            "price_fair": 144.67,
            "eps_avg_yearly": 4.13,
            "eps_latest_yearly": 3.88,
            "eps_growth_yearly": 756.53
        },
        "20102": {
            "year_quarter": 20102,
            "year": 2010,
            "quarter": 2,
            "eps": 1.31,
            "eps_growth_year": 403.55,
            "eps_4q": 3.82,
            "eps_4q_growth_year": null,
            "roe": 2.51,
            "roe_4q": 8.41,
            "gross_profit": 8120744,
            "gross_margin": 6.32,
            "gross_margin_4q_avg": 2.92,
            "net_income": 2992959,
            "net_income_4q": null,
            "revenue": 128391553,
            "revenue_4q": null,
            "common_shares": 22860639,
            "book_valuer_per_share": 41.7,
            "book_valuer_per_share_4q_avg": 43.47,
            "equity": 119480366,
            "current_ratio": 170.13,
            "debt_ratio": 45.77,
            "inventory_turnover_ratio": 2.47,
            "account_receivable_turnover_ratio": 4.77,
            "reinvestment_rate": null,
            "research_to_sale_ratio": null,
            "price_fair": 144.67,
            "eps_avg_yearly": 4.13,
            "eps_latest_yearly": 3.88,
            "eps_growth_yearly": 756.53
        },
        "20103": {
            "year_quarter": 20103,
            "year": 2010,
            "quarter": 3,
            "eps": 0.64,
            "eps_growth_year": -65.67,
            "eps_4q": 2.95,
            "eps_4q_growth_year": null,
            "roe": 2.26,
            "roe_4q": 6.84,
            "gross_profit": 7409391,
            "gross_margin": 5.31,
            "gross_margin_4q_avg": 3.67,
            "net_income": 2715599,
            "net_income_4q": null,
            "revenue": 139457935,
            "revenue_4q": null,
            "common_shares": 22860639,
            "book_valuer_per_share": 41.97,
            "book_valuer_per_share_4q_avg": 41.58,
            "equity": 120399369,
            "current_ratio": 170.79,
            "debt_ratio": 46.53,
            "inventory_turnover_ratio": 2.6,
            "account_receivable_turnover_ratio": 2.34,
            "reinvestment_rate": null,
            "research_to_sale_ratio": 1.34,
            "price_fair": 130.9,
            "eps_avg_yearly": 3.74,
            "eps_latest_yearly": 2.56,
            "eps_growth_yearly": 516.25
        },
        "20104": {
            "year_quarter": 20104,
            "year": 2010,
            "quarter": 4,
            "eps": 0.57,
            "eps_growth_year": -41.03,
            "eps_4q": 2.54,
            "eps_4q_growth_year": -14.14,
            "roe": 1.77,
            "roe_4q": 6.539999999999999,
            "gross_profit": 6217113,
            "gross_margin": 4.69,
            "gross_margin_4q_avg": 4.08,
            "net_income": 2100313,
            "net_income_4q": null,
            "revenue": 132576451,
            "revenue_4q": null,
            "common_shares": 22563669,
            "book_valuer_per_share": 40.27,
            "book_valuer_per_share_4q_avg": 41.17,
            "equity": 116617499,
            "current_ratio": 172.14,
            "debt_ratio": 46.01,
            "inventory_turnover_ratio": 2.66,
            "account_receivable_turnover_ratio": 2.24,
            "reinvestment_rate": null,
            "research_to_sale_ratio": 1.59,
            "price_fair": 120.68,
            "eps_avg_yearly": 3.45,
            "eps_latest_yearly": 2.28,
            "eps_growth_yearly": 404.25
        },
        "20111": {
            "year_quarter": 20111,
            "year": 2011,
            "quarter": 1,
            "eps": -0.25,
            "eps_growth_year": null,
            "eps_4q": 2.29,
            "eps_4q_growth_year": null,
            "roe": 0.15,
            "roe_4q": 6.6899999999999995,
            "gross_profit": 5244929,
            "gross_margin": 4.78,
            "gross_margin_4q_avg": 5.28,
            "net_income": 173454,
            "net_income_4q": null,
            "revenue": 109707601,
            "revenue_4q": null,
            "common_shares": 22563669,
            "book_valuer_per_share": 40.36,
            "book_valuer_per_share_4q_avg": 41.08,
            "equity": 117657573,
            "current_ratio": 167.61,
            "debt_ratio": 48.02,
            "inventory_turnover_ratio": 2.3,
            "account_receivable_turnover_ratio": 1.99,
            "reinvestment_rate": null,
            "research_to_sale_ratio": 1.89,
            "price_fair": 120.68,
            "eps_avg_yearly": 3.45,
            "eps_latest_yearly": 2.28,
            "eps_growth_yearly": 404.25
        },
        "20112": {
            "year_quarter": 20112,
            "year": 2011,
            "quarter": 2,
            "eps": -0.3,
            "eps_growth_year": -122.74,
            "eps_4q": 0.67,
            "eps_4q_growth_year": -82.51,
            "roe": 0.08,
            "roe_4q": 4.26,
            "gross_profit": 5433948,
            "gross_margin": 4.18,
            "gross_margin_4q_avg": 4.74,
            "net_income": 93090,
            "net_income_4q": null,
            "revenue": 130002352,
            "revenue_4q": null,
            "common_shares": 22563669,
            "book_valuer_per_share": 38.19,
            "book_valuer_per_share_4q_avg": 40.2,
            "equity": 110784079,
            "current_ratio": 151.17,
            "debt_ratio": 57.13,
            "inventory_turnover_ratio": 2.2,
            "account_receivable_turnover_ratio": 2.13,
            "reinvestment_rate": null,
            "research_to_sale_ratio": 1.82,
            "price_fair": 120.68,
            "eps_avg_yearly": 3.45,
            "eps_latest_yearly": 2.28,
            "eps_growth_yearly": 404.25
        },
        "20113": {
            "year_quarter": 20113,
            "year": 2011,
            "quarter": 3,
            "eps": 0.16,
            "eps_growth_year": -74.68,
            "eps_4q": 0.19,
            "eps_4q_growth_year": -93.59,
            "roe": 1.18,
            "roe_4q": 3.1799999999999997,
            "gross_profit": 7605853,
            "gross_margin": 4.16,
            "gross_margin_4q_avg": 4.45,
            "net_income": 1344095,
            "net_income_4q": null,
            "revenue": 182926930,
            "revenue_4q": null,
            "common_shares": 22563669,
            "book_valuer_per_share": 40.53,
            "book_valuer_per_share_4q_avg": 39.84,
            "equity": 117606942,
            "current_ratio": 140.48,
            "debt_ratio": 61.01,
            "inventory_turnover_ratio": 2.45,
            "account_receivable_turnover_ratio": 2.37,
            "reinvestment_rate": null,
            "research_to_sale_ratio": 1.42,
            "price_fair": 120.68,
            "eps_avg_yearly": 3.45,
            "eps_latest_yearly": 2.28,
            "eps_growth_yearly": 404.25
        },
        "20114": {
            "year_quarter": 20114,
            "year": 2011,
            "quarter": 4,
            "eps": 0.43,
            "eps_growth_year": -24.38,
            "eps_4q": 0.05,
            "eps_4q_growth_year": -98.06,
            "roe": 1.44,
            "roe_4q": 2.85,
            "gross_profit": 8712056,
            "gross_margin": 4.91,
            "gross_margin_4q_avg": 4.51,
            "net_income": 1694523,
            "net_income_4q": null,
            "revenue": 177305823,
            "revenue_4q": null,
            "common_shares": 22563669,
            "book_valuer_per_share": 40.62,
            "book_valuer_per_share_4q_avg": 39.93,
            "equity": 118196729,
            "current_ratio": 142.51,
            "debt_ratio": 60.54,
            "inventory_turnover_ratio": 2.33,
            "account_receivable_turnover_ratio": 2.03,
            "reinvestment_rate": null,
            "research_to_sale_ratio": 1.63,
            "price_fair": 110.6,
            "eps_avg_yearly": 3.16,
            "eps_latest_yearly": 1.72,
            "eps_growth_yearly": 449.38
        },
        "20121": {
            "year_quarter": 20121,
            "year": 2012,
            "quarter": 1,
            "eps": 0.57,
            "eps_growth_year": null,
            "eps_4q": 0.86,
            "eps_4q_growth_year": -62.35,
            "roe": 1.7,
            "roe_4q": 4.3999999999999995,
            "gross_profit": 8136119,
            "gross_margin": 4.73,
            "gross_margin_4q_avg": 4.5,
            "net_income": 2023941,
            "net_income_4q": null,
            "revenue": 171894329,
            "revenue_4q": null,
            "common_shares": 22563669,
            "book_valuer_per_share": 40.77,
            "book_valuer_per_share_4q_avg": 40.03,
            "equity": 120043580,
            "current_ratio": 144.16,
            "debt_ratio": 61.48,
            "inventory_turnover_ratio": 2.32,
            "account_receivable_turnover_ratio": 2.03,
            "reinvestment_rate": null,
            "research_to_sale_ratio": 1.54,
            "price_fair": 106.2,
            "eps_avg_yearly": 3.03,
            "eps_latest_yearly": 2.28,
            "eps_growth_yearly": 403.79
        },
        "20122": {
            "year_quarter": 20122,
            "year": 2012,
            "quarter": 2,
            "eps": 0.36,
            "eps_growth_year": null,
            "eps_4q": 1.53,
            "eps_4q_growth_year": 128.31,
            "roe": 1.46,
            "roe_4q": 5.779999999999999,
            "gross_profit": 10837639,
            "gross_margin": 4.94,
            "gross_margin_4q_avg": 4.69,
            "net_income": 1773457,
            "net_income_4q": null,
            "revenue": 219214381,
            "revenue_4q": null,
            "common_shares": 22563669,
            "book_valuer_per_share": 41.37,
            "book_valuer_per_share_4q_avg": 40.82,
            "equity": 122997189,
            "current_ratio": 137.83,
            "debt_ratio": 65.41,
            "inventory_turnover_ratio": 2.73,
            "account_receivable_turnover_ratio": 2.15,
            "reinvestment_rate": null,
            "research_to_sale_ratio": 1.34,
            "price_fair": 99.23,
            "eps_avg_yearly": 2.84,
            "eps_latest_yearly": 1.44,
            "eps_growth_yearly": 334.89
        },
        "20123": {
            "year_quarter": 20123,
            "year": 2012,
            "quarter": 3,
            "eps": 0.6,
            "eps_growth_year": 269.27,
            "eps_4q": 1.96,
            "eps_4q_growth_year": 938.63,
            "roe": 1.99,
            "roe_4q": 6.59,
            "gross_profit": 11000880,
            "gross_margin": 4.93,
            "gross_margin_4q_avg": 4.88,
            "net_income": 2457229,
            "net_income_4q": null,
            "revenue": 223035009,
            "revenue_4q": null,
            "common_shares": 22563669,
            "book_valuer_per_share": 41.39,
            "book_valuer_per_share_4q_avg": 41.04,
            "equity": 124166578,
            "current_ratio": 134.19,
            "debt_ratio": 66.39,
            "inventory_turnover_ratio": 2.47,
            "account_receivable_turnover_ratio": 1.9,
            "reinvestment_rate": null,
            "research_to_sale_ratio": 1.46,
            "price_fair": 97.53,
            "eps_avg_yearly": 2.79,
            "eps_latest_yearly": 2.4,
            "eps_growth_yearly": 327.31
        },
        "20124": {
            "year_quarter": 20124,
            "year": 2012,
            "quarter": 4,
            "eps": 1.16,
            "eps_growth_year": 167.84,
            "eps_4q": 2.67,
            "eps_4q_growth_year": 5299.63,
            "roe": 2.95,
            "roe_4q": 8.1,
            "gross_profit": 12494757,
            "gross_margin": 4.67,
            "gross_margin_4q_avg": 4.82,
            "net_income": 3723006,
            "net_income_4q": null,
            "revenue": 267751665,
            "revenue_4q": null,
            "common_shares": 22903049,
            "book_valuer_per_share": 41.98,
            "book_valuer_per_share_4q_avg": 41.38,
            "equity": 128027232,
            "current_ratio": 130.85,
            "debt_ratio": 67.29,
            "inventory_turnover_ratio": 2.73,
            "account_receivable_turnover_ratio": 2.25,
            "reinvestment_rate": 103.73,
            "research_to_sale_ratio": 1.2,
            "price_fair": 104.02,
            "eps_avg_yearly": 2.97,
            "eps_latest_yearly": 4.64,
            "eps_growth_yearly": 331.91
        },
        "20131": {
            "year_quarter": 20131,
            "year": 2013,
            "quarter": 1,
            "eps": 1.01,
            "eps_growth_year": 77.19,
            "eps_4q": 3.12,
            "eps_4q_growth_year": 260.98,
            "roe": 2.62,
            "roe_4q": 9.02,
            "gross_profit": 12004253,
            "gross_margin": 5.52,
            "gross_margin_4q_avg": 5.02,
            "net_income": 3452992,
            "net_income_4q": null,
            "revenue": 217588402,
            "revenue_4q": null,
            "common_shares": 22901399,
            "book_valuer_per_share": 44.2,
            "book_valuer_per_share_4q_avg": 42.24,
            "equity": 135963902,
            "current_ratio": 134.41,
            "debt_ratio": 64.37,
            "inventory_turnover_ratio": 2.09,
            "account_receivable_turnover_ratio": 2.1,
            "reinvestment_rate": 424.77,
            "research_to_sale_ratio": 1.25,
            "price_fair": 107.42,
            "eps_avg_yearly": 3.07,
            "eps_latest_yearly": 4.04,
            "eps_growth_yearly": 297.04
        },
        "20132": {
            "year_quarter": 20132,
            "year": 2013,
            "quarter": 2,
            "eps": 0.61,
            "eps_growth_year": 67.26,
            "eps_4q": 3.37,
            "eps_4q_growth_year": 120.56,
            "roe": 1.86,
            "roe_4q": 9.42,
            "gross_profit": 9452510,
            "gross_margin": 4.45,
            "gross_margin_4q_avg": 4.89,
            "net_income": 2512677,
            "net_income_4q": null,
            "revenue": 212226941,
            "revenue_4q": null,
            "common_shares": 22901399,
            "book_valuer_per_share": 43.78,
            "book_valuer_per_share_4q_avg": 42.84,
            "equity": 134334249,
            "current_ratio": 135.17,
            "debt_ratio": 61.64,
            "inventory_turnover_ratio": 2.1,
            "account_receivable_turnover_ratio": 2.56,
            "reinvestment_rate": 409.22,
            "research_to_sale_ratio": 1.32,
            "price_fair": 111.87,
            "eps_avg_yearly": 3.2,
            "eps_latest_yearly": 2.44,
            "eps_growth_yearly": 283.98
        },
        "20133": {
            "year_quarter": 20133,
            "year": 2013,
            "quarter": 3,
            "eps": 1.08,
            "eps_growth_year": 79.91,
            "eps_4q": 3.81,
            "eps_4q_growth_year": 93.88,
            "roe": 2.7,
            "roe_4q": 10.13,
            "gross_profit": 10658399,
            "gross_margin": 4.2,
            "gross_margin_4q_avg": 4.71,
            "net_income": 3678698,
            "net_income_4q": null,
            "revenue": 253977515,
            "revenue_4q": null,
            "common_shares": 23198938,
            "book_valuer_per_share": 44.22,
            "book_valuer_per_share_4q_avg": 43.55,
            "equity": 137831756,
            "current_ratio": 130.67,
            "debt_ratio": 66.51,
            "inventory_turnover_ratio": 2.47,
            "account_receivable_turnover_ratio": 2.62,
            "reinvestment_rate": 426.25,
            "research_to_sale_ratio": 1.21,
            "price_fair": 101.82,
            "eps_avg_yearly": 2.91,
            "eps_latest_yearly": 4.32,
            "eps_growth_yearly": 86.83
        },
        "20134": {
            "year_quarter": 20134,
            "year": 2013,
            "quarter": 4,
            "eps": 1.46,
            "eps_growth_year": 25.73,
            "eps_4q": 4.12,
            "eps_4q_growth_year": 54.44,
            "roe": 3.27,
            "roe_4q": 10.450000000000001,
            "gross_profit": 13401557,
            "gross_margin": 5.04,
            "gross_margin_4q_avg": 4.8,
            "net_income": 4602880,
            "net_income_4q": null,
            "revenue": 265959170,
            "revenue_4q": null,
            "common_shares": 23211555,
            "book_valuer_per_share": 46.26,
            "book_valuer_per_share_4q_avg": 44.62,
            "equity": 144055179,
            "current_ratio": 136.64,
            "debt_ratio": 65.36,
            "inventory_turnover_ratio": 2.39,
            "account_receivable_turnover_ratio": 2.46,
            "reinvestment_rate": 100.7,
            "research_to_sale_ratio": 1.26,
            "price_fair": 108.05,
            "eps_avg_yearly": 3.09,
            "eps_latest_yearly": 5.84,
            "eps_growth_yearly": 117.12
        },
        "20141": {
            "year_quarter": 20141,
            "year": 2014,
            "quarter": 1,
            "eps": 1.18,
            "eps_growth_year": 16.83,
            "eps_4q": 4.3,
            "eps_4q_growth_year": 37.93,
            "roe": 2.34,
            "roe_4q": 10.169999999999998,
            "gross_profit": 11297468,
            "gross_margin": 5.16,
            "gross_margin_4q_avg": 4.71,
            "net_income": 3486464,
            "net_income_4q": null,
            "revenue": 218736852,
            "revenue_4q": null,
            "common_shares": 23230585,
            "book_valuer_per_share": 49,
            "book_valuer_per_share_4q_avg": 45.82,
            "equity": 153560847,
            "current_ratio": 148.45,
            "debt_ratio": 57.75,
            "inventory_turnover_ratio": 2.25,
            "account_receivable_turnover_ratio": 2.33,
            "reinvestment_rate": 98.31,
            "research_to_sale_ratio": 1.3,
            "price_fair": 112.82,
            "eps_avg_yearly": 3.22,
            "eps_latest_yearly": 4.72,
            "eps_growth_yearly": 100.97
        },
        "20142": {
            "year_quarter": 20142,
            "year": 2014,
            "quarter": 2,
            "eps": 0.65,
            "eps_growth_year": 6.56,
            "eps_4q": 4.33,
            "eps_4q_growth_year": 28.74,
            "roe": 1.67,
            "roe_4q": 9.98,
            "gross_profit": 13002835,
            "gross_margin": 6.12,
            "gross_margin_4q_avg": 5.13,
            "net_income": 2483473,
            "net_income_4q": null,
            "revenue": 212352358,
            "revenue_4q": null,
            "common_shares": 23282047,
            "book_valuer_per_share": 46.02,
            "book_valuer_per_share_4q_avg": 46.38,
            "equity": 144429548,
            "current_ratio": 140.82,
            "debt_ratio": 60.23,
            "inventory_turnover_ratio": 2.53,
            "account_receivable_turnover_ratio": 2.55,
            "reinvestment_rate": 70.54,
            "research_to_sale_ratio": 1.3,
            "price_fair": 111.14,
            "eps_avg_yearly": 3.18,
            "eps_latest_yearly": 2.6,
            "eps_growth_yearly": 79.38
        },
        "20143": {
            "year_quarter": 20143,
            "year": 2014,
            "quarter": 3,
            "eps": 2.03,
            "eps_growth_year": 87.96,
            "eps_4q": 5.22,
            "eps_4q_growth_year": 37.09,
            "roe": 4.12,
            "roe_4q": 11.399999999999999,
            "gross_profit": 15220601,
            "gross_margin": 6.43,
            "gross_margin_4q_avg": 5.69,
            "net_income": 6179641,
            "net_income_4q": null,
            "revenue": 236703286,
            "revenue_4q": null,
            "common_shares": 23679105,
            "book_valuer_per_share": 48.08,
            "book_valuer_per_share_4q_avg": 47.34,
            "equity": 155364376,
            "current_ratio": 136.15,
            "debt_ratio": 62.92,
            "inventory_turnover_ratio": 2.43,
            "account_receivable_turnover_ratio": 2.48,
            "reinvestment_rate": 63.67,
            "research_to_sale_ratio": 1.36,
            "price_fair": 126.11,
            "eps_avg_yearly": 3.6,
            "eps_latest_yearly": 8.12,
            "eps_growth_yearly": 160.44
        },
        "20144": {
            "year_quarter": 20144,
            "year": 2014,
            "quarter": 4,
            "eps": 2.26,
            "eps_growth_year": 55.06,
            "eps_4q": 5.83,
            "eps_4q_growth_year": 41.49,
            "roe": 4.1,
            "roe_4q": 12.229999999999999,
            "gross_profit": 19934538,
            "gross_margin": 5.66,
            "gross_margin_4q_avg": 5.84,
            "net_income": 6778035,
            "net_income_4q": null,
            "revenue": 351946337,
            "revenue_4q": null,
            "common_shares": 25156805,
            "book_valuer_per_share": 50.2,
            "book_valuer_per_share_4q_avg": 48.33,
            "equity": 174871230,
            "current_ratio": 139.47,
            "debt_ratio": 61.74,
            "inventory_turnover_ratio": 3.29,
            "account_receivable_turnover_ratio": 2.96,
            "reinvestment_rate": 56.78,
            "research_to_sale_ratio": 1,
            "price_fair": 144.31,
            "eps_avg_yearly": 4.12,
            "eps_latest_yearly": 9.04,
            "eps_growth_yearly": 167.3
        },
        "20151": {
            "year_quarter": 20151,
            "year": 2015,
            "quarter": 1,
            "eps": 2.48,
            "eps_growth_year": 110.17,
            "eps_4q": 7.12,
            "eps_4q_growth_year": 65.63,
            "roe": 4.02,
            "roe_4q": 13.909999999999998,
            "gross_profit": 17075154,
            "gross_margin": 6.23,
            "gross_margin_4q_avg": 6.11,
            "net_income": 7216780,
            "net_income_4q": null,
            "revenue": 274262576,
            "revenue_4q": null,
            "common_shares": 25637403,
            "book_valuer_per_share": 54.32,
            "book_valuer_per_share_4q_avg": 49.66,
            "equity": 183897189,
            "current_ratio": 149.2,
            "debt_ratio": 57.8,
            "inventory_turnover_ratio": 2.8,
            "account_receivable_turnover_ratio": 2.22,
            "reinvestment_rate": 34.61,
            "research_to_sale_ratio": 1.21,
            "price_fair": 158.8,
            "eps_avg_yearly": 4.54,
            "eps_latest_yearly": 9.92,
            "eps_growth_yearly": 158.13
        },
        "20152": {
            "year_quarter": 20152,
            "year": 2015,
            "quarter": 2,
            "eps": 1.82,
            "eps_growth_year": 180,
            "eps_4q": 8.23,
            "eps_4q_growth_year": 89.82,
            "roe": 3.19,
            "roe_4q": 15.43,
            "gross_profit": 13904294,
            "gross_margin": 6.38,
            "gross_margin_4q_avg": 6.18,
            "net_income": 5730633,
            "net_income_4q": null,
            "revenue": 217928746,
            "revenue_4q": null,
            "common_shares": 25636473,
            "book_valuer_per_share": 52.03,
            "book_valuer_per_share_4q_avg": 51.16,
            "equity": 175802158,
            "current_ratio": 145.2,
            "debt_ratio": 59.58,
            "inventory_turnover_ratio": 1.94,
            "account_receivable_turnover_ratio": 2.13,
            "reinvestment_rate": 29.11,
            "research_to_sale_ratio": 1.55,
            "price_fair": 165.2,
            "eps_avg_yearly": 4.72,
            "eps_latest_yearly": 7.28,
            "eps_growth_yearly": 140.49
        },
        "20153": {
            "year_quarter": 20153,
            "year": 2015,
            "quarter": 3,
            "eps": 2.31,
            "eps_growth_year": 13.79,
            "eps_4q": 8.71,
            "eps_4q_growth_year": 66.91,
            "roe": 4.16,
            "roe_4q": 15.469999999999999,
            "gross_profit": 20869633,
            "gross_margin": 6.74,
            "gross_margin_4q_avg": 6.25,
            "net_income": 7512363,
            "net_income_4q": null,
            "revenue": 309537681,
            "revenue_4q": null,
            "common_shares": 26032293,
            "book_valuer_per_share": 55.71,
            "book_valuer_per_share_4q_avg": 53.07,
            "equity": 185738202,
            "current_ratio": 134.51,
            "debt_ratio": 65.59,
            "inventory_turnover_ratio": 2.06,
            "account_receivable_turnover_ratio": 2.59,
            "reinvestment_rate": 9.61,
            "research_to_sale_ratio": 1.25,
            "price_fair": 175.09,
            "eps_avg_yearly": 5,
            "eps_latest_yearly": 9.24,
            "eps_growth_yearly": 138.44
        },
        "20154": {
            "year_quarter": 20154,
            "year": 2015,
            "quarter": 4,
            "eps": 2.62,
            "eps_growth_year": 15.92,
            "eps_4q": 9.15,
            "eps_4q_growth_year": 56.98,
            "roe": 4.45,
            "roe_4q": 15.819999999999999,
            "gross_profit": 23425912,
            "gross_margin": 5.69,
            "gross_margin_4q_avg": 6.26,
            "net_income": 8412083,
            "net_income_4q": null,
            "revenue": 411983973,
            "revenue_4q": null,
            "common_shares": 26030205,
            "book_valuer_per_share": 57.78,
            "book_valuer_per_share_4q_avg": 54.96,
            "equity": 192338525,
            "current_ratio": 145.83,
            "debt_ratio": 59.6,
            "inventory_turnover_ratio": 2.81,
            "account_receivable_turnover_ratio": 3.03,
            "reinvestment_rate": -2.38,
            "research_to_sale_ratio": 1,
            "price_fair": 194.25,
            "eps_avg_yearly": 5.55,
            "eps_latest_yearly": 10.48,
            "eps_growth_yearly": 99.61
        },
        "20161": {
            "year_quarter": 20161,
            "year": 2016,
            "quarter": 1,
            "eps": 1.58,
            "eps_growth_year": -36.29,
            "eps_4q": 8.38,
            "eps_4q_growth_year": 17.7,
            "roe": 2.51,
            "roe_4q": 14.31,
            "gross_profit": 14811861,
            "gross_margin": 5.78,
            "gross_margin_4q_avg": 6.15,
            "net_income": 4841286,
            "net_income_4q": null,
            "revenue": 256382310,
            "revenue_4q": null,
            "common_shares": 26027615,
            "book_valuer_per_share": 58.68,
            "book_valuer_per_share_4q_avg": 56.05,
            "equity": 193618025,
            "current_ratio": 157.33,
            "debt_ratio": 53.59,
            "inventory_turnover_ratio": 2.36,
            "account_receivable_turnover_ratio": 2.58,
            "reinvestment_rate": -4.04,
            "research_to_sale_ratio": 1.38,
            "price_fair": 203.09,
            "eps_avg_yearly": 5.8,
            "eps_latest_yearly": 6.32,
            "eps_growth_yearly": 81.54
        },
        "20162": {
            "year_quarter": 20162,
            "year": 2016,
            "quarter": 2,
            "eps": 1.55,
            "eps_growth_year": -14.84,
            "eps_4q": 8.12,
            "eps_4q_growth_year": -1.24,
            "roe": 2.53,
            "roe_4q": 13.649999999999999,
            "gross_profit": 16020892,
            "gross_margin": 7.13,
            "gross_margin_4q_avg": 6.34,
            "net_income": 4649885,
            "net_income_4q": null,
            "revenue": 224650371,
            "revenue_4q": null,
            "common_shares": 25760683,
            "book_valuer_per_share": 54.64,
            "book_valuer_per_share_4q_avg": 56.7,
            "equity": 173641286,
            "current_ratio": 144.28,
            "debt_ratio": 58.9,
            "inventory_turnover_ratio": 2.34,
            "account_receivable_turnover_ratio": 2.85,
            "reinvestment_rate": -14.2,
            "research_to_sale_ratio": 1.59,
            "price_fair": 213.5,
            "eps_avg_yearly": 6.1,
            "eps_latest_yearly": 6.2,
            "eps_growth_yearly": 90.28
        },
        "20163": {
            "year_quarter": 20163,
            "year": 2016,
            "quarter": 3,
            "eps": 2.09,
            "eps_growth_year": -9.52,
            "eps_4q": 7.88,
            "eps_4q_growth_year": -9.57,
            "roe": 3.44,
            "roe_4q": 12.93,
            "gross_profit": 15104083,
            "gross_margin": 4.78,
            "gross_margin_4q_avg": 5.85,
            "net_income": 6006977,
            "net_income_4q": null,
            "revenue": 316193287,
            "revenue_4q": null,
            "common_shares": 25756275,
            "book_valuer_per_share": 55.48,
            "book_valuer_per_share_4q_avg": 56.65,
            "equity": 175929007,
            "current_ratio": 136.54,
            "debt_ratio": 64.21,
            "inventory_turnover_ratio": 2.81,
            "account_receivable_turnover_ratio": 2.9,
            "reinvestment_rate": -13.5,
            "research_to_sale_ratio": 1.09,
            "price_fair": 226.54,
            "eps_avg_yearly": 6.47,
            "eps_latest_yearly": 8.36,
            "eps_growth_yearly": 82.32
        },
        "20164": {
            "year_quarter": 20164,
            "year": 2016,
            "quarter": 4,
            "eps": 2.28,
            "eps_growth_year": -12.99,
            "eps_4q": 7.51,
            "eps_4q_growth_year": -17.9,
            "roe": 3.71,
            "roe_4q": 12.19,
            "gross_profit": 17130281,
            "gross_margin": 4.75,
            "gross_margin_4q_avg": 5.61,
            "net_income": 6639244,
            "net_income_4q": null,
            "revenue": 360484145,
            "revenue_4q": null,
            "common_shares": 25751695,
            "book_valuer_per_share": 57.58,
            "book_valuer_per_share_4q_avg": 56.6,
            "equity": 182022201,
            "current_ratio": 143.26,
            "debt_ratio": 59,
            "inventory_turnover_ratio": 2.99,
            "account_receivable_turnover_ratio": 3.1,
            "reinvestment_rate": -10.17,
            "research_to_sale_ratio": 0.98,
            "price_fair": 236.34,
            "eps_avg_yearly": 6.75,
            "eps_latest_yearly": 9.12,
            "eps_growth_yearly": 61.26
        },
        "20171": {
            "year_quarter": 20171,
            "year": 2017,
            "quarter": 1,
            "eps": 1.51,
            "eps_growth_year": -4.43,
            "eps_4q": 7.42,
            "eps_4q_growth_year": -11.41,
            "roe": 2.3,
            "roe_4q": 11.979999999999999,
            "gross_profit": 11961104,
            "gross_margin": 5,
            "gross_margin_4q_avg": 5.42,
            "net_income": 4153297,
            "net_income_4q": null,
            "revenue": 238999289,
            "revenue_4q": null,
            "common_shares": 25749449,
            "book_valuer_per_share": 56.96,
            "book_valuer_per_share_4q_avg": 56.17,
            "equity": 179868144,
            "current_ratio": 157.76,
            "debt_ratio": 53.76,
            "inventory_turnover_ratio": 2.32,
            "account_receivable_turnover_ratio": 3.04,
            "reinvestment_rate": -17.13,
            "research_to_sale_ratio": 1.32,
            "price_fair": 240.71,
            "eps_avg_yearly": 6.88,
            "eps_latest_yearly": 6.04,
            "eps_growth_yearly": 56.05
        },
        "20172": {
            "year_quarter": 20172,
            "year": 2017,
            "quarter": 2,
            "eps": 1.34,
            "eps_growth_year": -13.55,
            "eps_4q": 7.21,
            "eps_4q_growth_year": -11.22,
            "roe": 2.1,
            "roe_4q": 11.549999999999999,
            "gross_profit": 11104332,
            "gross_margin": 4.62,
            "gross_margin_4q_avg": 4.79,
            "net_income": 3685590,
            "net_income_4q": null,
            "revenue": 240380441,
            "revenue_4q": null,
            "common_shares": 25747336,
            "book_valuer_per_share": 53.95,
            "book_valuer_per_share_4q_avg": 55.99,
            "equity": 171270592,
            "current_ratio": 139.59,
            "debt_ratio": 59.72,
            "inventory_turnover_ratio": 2.53,
            "account_receivable_turnover_ratio": 3.36,
            "reinvestment_rate": -11.88,
            "research_to_sale_ratio": 1.33,
            "price_fair": 247.1,
            "eps_avg_yearly": 7.06,
            "eps_latest_yearly": 5.36,
            "eps_growth_yearly": 63.14
        },
        "20173": {
            "year_quarter": 20173,
            "year": 2017,
            "quarter": 3,
            "eps": 1.4,
            "eps_growth_year": -33.01,
            "eps_4q": 6.44,
            "eps_4q_growth_year": -18.24,
            "roe": 2.42,
            "roe_4q": 10.53,
            "gross_profit": 11557227,
            "gross_margin": 3.43,
            "gross_margin_4q_avg": 4.45,
            "net_income": 4201328,
            "net_income_4q": null,
            "revenue": 336867785,
            "revenue_4q": null,
            "common_shares": 26123391,
            "book_valuer_per_share": 54.78,
            "book_valuer_per_share_4q_avg": 55.82,
            "equity": 176493000,
            "current_ratio": 128.74,
            "debt_ratio": 67.98,
            "inventory_turnover_ratio": 2.79,
            "account_receivable_turnover_ratio": 2.48,
            "reinvestment_rate": -0.86,
            "research_to_sale_ratio": 1.03,
            "price_fair": 249.9,
            "eps_avg_yearly": 7.14,
            "eps_latest_yearly": 5.6,
            "eps_growth_yearly": 44.99
        },
        "20174": {
            "year_quarter": 20174,
            "year": 2017,
            "quarter": 4,
            "eps": 1.42,
            "eps_growth_year": -37.45,
            "eps_4q": 5.62,
            "eps_4q_growth_year": -25.21,
            "roe": 2.23,
            "roe_4q": 9.05,
            "gross_profit": 12047226,
            "gross_margin": 3.19,
            "gross_margin_4q_avg": 4.06,
            "net_income": 3974557,
            "net_income_4q": null,
            "revenue": 377561000,
            "revenue_4q": null,
            "common_shares": 26140906,
            "book_valuer_per_share": 55.85,
            "book_valuer_per_share_4q_avg": 55.39,
            "equity": 179723810,
            "current_ratio": 135.72,
            "debt_ratio": 63.19,
            "inventory_turnover_ratio": 2.77,
            "account_receivable_turnover_ratio": 2.21,
            "reinvestment_rate": 4.54,
            "research_to_sale_ratio": 0.93,
            "price_fair": 249.55,
            "eps_avg_yearly": 7.13,
            "eps_latest_yearly": 5.68,
            "eps_growth_yearly": 36.56
        },
        "20181": {
            "year_quarter": 20181,
            "year": 2018,
            "quarter": 1,
            "eps": 0.8,
            "eps_growth_year": -47.02,
            "eps_4q": 4.93,
            "eps_4q_growth_year": -33.61,
            "roe": 1.08,
            "roe_4q": 7.83,
            "gross_profit": 9201082,
            "gross_margin": 3.28,
            "gross_margin_4q_avg": 3.63,
            "net_income": 1960825,
            "net_income_4q": null,
            "revenue": 280893337,
            "revenue_4q": null,
            "common_shares": 26138964,
            "book_valuer_per_share": 56.36,
            "book_valuer_per_share_4q_avg": 55.24,
            "equity": 184669974,
            "current_ratio": 142.03,
            "debt_ratio": 61.9,
            "inventory_turnover_ratio": 2.26,
            "account_receivable_turnover_ratio": 2.06,
            "reinvestment_rate": 7.28,
            "research_to_sale_ratio": 1.22,
            "price_fair": 246.23,
            "eps_avg_yearly": 7.04,
            "eps_latest_yearly": 3.2,
            "eps_growth_yearly": 30.43
        },
        "20182": {
            "year_quarter": 20182,
            "year": 2018,
            "quarter": 2,
            "eps": 1.12,
            "eps_growth_year": -16.42,
            "eps_4q": 4.74,
            "eps_4q_growth_year": -34.31,
            "roe": 1.49,
            "roe_4q": 7.220000000000001,
            "gross_profit": 8773746,
            "gross_margin": 3.23,
            "gross_margin_4q_avg": 3.28,
            "net_income": 2718880,
            "net_income_4q": null,
            "revenue": 271256261,
            "revenue_4q": null,
            "common_shares": 26132178,
            "book_valuer_per_share": 55.01,
            "book_valuer_per_share_4q_avg": 55.5,
            "equity": 180021100,
            "current_ratio": 135.2,
            "debt_ratio": 64.7,
            "inventory_turnover_ratio": 2.14,
            "account_receivable_turnover_ratio": 2.09,
            "reinvestment_rate": 17.33,
            "research_to_sale_ratio": 1.33,
            "price_fair": 250.34,
            "eps_avg_yearly": 7.15,
            "eps_latest_yearly": 4.48,
            "eps_growth_yearly": 51.66
        },
        "20183": {
            "year_quarter": 20183,
            "year": 2018,
            "quarter": 3,
            "eps": 1.08,
            "eps_growth_year": -22.86,
            "eps_4q": 4.43,
            "eps_4q_growth_year": -31.26,
            "roe": 1.58,
            "roe_4q": 6.380000000000001,
            "gross_profit": 10717268,
            "gross_margin": 3.33,
            "gross_margin_4q_avg": 3.26,
            "net_income": 2859178,
            "net_income_4q": null,
            "revenue": 322004578,
            "revenue_4q": null,
            "common_shares": 26127465,
            "book_valuer_per_share": 55.84,
            "book_valuer_per_share_4q_avg": 55.77,
            "equity": 181869690,
            "current_ratio": 129.96,
            "debt_ratio": 67.9,
            "inventory_turnover_ratio": 1.98,
            "account_receivable_turnover_ratio": 2.12,
            "reinvestment_rate": 17.25,
            "research_to_sale_ratio": 1.16,
            "price_fair": 20.75,
            "eps_avg_yearly": 6.92,
            "eps_latest_yearly": 4.32,
            "eps_growth_yearly": -2.31
        },
        "20184": {
            "year_quarter": 20184,
            "year": 2018,
            "quarter": 4,
            "eps": 1.25,
            "eps_growth_year": -12.07,
            "eps_4q": 4.26,
            "eps_4q_growth_year": -24.24,
            "roe": 1.94,
            "roe_4q": 6.09,
            "gross_profit": 12076449,
            "gross_margin": 2.59,
            "gross_margin_4q_avg": 3.11,
            "net_income": 3577216,
            "net_income_4q": null,
            "revenue": 465847855,
            "revenue_4q": null,
            "common_shares": 26123773,
            "book_valuer_per_share": 57.44,
            "book_valuer_per_share_4q_avg": 56.16,
            "equity": 186446783,
            "current_ratio": 130.35,
            "debt_ratio": 68.09,
            "inventory_turnover_ratio": 2.59,
            "account_receivable_turnover_ratio": 2.55,
            "reinvestment_rate": 18.61,
            "research_to_sale_ratio": 0.86,
            "price_fair": 19.99,
            "eps_avg_yearly": 6.66,
            "eps_latest_yearly": 5,
            "eps_growth_yearly": -1.2
        },
        "20191": {
            "year_quarter": 20191,
            "year": 2019,
            "quarter": 1,
            "eps": 0.51,
            "eps_growth_year": -36.25,
            "eps_4q": 3.97,
            "eps_4q_growth_year": -19.46,
            "roe": 0.32,
            "roe_4q": 5.33,
            "gross_profit": 6671986,
            "gross_margin": 2.27,
            "gross_margin_4q_avg": 2.86,
            "net_income": 601080,
            "net_income_4q": null,
            "revenue": 294114543,
            "revenue_4q": null,
            "common_shares": 26118799,
            "book_valuer_per_share": 58.34,
            "book_valuer_per_share_4q_avg": 56.66,
            "equity": 188420665,
            "current_ratio": 133.52,
            "debt_ratio": 66.3,
            "inventory_turnover_ratio": 1.89,
            "account_receivable_turnover_ratio": 1.69,
            "reinvestment_rate": 24.27,
            "research_to_sale_ratio": 1.12,
            "price_fair": 18.51,
            "eps_avg_yearly": 6.17,
            "eps_latest_yearly": 2.04,
            "eps_growth_yearly": -18.44
        },
        "20192": {
            "year_quarter": 20192,
            "year": 2019,
            "quarter": 2,
            "eps": 1.33,
            "eps_growth_year": 18.75,
            "eps_4q": 4.17,
            "eps_4q_growth_year": -11.89,
            "roe": 1.58,
            "roe_4q": 5.42,
            "gross_profit": 10131705,
            "gross_margin": 3.38,
            "gross_margin_4q_avg": 2.89,
            "net_income": 2928293,
            "net_income_4q": null,
            "revenue": 299365371,
            "revenue_4q": null,
            "common_shares": 26115915,
            "book_valuer_per_share": 56.36,
            "book_valuer_per_share_4q_avg": 57,
            "equity": 181687696,
            "current_ratio": 138.12,
            "debt_ratio": 65.9,
            "inventory_turnover_ratio": 2.26,
            "account_receivable_turnover_ratio": 2,
            "reinvestment_rate": 23.57,
            "research_to_sale_ratio": 1.19,
            "price_fair": 211.66,
            "eps_avg_yearly": 6.05,
            "eps_latest_yearly": 5.32,
            "eps_growth_yearly": 28.41
        },
        "20193": {
            "year_quarter": 20193,
            "year": 2019,
            "quarter": 3,
            "eps": 2.41,
            "eps_growth_year": 123.15,
            "eps_4q": 5.5,
            "eps_4q_growth_year": 24.25,
            "roe": 3.42,
            "roe_4q": 7.26,
            "gross_profit": 13309271,
            "gross_margin": 3.75,
            "gross_margin_4q_avg": 3,
            "net_income": 6303863,
            "net_income_4q": null,
            "revenue": 354794964,
            "revenue_4q": null,
            "common_shares": 26113999,
            "book_valuer_per_share": 58.5,
            "book_valuer_per_share_4q_avg": 57.66,
            "equity": 187249024,
            "current_ratio": 131.03,
            "debt_ratio": 69.24,
            "inventory_turnover_ratio": 2.75,
            "account_receivable_turnover_ratio": 1.91,
            "reinvestment_rate": 15.77,
            "research_to_sale_ratio": 1.07,
            "price_fair": 212.54,
            "eps_avg_yearly": 6.07,
            "eps_latest_yearly": 9.64,
            "eps_growth_yearly": 41.98
        },
        "20194": {
            "year_quarter": 20194,
            "year": 2019,
            "quarter": 4,
            "eps": 3.15,
            "eps_growth_year": 151.44,
            "eps_4q": 7.4,
            "eps_4q_growth_year": 73.87,
            "roe": 4.44,
            "roe_4q": 9.760000000000002,
            "gross_profit": 14992396,
            "gross_margin": 3.59,
            "gross_margin_4q_avg": 3.25,
            "net_income": 8450872,
            "net_income_4q": null,
            "revenue": 418012448,
            "revenue_4q": null,
            "common_shares": 26110919,
            "book_valuer_per_share": 60.39,
            "book_valuer_per_share_4q_avg": 58.4,
            "equity": 193245513,
            "current_ratio": 137.69,
            "debt_ratio": 66.13,
            "inventory_turnover_ratio": 3.39,
            "account_receivable_turnover_ratio": 1.96,
            "reinvestment_rate": 12.67,
            "research_to_sale_ratio": 0.98,
            "price_fair": 217.18,
            "eps_avg_yearly": 6.21,
            "eps_latest_yearly": 12.6,
            "eps_growth_yearly": 46.3
        },
        "20201": {
            "year_quarter": 20201,
            "year": 2020,
            "quarter": 1,
            "eps": 0.59,
            "eps_growth_year": 15.69,
            "eps_4q": 7.48,
            "eps_4q_growth_year": 88.46,
            "roe": 0.62,
            "roe_4q": 10.06,
            "gross_profit": 6165221,
            "gross_margin": 2.21,
            "gross_margin_4q_avg": 3.23,
            "net_income": 1159079,
            "net_income_4q": null,
            "revenue": 278478448,
            "revenue_4q": null,
            "common_shares": 26107919,
            "book_valuer_per_share": 56.63,
            "book_valuer_per_share_4q_avg": 57.97,
            "equity": 182442297,
            "current_ratio": 132.45,
            "debt_ratio": 69.4,
            "inventory_turnover_ratio": 2.36,
            "account_receivable_turnover_ratio": 1.5,
            "reinvestment_rate": 9.33,
            "research_to_sale_ratio": 1.26,
            "price_fair": 208.51,
            "eps_avg_yearly": 5.96,
            "eps_latest_yearly": 2.36,
            "eps_growth_yearly": 35.91
        },
        "20202": {
            "year_quarter": 20202,
            "year": 2020,
            "quarter": 2,
            "eps": 2.71,
            "eps_growth_year": 103.76,
            "eps_4q": 8.86,
            "eps_4q_growth_year": 112.39,
            "roe": 4.3,
            "roe_4q": 12.78,
            "gross_profit": 14325015,
            "gross_margin": 4.37,
            "gross_margin_4q_avg": 3.48,
            "net_income": 7950915,
            "net_income_4q": null,
            "revenue": 327842661,
            "revenue_4q": null,
            "common_shares": 26107591,
            "book_valuer_per_share": 58.6,
            "book_valuer_per_share_4q_avg": 58.53,
            "equity": 187735054,
            "current_ratio": 132.16,
            "debt_ratio": 70.12,
            "inventory_turnover_ratio": 2.57,
            "account_receivable_turnover_ratio": 1.85,
            "reinvestment_rate": 15.57,
            "research_to_sale_ratio": 1.34,
            "price_fair": 218.66,
            "eps_avg_yearly": 6.25,
            "eps_latest_yearly": 10.84,
            "eps_growth_yearly": 126.21
        },
        "20203": {
            "year_quarter": 20203,
            "year": 2020,
            "quarter": 3,
            "eps": 2.61,
            "eps_growth_year": 8.3,
            "eps_4q": 9.06,
            "eps_4q_growth_year": 64.75,
            "roe": 4,
            "roe_4q": 13.36,
            "gross_profit": 13934493,
            "gross_margin": 4.15,
            "gross_margin_4q_avg": 3.58,
            "net_income": 7645739,
            "net_income_4q": null,
            "revenue": 335636087,
            "revenue_4q": null,
            "common_shares": 26105110,
            "book_valuer_per_share": 60.92,
            "book_valuer_per_share_4q_avg": 59.14,
            "equity": 194699707,
            "current_ratio": 132.97,
            "debt_ratio": 69.5,
            "inventory_turnover_ratio": 2.43,
            "account_receivable_turnover_ratio": 1.72,
            "reinvestment_rate": 21.43,
            "research_to_sale_ratio": 1.26,
            "price_fair": 223.21,
            "eps_avg_yearly": 6.38,
            "eps_latest_yearly": 10.44,
            "eps_growth_yearly": 116.58
        },
        "20204": {
            "year_quarter": 20204,
            "year": 2020,
            "quarter": 4,
            "eps": 1.79,
            "eps_growth_year": -43.12,
            "eps_4q": 7.59,
            "eps_4q_growth_year": 2.56,
            "roe": 2.88,
            "roe_4q": 11.799999999999999,
            "gross_profit": 15179520,
            "gross_margin": 3.32,
            "gross_margin_4q_avg": 3.51,
            "net_income": 5663819,
            "net_income_4q": null,
            "revenue": 457375710,
            "revenue_4q": null,
            "common_shares": 26628737,
            "book_valuer_per_share": 61.06,
            "book_valuer_per_share_4q_avg": 59.3,
            "equity": 198940522,
            "current_ratio": 131.02,
            "debt_ratio": 70.93,
            "inventory_turnover_ratio": 2.85,
            "account_receivable_turnover_ratio": 2.15,
            "reinvestment_rate": 24.44,
            "research_to_sale_ratio": 1,
            "price_fair": 218.93,
            "eps_avg_yearly": 6.26,
            "eps_latest_yearly": 7.16,
            "eps_growth_yearly": 106.46
        },
        "20211": {
            "year_quarter": 20211,
            "year": 2021,
            "quarter": 1,
            "eps": 1.75,
            "eps_growth_year": 196.61,
            "eps_4q": 8.76,
            "eps_4q_growth_year": 17.14,
            "roe": 2.78,
            "roe_4q": 13.96,
            "gross_profit": 9237624,
            "gross_margin": 4.26,
            "gross_margin_4q_avg": 4.03,
            "net_income": 5214929,
            "net_income_4q": null,
            "revenue": 216621627,
            "revenue_4q": null,
            "common_shares": 26628737,
            "book_valuer_per_share": 57.49,
            "book_valuer_per_share_4q_avg": 59.52,
            "equity": 176802547,
            "current_ratio": 132.35,
            "debt_ratio": 68.48,
            "inventory_turnover_ratio": 1.33,
            "account_receivable_turnover_ratio": 1.3,
            "reinvestment_rate": 25.14,
            "research_to_sale_ratio": 1.74,
            "price_fair": 221.03,
            "eps_avg_yearly": 6.32,
            "eps_latest_yearly": 7,
            "eps_growth_yearly": 114.34
        },
        "20212": {
            "year_quarter": 20212,
            "year": 2021,
            "quarter": 2,
            "eps": 2.01,
            "eps_growth_year": -25.83,
            "eps_4q": 8.09,
            "eps_4q_growth_year": -8.7,
            "roe": 3.63,
            "roe_4q": 13.29,
            "gross_profit": 9711241,
            "gross_margin": 3.57,
            "gross_margin_4q_avg": 3.83,
            "net_income": 6478259,
            "net_income_4q": null,
            "revenue": 272276880,
            "revenue_4q": null,
            "common_shares": 26703617,
            "book_valuer_per_share": 58.36,
            "book_valuer_per_share_4q_avg": 59.46,
            "equity": 180487007,
            "current_ratio": 131.71,
            "debt_ratio": 68.4,
            "inventory_turnover_ratio": 1.81,
            "account_receivable_turnover_ratio": 2,
            "reinvestment_rate": 24.39,
            "research_to_sale_ratio": 1.41,
            "price_fair": 226.89,
            "eps_avg_yearly": 6.48,
            "eps_latest_yearly": 8.04,
            "eps_growth_yearly": 120.87
        },
        "20213": {
            "year_quarter": 20213,
            "year": 2021,
            "quarter": 3,
            "eps": 1,
            "eps_growth_year": -61.69,
            "eps_4q": 6.54,
            "eps_4q_growth_year": -27.85,
            "roe": 2.2,
            "roe_4q": 11.489999999999998,
            "gross_profit": 11766426,
            "gross_margin": 3.65,
            "gross_margin_4q_avg": 3.7,
            "net_income": 4007568,
            "net_income_4q": null,
            "revenue": 322799637,
            "revenue_4q": null,
            "common_shares": 26695311,
            "book_valuer_per_share": 59.43,
            "book_valuer_per_share_4q_avg": 59.09,
            "equity": 184674393,
            "current_ratio": 133.2,
            "debt_ratio": 68.13,
            "inventory_turnover_ratio": 2.05,
            "account_receivable_turnover_ratio": 2.19,
            "reinvestment_rate": 21.73,
            "research_to_sale_ratio": 1.2,
            "price_fair": 223.39,
            "eps_avg_yearly": 6.38,
            "eps_latest_yearly": 4,
            "eps_growth_yearly": 107.19
        },
        "20214": {
            "year_quarter": 20214,
            "year": 2021,
            "quarter": 4,
            "eps": 2.95,
            "eps_growth_year": 64.38,
            "eps_4q": 7.7,
            "eps_4q_growth_year": 1.44,
            "roe": 4.92,
            "roe_4q": 13.53,
            "gross_profit": 15858077,
            "gross_margin": 3.51,
            "gross_margin_4q_avg": 3.75,
            "net_income": 9326338,
            "net_income_4q": null,
            "revenue": 452022038,
            "revenue_4q": null,
            "common_shares": 26691316,
            "book_valuer_per_share": 62.42,
            "book_valuer_per_share_4q_avg": 59.43,
            "equity": 194266877,
            "current_ratio": 131.79,
            "debt_ratio": 71.3,
            "inventory_turnover_ratio": 2.84,
            "account_receivable_turnover_ratio": 2.36,
            "reinvestment_rate": 19.34,
            "research_to_sale_ratio": 0.93,
            "price_fair": 236.78,
            "eps_avg_yearly": 6.77,
            "eps_latest_yearly": 11.8,
            "eps_growth_yearly": 155.58
        },
        "20221": {
            "year_quarter": 20221,
            "year": 2022,
            "quarter": 1,
            "eps": 0.62,
            "eps_growth_year": -64.57,
            "eps_4q": 6.57,
            "eps_4q_growth_year": -24.99,
            "roe": 1.65,
            "roe_4q": 12.399999999999999,
            "gross_profit": 11454638,
            "gross_margin": 3.54,
            "gross_margin_4q_avg": 3.57,
            "net_income": 3148194,
            "net_income_4q": null,
            "revenue": 323824539,
            "revenue_4q": null,
            "common_shares": 26688758,
            "book_valuer_per_share": 60.18,
            "book_valuer_per_share_4q_avg": 60.1,
            "equity": 187645938,
            "current_ratio": 129.12,
            "debt_ratio": 70.82,
            "inventory_turnover_ratio": 1.89,
            "account_receivable_turnover_ratio": 1.51,
            "reinvestment_rate": 24.42,
            "research_to_sale_ratio": 1.12,
            "price_fair": 235.2,
            "eps_avg_yearly": 6.72,
            "eps_latest_yearly": 2.48,
            "eps_growth_yearly": 146.75
        },
        "20222": {
            "year_quarter": 20222,
            "year": 2022,
            "quarter": 2,
            "eps": 1.17,
            "eps_growth_year": -41.79,
            "eps_4q": 5.74,
            "eps_4q_growth_year": -29.08,
            "roe": 2.49,
            "roe_4q": 11.260000000000002,
            "gross_profit": 14493628,
            "gross_margin": 5.11,
            "gross_margin_4q_avg": 3.95,
            "net_income": 4770707,
            "net_income_4q": null,
            "revenue": 283657517,
            "revenue_4q": null,
            "common_shares": 26684533,
            "book_valuer_per_share": 62.77,
            "book_valuer_per_share_4q_avg": 61.2,
            "equity": 196221215,
            "current_ratio": 133.72,
            "debt_ratio": 68.31,
            "inventory_turnover_ratio": 1.51,
            "account_receivable_turnover_ratio": 1.54,
            "reinvestment_rate": 22.1,
            "research_to_sale_ratio": 1.36,
            "price_fair": 235.64,
            "eps_avg_yearly": 6.73,
            "eps_latest_yearly": 4.68,
            "eps_growth_yearly": 158.93
        },
        "20223": {
            "year_quarter": 20223,
            "year": 2022,
            "quarter": 3,
            "eps": 1.97,
            "eps_growth_year": 97,
            "eps_4q": 6.71,
            "eps_4q_growth_year": 2.66,
            "roe": 3.47,
            "roe_4q": 12.530000000000001,
            "gross_profit": 16074071,
            "gross_margin": 4.56,
            "gross_margin_4q_avg": 4.18,
            "net_income": 7113528,
            "net_income_4q": null,
            "revenue": 352867049,
            "revenue_4q": null,
            "common_shares": 26679264,
            "book_valuer_per_share": 68.31,
            "book_valuer_per_share_4q_avg": 63.42,
            "equity": 213278465,
            "current_ratio": 134.28,
            "debt_ratio": 67.67,
            "inventory_turnover_ratio": 1.81,
            "account_receivable_turnover_ratio": 1.96,
            "reinvestment_rate": 29.69,
            "research_to_sale_ratio": 1.19,
            "price_fair": 243.43,
            "eps_avg_yearly": 6.96,
            "eps_latest_yearly": 7.88,
            "eps_growth_yearly": 176.91
        },
        "20224": {
            "year_quarter": 20224,
            "year": 2022,
            "quarter": 4,
            "eps": 1.89,
            "eps_growth_year": -35.74,
            "eps_4q": 5.66,
            "eps_4q_growth_year": -26.47,
            "roe": 2.87,
            "roe_4q": 10.48,
            "gross_profit": 15261083,
            "gross_margin": 4.27,
            "gross_margin_4q_avg": 4.37,
            "net_income": 6130530,
            "net_income_4q": null,
            "revenue": 357250049,
            "revenue_4q": null,
            "common_shares": 26676337,
            "book_valuer_per_share": 68.43,
            "book_valuer_per_share_4q_avg": 64.92,
            "equity": 214568263,
            "current_ratio": 137.5,
            "debt_ratio": 66.27,
            "inventory_turnover_ratio": 1.72,
            "account_receivable_turnover_ratio": 1.98,
            "reinvestment_rate": 28.54,
            "research_to_sale_ratio": 1.21,
            "price_fair": 249.03,
            "eps_avg_yearly": 7.12,
            "eps_latest_yearly": 7.56,
            "eps_growth_yearly": 171.96
        },
        "20231": {
            "year_quarter": 20231,
            "year": 2023,
            "quarter": 1,
            "eps": 1.13,
            "eps_growth_year": 82.26,
            "eps_4q": 6.16,
            "eps_4q_growth_year": -6.23,
            "roe": 1.56,
            "roe_4q": 10.39,
            "gross_profit": 10363195,
            "gross_margin": 3.26,
            "gross_margin_4q_avg": 4.3,
            "net_income": 3274811,
            "net_income_4q": null,
            "revenue": 318136546,
            "revenue_4q": null,
            "common_shares": 26669234,
            "book_valuer_per_share": 65.45,
            "book_valuer_per_share_4q_avg": 66.24,
            "equity": 204422884,
            "current_ratio": 135.24,
            "debt_ratio": 67.31,
            "inventory_turnover_ratio": 1.67,
            "account_receivable_turnover_ratio": 1.79,
            "reinvestment_rate": 26.8,
            "research_to_sale_ratio": 1.2,
            "price_fair": 254.45,
            "eps_avg_yearly": 7.27,
            "eps_latest_yearly": 4.52,
            "eps_growth_yearly": 176.71
        },
        "20232": {
            "year_quarter": 20232,
            "year": 2023,
            "quarter": 2,
            "eps": 1.17,
            "eps_growth_year": 0,
            "eps_4q": 6.17,
            "eps_4q_growth_year": 7.55,
            "roe": 1.69,
            "roe_4q": 9.59,
            "gross_profit": 10528651,
            "gross_margin": 3.75,
            "gross_margin_4q_avg": 3.96,
            "net_income": 3499173,
            "net_income_4q": null,
            "revenue": 280708258,
            "revenue_4q": null,
            "common_shares": 26666484,
            "book_valuer_per_share": 67.52,
            "book_valuer_per_share_4q_avg": 67.43,
            "equity": 210061431,
            "current_ratio": 146.2,
            "debt_ratio": 61.02,
            "inventory_turnover_ratio": 1.76,
            "account_receivable_turnover_ratio": 1.75,
            "reinvestment_rate": 32.56,
            "research_to_sale_ratio": 1.36,
            "price_fair": 253.05,
            "eps_avg_yearly": 7.23,
            "eps_latest_yearly": 4.68,
            "eps_growth_yearly": 137.4
        },
        "20233": {
            "year_quarter": 20233,
            "year": 2023,
            "quarter": 3,
            "eps": 1.72,
            "eps_growth_year": -12.69,
            "eps_4q": 5.92,
            "eps_4q_growth_year": -11.86,
            "roe": 2.23,
            "roe_4q": 8.350000000000001,
            "gross_profit": 12159797,
            "gross_margin": 3.85,
            "gross_margin_4q_avg": 3.78,
            "net_income": 4832870,
            "net_income_4q": null,
            "revenue": 315769506,
            "revenue_4q": null,
            "common_shares": 26645804,
            "book_valuer_per_share": 71.91,
            "book_valuer_per_share_4q_avg": 68.33,
            "equity": 223859158,
            "current_ratio": 140.6,
            "debt_ratio": 63.37,
            "inventory_turnover_ratio": 2.2,
            "account_receivable_turnover_ratio": 1.73,
            "reinvestment_rate": 46.82,
            "research_to_sale_ratio": 1.27,
            "price_fair": 247.01,
            "eps_avg_yearly": 7.06,
            "eps_latest_yearly": 6.88,
            "eps_growth_yearly": 128.85
        }
    },
    "months": {
        "2010-06": {
            "month": "2010-06",
            "price": "33.26",
            "revenue": 22683655
        },
        "2010-07": {
            "month": "2010-07",
            "price": "32.40",
            "revenue": 20347192
        },
        "2010-08": {
            "month": "2010-08",
            "price": "39.63",
            "revenue": 23678302
        },
        "2010-09": {
            "month": "2010-09",
            "price": "42.89",
            "revenue": 27112166
        },
        "2010-10": {
            "month": "2010-10",
            "price": "39.78",
            "revenue": 25788293
        },
        "2010-11": {
            "month": "2010-11",
            "price": "42.24",
            "revenue": 21278425
        },
        "2010-12": {
            "month": "2010-12",
            "price": "42.59",
            "revenue": 19366317
        },
        "2011-01": {
            "month": "2011-01",
            "price": "39.78",
            "revenue": 22236577
        },
        "2011-02": {
            "month": "2011-02",
            "price": "36.95",
            "revenue": 14967978
        },
        "2011-03": {
            "month": "2011-03",
            "price": "33.45",
            "revenue": 26328743
        },
        "2011-04": {
            "month": "2011-04",
            "price": "33.53",
            "revenue": 19751647
        },
        "2011-05": {
            "month": "2011-05",
            "price": "30.51",
            "revenue": 23148214
        },
        "2011-06": {
            "month": "2011-06",
            "price": "30.12",
            "revenue": 36222007
        },
        "2011-07": {
            "month": "2011-07",
            "price": "33.22",
            "revenue": 37848996
        },
        "2011-08": {
            "month": "2011-08",
            "price": "28.61",
            "revenue": 32951352
        },
        "2011-09": {
            "month": "2011-09",
            "price": "27.96",
            "revenue": 38656481
        },
        "2011-10": {
            "month": "2011-10",
            "price": "30.93",
            "revenue": 42770679
        },
        "2011-11": {
            "month": "2011-11",
            "price": "30.84",
            "revenue": 41309906
        },
        "2011-12": {
            "month": "2011-12",
            "price": "32.37",
            "revenue": 35520113
        },
        "2012-01": {
            "month": "2012-01",
            "price": "35.50",
            "revenue": 37733123
        },
        "2012-02": {
            "month": "2012-02",
            "price": "37.38",
            "revenue": 40528584
        },
        "2012-03": {
            "month": "2012-03",
            "price": "42.50",
            "revenue": 37817197
        },
        "2012-04": {
            "month": "2012-04",
            "price": "43.79",
            "revenue": 48232694
        },
        "2012-05": {
            "month": "2012-05",
            "price": "41.80",
            "revenue": 50510721
        },
        "2012-06": {
            "month": "2012-06",
            "price": "41.33",
            "revenue": 54163964
        },
        "2012-07": {
            "month": "2012-07",
            "price": "37.12",
            "revenue": 51899104
        },
        "2012-08": {
            "month": "2012-08",
            "price": "39.06",
            "revenue": 48257698
        },
        "2012-09": {
            "month": "2012-09",
            "price": "38.85",
            "revenue": 57690022
        },
        "2012-10": {
            "month": "2012-10",
            "price": "38.79",
            "revenue": 61747424
        },
        "2012-11": {
            "month": "2012-11",
            "price": "36.93",
            "revenue": 74096253
        },
        "2012-12": {
            "month": "2012-12",
            "price": "37.02",
            "revenue": 75995042
        },
        "2013-01": {
            "month": "2013-01",
            "price": "39.02",
            "revenue": 88067998
        },
        "2013-02": {
            "month": "2013-02",
            "price": "39.85",
            "revenue": 68668679
        },
        "2013-03": {
            "month": "2013-03",
            "price": "43.45",
            "revenue": 64580637
        },
        "2013-04": {
            "month": "2013-04",
            "price": "45.43",
            "revenue": 65403821
        },
        "2013-05": {
            "month": "2013-05",
            "price": "51.75",
            "revenue": 72050670
        },
        "2013-06": {
            "month": "2013-06",
            "price": "51.65",
            "revenue": 66539259
        },
        "2013-07": {
            "month": "2013-07",
            "price": "48.52",
            "revenue": 72947311
        },
        "2013-08": {
            "month": "2013-08",
            "price": "46.21",
            "revenue": 66606189
        },
        "2013-09": {
            "month": "2013-09",
            "price": "43.78",
            "revenue": 116859607
        },
        "2013-10": {
            "month": "2013-10",
            "price": "40.52",
            "revenue": 89995891
        },
        "2013-11": {
            "month": "2013-11",
            "price": "37.49",
            "revenue": 90432638
        },
        "2013-12": {
            "month": "2013-12",
            "price": "37.00",
            "revenue": 88392169
        },
        "2014-01": {
            "month": "2014-01",
            "price": "39.84",
            "revenue": 91524669
        },
        "2014-02": {
            "month": "2014-02",
            "price": "39.67",
            "revenue": 58462617
        },
        "2014-03": {
            "month": "2014-03",
            "price": "42.37",
            "revenue": 67900579
        },
        "2014-04": {
            "month": "2014-04",
            "price": "45.79",
            "revenue": 72475603
        },
        "2014-05": {
            "month": "2014-05",
            "price": "51.86",
            "revenue": 65889470
        },
        "2014-06": {
            "month": "2014-06",
            "price": "56.22",
            "revenue": 72123272
        },
        "2014-07": {
            "month": "2014-07",
            "price": "58.69",
            "revenue": 67299673
        },
        "2014-08": {
            "month": "2014-08",
            "price": "60.67",
            "revenue": 65102788
        },
        "2014-09": {
            "month": "2014-09",
            "price": "59.07",
            "revenue": 105988001
        },
        "2014-10": {
            "month": "2014-10",
            "price": "55.33",
            "revenue": 120028413
        },
        "2014-11": {
            "month": "2014-11",
            "price": "64.55",
            "revenue": 118143650
        },
        "2014-12": {
            "month": "2014-12",
            "price": "72.04",
            "revenue": 114303797
        },
        "2015-01": {
            "month": "2015-01",
            "price": "77.60",
            "revenue": 118049142
        },
        "2015-02": {
            "month": "2015-02",
            "price": "83.85",
            "revenue": 69283994
        },
        "2015-03": {
            "month": "2015-03",
            "price": "87.55",
            "revenue": 86615469
        },
        "2015-04": {
            "month": "2015-04",
            "price": "88.88",
            "revenue": 78080920
        },
        "2015-05": {
            "month": "2015-05",
            "price": "90.97",
            "revenue": 70573012
        },
        "2015-06": {
            "month": "2015-06",
            "price": "88.20",
            "revenue": 70010748
        },
        "2015-07": {
            "month": "2015-07",
            "price": "91.61",
            "revenue": 66814974
        },
        "2015-08": {
            "month": "2015-08",
            "price": "84.36",
            "revenue": 75776654
        },
        "2015-09": {
            "month": "2015-09",
            "price": "84.66",
            "revenue": 166083357
        },
        "2015-10": {
            "month": "2015-10",
            "price": "81.85",
            "revenue": 175299304
        },
        "2015-11": {
            "month": "2015-11",
            "price": "83.57",
            "revenue": 121354664
        },
        "2015-12": {
            "month": "2015-12",
            "price": "80.33",
            "revenue": 115655650
        },
        "2016-01": {
            "month": "2016-01",
            "price": "69.69",
            "revenue": 101430026
        },
        "2016-02": {
            "month": "2016-02",
            "price": "78.03",
            "revenue": 65721503
        },
        "2016-03": {
            "month": "2016-03",
            "price": "78.40",
            "revenue": 89368912
        },
        "2016-04": {
            "month": "2016-04",
            "price": "71.04",
            "revenue": 65076702
        },
        "2016-05": {
            "month": "2016-05",
            "price": "64.89",
            "revenue": 66553746
        },
        "2016-06": {
            "month": "2016-06",
            "price": "68.62",
            "revenue": 93353195
        },
        "2016-07": {
            "month": "2016-07",
            "price": "73.92",
            "revenue": 82425826
        },
        "2016-08": {
            "month": "2016-08",
            "price": "76.73",
            "revenue": 82608165
        },
        "2016-09": {
            "month": "2016-09",
            "price": "78.67",
            "revenue": 151034422
        },
        "2016-10": {
            "month": "2016-10",
            "price": "82.96",
            "revenue": 150798805
        },
        "2016-11": {
            "month": "2016-11",
            "price": "77.12",
            "revenue": 125845768
        },
        "2016-12": {
            "month": "2016-12",
            "price": "76.15",
            "revenue": 84014079
        },
        "2017-01": {
            "month": "2017-01",
            "price": "75.59",
            "revenue": 89148899
        },
        "2017-02": {
            "month": "2017-02",
            "price": "80.05",
            "revenue": 75230645
        },
        "2017-03": {
            "month": "2017-03",
            "price": "84.77",
            "revenue": 74290673
        },
        "2017-04": {
            "month": "2017-04",
            "price": "88.41",
            "revenue": 82005125
        },
        "2017-05": {
            "month": "2017-05",
            "price": "90.83",
            "revenue": 78639048
        },
        "2017-06": {
            "month": "2017-06",
            "price": "94.65",
            "revenue": 80361621
        },
        "2017-07": {
            "month": "2017-07",
            "price": "98.25",
            "revenue": 93865973
        },
        "2017-08": {
            "month": "2017-08",
            "price": "93.25",
            "revenue": 89125237
        },
        "2017-09": {
            "month": "2017-09",
            "price": "86.60",
            "revenue": 153660777
        },
        "2017-10": {
            "month": "2017-10",
            "price": "80.37",
            "revenue": 166477783
        },
        "2017-11": {
            "month": "2017-11",
            "price": "72.69",
            "revenue": 121830215
        },
        "2017-12": {
            "month": "2017-12",
            "price": "70.34",
            "revenue": 89010278
        },
        "2018-01": {
            "month": "2018-01",
            "price": "75.56",
            "revenue": 121063148
        },
        "2018-02": {
            "month": "2018-02",
            "price": "74.58",
            "revenue": 76834329
        },
        "2018-03": {
            "month": "2018-03",
            "price": "74.61",
            "revenue": 82989885
        },
        "2018-04": {
            "month": "2018-04",
            "price": "70.34",
            "revenue": 104345161
        },
        "2018-05": {
            "month": "2018-05",
            "price": "67.04",
            "revenue": 90961327
        },
        "2018-06": {
            "month": "2018-06",
            "price": "65.62",
            "revenue": 75891996
        },
        "2018-07": {
            "month": "2018-07",
            "price": "65.67",
            "revenue": 103948849
        },
        "2018-08": {
            "month": "2018-08",
            "price": "66.08",
            "revenue": 98206641
        },
        "2018-09": {
            "month": "2018-09",
            "price": "62.96",
            "revenue": 119923034
        },
        "2018-10": {
            "month": "2018-10",
            "price": "57.08",
            "revenue": 186022952
        },
        "2018-11": {
            "month": "2018-11",
            "price": "51.92",
            "revenue": 174228775
        },
        "2018-12": {
            "month": "2018-12",
            "price": "50.98",
            "revenue": 105747715
        },
        "2019-01": {
            "month": "2019-01",
            "price": "49.22",
            "revenue": 122634116
        },
        "2019-02": {
            "month": "2019-02",
            "price": "51.86",
            "revenue": 81645017
        },
        "2019-03": {
            "month": "2019-03",
            "price": "52.70",
            "revenue": 90015403
        },
        "2019-04": {
            "month": "2019-04",
            "price": "56.92",
            "revenue": 112570141
        },
        "2019-05": {
            "month": "2019-05",
            "price": "52.15",
            "revenue": 98337726
        },
        "2019-06": {
            "month": "2019-06",
            "price": "52.36",
            "revenue": 88176876
        },
        "2019-07": {
            "month": "2019-07",
            "price": "55.32",
            "revenue": 98843514
        },
        "2019-08": {
            "month": "2019-08",
            "price": "50.23",
            "revenue": 98406528
        },
        "2019-09": {
            "month": "2019-09",
            "price": "53.57",
            "revenue": 157715382
        },
        "2019-10": {
            "month": "2019-10",
            "price": "57.11",
            "revenue": 147087458
        },
        "2019-11": {
            "month": "2019-11",
            "price": "67.54",
            "revenue": 142121617
        },
        "2019-12": {
            "month": "2019-12",
            "price": "69.15",
            "revenue": 128697329
        },
        "2020-01": {
            "month": "2020-01",
            "price": "67.39",
            "revenue": 95653396
        },
        "2020-02": {
            "month": "2020-02",
            "price": "65.21",
            "revenue": 81804451
        },
        "2020-03": {
            "month": "2020-03",
            "price": "56.42",
            "revenue": 101034602
        },
        "2020-04": {
            "month": "2020-04",
            "price": "63.57",
            "revenue": 103774385
        },
        "2020-05": {
            "month": "2020-05",
            "price": "63.64",
            "revenue": 114112166
        },
        "2020-06": {
            "month": "2020-06",
            "price": "67.58",
            "revenue": 109856812
        },
        "2020-07": {
            "month": "2020-07",
            "price": "63.27",
            "revenue": 103908742
        },
        "2020-08": {
            "month": "2020-08",
            "price": "64.16",
            "revenue": 105613255
        },
        "2020-09": {
            "month": "2020-09",
            "price": "63.30",
            "revenue": 126145765
        },
        "2020-10": {
            "month": "2020-10",
            "price": "63.03",
            "revenue": 138168160
        },
        "2020-11": {
            "month": "2020-11",
            "price": "63.99",
            "revenue": 179191659
        },
        "2020-12": {
            "month": "2020-12",
            "price": "67.57",
            "revenue": 140051496
        },
        "2021-01": {
            "month": "2021-01",
            "price": "74.25",
            "revenue": 82418580
        },
        "2021-02": {
            "month": "2021-02",
            "price": "76.59",
            "revenue": 53779398
        },
        "2021-03": {
            "month": "2021-03",
            "price": "73.55",
            "revenue": 80375353
        },
        "2021-04": {
            "month": "2021-04",
            "price": "73.44",
            "revenue": 93054564
        },
        "2021-05": {
            "month": "2021-05",
            "price": "71.45",
            "revenue": 90320534
        },
        "2021-06": {
            "month": "2021-06",
            "price": "73.48",
            "revenue": 88868602
        },
        "2021-07": {
            "month": "2021-07",
            "price": "67.71",
            "revenue": 88532771
        },
        "2021-08": {
            "month": "2021-08",
            "price": "65.83",
            "revenue": 85313027
        },
        "2021-09": {
            "month": "2021-09",
            "price": "65.40",
            "revenue": 149038905
        },
        "2021-10": {
            "month": "2021-10",
            "price": "67.30",
            "revenue": 137987485
        },
        "2021-11": {
            "month": "2021-11",
            "price": "68.22",
            "revenue": 158243901
        },
        "2021-12": {
            "month": "2021-12",
            "price": "67.95",
            "revenue": 155780369
        },
        "2022-01": {
            "month": "2022-01",
            "price": "69.54",
            "revenue": 123138251
        },
        "2022-02": {
            "month": "2022-02",
            "price": "69.87",
            "revenue": 85123635
        },
        "2022-03": {
            "month": "2022-03",
            "price": "71.38",
            "revenue": 115562874
        },
        "2022-04": {
            "month": "2022-04",
            "price": "70.97",
            "revenue": 75061027
        },
        "2022-05": {
            "month": "2022-05",
            "price": "67.29",
            "revenue": 93665208
        },
        "2022-06": {
            "month": "2022-06",
            "price": "68.15",
            "revenue": 112003987
        },
        "2022-07": {
            "month": "2022-07",
            "price": "58.80",
            "revenue": 107969645
        },
        "2022-08": {
            "month": "2022-08",
            "price": "63.23",
            "revenue": 116036992
        },
        "2022-09": {
            "month": "2022-09",
            "price": "62.37",
            "revenue": 128854850
        },
        "2022-10": {
            "month": "2022-10",
            "price": "57.36",
            "revenue": 131786728
        },
        "2022-11": {
            "month": "2022-11",
            "price": "59.39",
            "revenue": 113473560
        },
        "2022-12": {
            "month": "2022-12",
            "price": "63.37",
            "revenue": 112769371
        },
        "2023-01": {
            "month": "2023-01",
            "price": "64.38",
            "revenue": 124608998
        },
        "2023-02": {
            "month": "2023-02",
            "price": "66.87",
            "revenue": 92255341
        },
        "2023-03": {
            "month": "2023-03",
            "price": "69.05",
            "revenue": 101268669
        },
        "2023-04": {
            "month": "2023-04",
            "price": "70.09",
            "revenue": 107411633
        },
        "2023-05": {
            "month": "2023-05",
            "price": "72.05",
            "revenue": 90623872
        },
        "2023-06": {
            "month": "2023-06",
            "price": "76.98",
            "revenue": 82671774
        },
        "2023-07": {
            "month": "2023-07",
            "price": "75.67",
            "revenue": 93585467
        },
        "2023-08": {
            "month": "2023-08",
            "price": "77.41",
            "revenue": 89353095
        },
        "2023-09": {
            "month": "2023-09",
            "price": "77.04",
            "revenue": 132827701
        },
        "2023-10": {
            "month": "2023-10",
            "price": "76.93",
            "revenue": 142204362
        },
        "2023-11": {
            "month": "2023-11",
            "price": "79.52",
            "revenue": 116781153
        },
        "2023-12": {
            "month": "2023-12",
            "price": "84.57",
            "revenue": 83100034
        }
    }
}
