{
    "summary": {
        "stock_name": "亞電",
        "stock_id": "4939",
        "category": "電子零組件",
        "main_business": "覆蓋膜<br>軟性銅箔基層板<br>補強板",
        "website_url": "http://www.aemg.com.tw/",
        "ceo": "李建輝",
        "pe_ratio": 0,
        "report_year_from": 2009,
        "report_year_to": 2023,
        "age": 14,
        "eps_negative_percentage": 7,
        "eps_growth_avg": {
            "last_all": 4.24,
            "last_2y": 9.51,
            "last_4y": -8.8,
            "last_8y": -7.77,
            "last_12y": null,
            "last_16y": null,
            "last_20y": null,
            "at_2006_last_3y": null,
            "at_2007_last_3y": null,
            "at_2008_last_3y": null,
            "at_2009_last_3y": null,
            "at_2010_last_3y": null,
            "at_2011_last_3y": null,
            "at_2012_last_3y": null,
            "at_2013_last_3y": null,
            "at_2014_last_3y": 22.67,
            "at_2015_last_3y": -27.33,
            "at_2016_last_3y": -11.62,
            "at_2017_last_3y": -6.06,
            "at_2018_last_3y": -1.67,
            "at_2019_last_3y": 9.15,
            "at_2020_last_3y": 31.86,
            "at_2021_last_3y": 9.02,
            "at_2022_last_3y": -9.75,
            "at_2023_last_3y": -9.75,
            "at_2006_last_all": null,
            "at_2007_last_all": null,
            "at_2008_last_all": null,
            "at_2009_last_all": null,
            "at_2010_last_all": null,
            "at_2011_last_all": null,
            "at_2012_last_all": 12.77,
            "at_2013_last_all": 36.29,
            "at_2014_last_all": 22.67,
            "at_2015_last_all": -1.86,
            "at_2016_last_all": -1.86,
            "at_2017_last_all": 15.11,
            "at_2018_last_all": 12.24,
            "at_2019_last_all": 2.27,
            "at_2020_last_all": 13.13,
            "at_2021_last_all": 12.68,
            "at_2022_last_all": 4.24,
            "at_2023_last_all": 4.24
        },
        "latest_eps": -0,
        "latest_price": 17.3,
        "latest_roe": -0.01,
        "latest_gross_margin": 22.25,
        "latest_equity": 1557099,
        "latest_revenue": 314931,
        "latest_gross_profit": 70076,
        "latest_net_income": 5363,
        "latest_debt_ratio": 46.08,
        "latest_current_ratio": 163.5,
        "latest_account_receivable_turnover_ratio": 0.45,
        "latest_inventory_turnover_ratio": 0.83,
        "latest_reinvestment_rate": 120.52,
        "latest_research_to_sale_ratio": 5.95
    },
    "eps_dividends": {
        "2001": {
            "cash": 0,
            "stock": 0,
            "eps": 0
        },
        "2002": {
            "cash": 0,
            "stock": 0,
            "eps": 0
        },
        "2003": {
            "cash": 0,
            "stock": 0,
            "eps": 0
        },
        "2004": {
            "cash": 0,
            "stock": 0,
            "eps": 0
        },
        "2005": {
            "cash": 0,
            "stock": 0,
            "eps": 0
        },
        "2006": {
            "cash": 0,
            "stock": 0,
            "eps": 0
        },
        "2007": {
            "cash": 0,
            "stock": 0,
            "eps": 0
        },
        "2008": {
            "cash": 0,
            "stock": 0,
            "eps": 0
        },
        "2009": {
            "cash": 0,
            "stock": 0,
            "eps": 0
        },
        "2010": {
            "cash": 0.07,
            "stock": 0.6,
            "eps": 0.69
        },
        "2011": {
            "cash": 0.13,
            "stock": 1.13,
            "eps": 2.35
        },
        "2012": {
            "cash": 0.42,
            "stock": 1.68,
            "eps": 0.6
        },
        "2013": {
            "cash": 0.15,
            "stock": 0.35,
            "eps": 1.1
        },
        "2014": {
            "cash": 0.7,
            "stock": 0.3,
            "eps": 0.9
        },
        "2015": {
            "cash": 0.7,
            "stock": 0,
            "eps": -1.85
        },
        "2016": {
            "cash": 0,
            "stock": 0,
            "eps": 0.13
        },
        "2017": {
            "cash": 0,
            "stock": 0,
            "eps": 1.2
        },
        "2018": {
            "cash": 0.5,
            "stock": 0,
            "eps": 1.14
        },
        "2019": {
            "cash": 0.5,
            "stock": 0,
            "eps": 0.37
        },
        "2020": {
            "cash": 0.25,
            "stock": 0,
            "eps": 1.62
        },
        "2021": {
            "cash": 1.25,
            "stock": 0,
            "eps": 1.76
        },
        "2022": {
            "cash": 1.4,
            "stock": 0,
            "eps": 0.35
        },
        "2023": {
            "cash": 0.48,
            "stock": 0,
            "eps": 0.05
        }
    },
    "dividends": {
        "2010-04-09": {
            "cash": 0.07,
            "stock": 0.6
        },
        "2011-03-08": {
            "cash": 0.13,
            "stock": 1.13
        },
        "2012-04-27": {
            "cash": 0.42,
            "stock": 1.68
        },
        "2013-05-17": {
            "cash": 0.15,
            "stock": 0.35
        },
        "2014-08-26": {
            "cash": 0.7,
            "stock": 0.3
        },
        "2015-08-10": {
            "cash": 0.7,
            "stock": 0
        },
        "2018-07-20": {
            "cash": 0.5,
            "stock": 0
        },
        "2019-07-10": {
            "cash": 0.5,
            "stock": 0
        },
        "2020-07-31": {
            "cash": 0.25,
            "stock": 0
        },
        "2021-09-03": {
            "cash": 1.25,
            "stock": 0
        },
        "2022-07-01": {
            "cash": 1.4,
            "stock": 0
        },
        "2023-07-07": {
            "cash": 0.48,
            "stock": 0
        }
    },
    "prices": {
        "200101": "無",
        "200102": "無",
        "200103": "無",
        "200104": "無",
        "200105": "無",
        "200106": "無",
        "200107": "無",
        "200108": "無",
        "200109": "無",
        "200110": "無",
        "200111": "無",
        "200112": "無",
        "200201": "無",
        "200202": "無",
        "200203": "無",
        "200204": "無",
        "200205": "無",
        "200206": "無",
        "200207": "無",
        "200208": "無",
        "200209": "無",
        "200210": "無",
        "200211": "無",
        "200212": "無",
        "200301": "無",
        "200302": "無",
        "200303": "無",
        "200304": "無",
        "200305": "無",
        "200306": "無",
        "200307": "無",
        "200308": "無",
        "200309": "無",
        "200310": "無",
        "200311": "無",
        "200312": "無",
        "200401": "無",
        "200402": "無",
        "200403": "無",
        "200404": "無",
        "200405": "無",
        "200406": "無",
        "200407": "無",
        "200408": "無",
        "200409": "無",
        "200410": "無",
        "200411": "無",
        "200412": "無",
        "200501": "無",
        "200502": "無",
        "200503": "無",
        "200504": "無",
        "200505": "無",
        "200506": "無",
        "200507": "無",
        "200508": "無",
        "200509": "無",
        "200510": "無",
        "200511": "無",
        "200512": "無",
        "200601": "無",
        "200602": "無",
        "200603": "無",
        "200604": "無",
        "200605": "無",
        "200606": "無",
        "200607": "無",
        "200608": "無",
        "200609": "無",
        "200610": "無",
        "200611": "無",
        "200612": "無",
        "200701": "無",
        "200702": "無",
        "200703": "無",
        "200704": "無",
        "200705": "無",
        "200706": "無",
        "200707": "無",
        "200708": "無",
        "200709": "無",
        "200710": "無",
        "200711": "無",
        "200712": "無",
        "200801": "無",
        "200802": "無",
        "200803": "無",
        "200804": "無",
        "200805": "無",
        "200806": "無",
        "200807": "無",
        "200808": "無",
        "200809": "無",
        "200810": "無",
        "200811": "無",
        "200812": "無",
        "200901": "無",
        "200902": "無",
        "200903": "無",
        "200904": "無",
        "200905": "無",
        "200906": "無",
        "200907": "無",
        "200908": "無",
        "200909": "無",
        "200910": "無",
        "200911": "無",
        "200912": "無",
        "201001": "無",
        "201002": "無",
        "201003": "無",
        "201004": "無",
        "201005": "26.79",
        "201006": "25.17",
        "201007": "24.87",
        "201008": "27.22",
        "201009": "27.51",
        "201010": "27.12",
        "201011": "25.33",
        "201012": "25.81",
        "201101": "27.80",
        "201102": "30.94",
        "201103": "30.89",
        "201104": "31.61",
        "201105": "30.23",
        "201106": "28.89",
        "201107": "27.99",
        "201108": "25.98",
        "201109": "23.14",
        "201110": "22.35",
        "201111": "21.42",
        "201112": "18.75",
        "201201": "20.58",
        "201202": "28.52",
        "201203": "32.17",
        "201204": "27.37",
        "201205": "23.87",
        "201206": "23.27",
        "201207": "22.04",
        "201208": "22.46",
        "201209": "21.42",
        "201210": "17.77",
        "201211": "14.32",
        "201212": "14.90",
        "201301": "15.40",
        "201302": "15.41",
        "201303": "15.44",
        "201304": "14.91",
        "201305": "15.84",
        "201306": "15.77",
        "201307": "15.31",
        "201308": "16.73",
        "201309": "17.55",
        "201310": "15.83",
        "201311": "14.85",
        "201312": "14.95",
        "201401": "15.96",
        "201402": "15.31",
        "201403": "16.32",
        "201404": "17.75",
        "201405": "18.40",
        "201406": "20.73",
        "201407": "25.03",
        "201408": "22.72",
        "201409": "24.42",
        "201410": "23.15",
        "201411": "20.00",
        "201412": "19.90",
        "201501": "20.06",
        "201502": "19.93",
        "201503": "19.59",
        "201504": "17.14",
        "201505": "14.43",
        "201506": "11.83",
        "201507": "10.39",
        "201508": "8.26",
        "201509": "8.15",
        "201510": "8.70",
        "201511": "8.16",
        "201512": "7.95",
        "201601": "7.26",
        "201602": "7.86",
        "201603": "7.44",
        "201604": "7.16",
        "201605": "5.91",
        "201606": "6.65",
        "201607": "6.44",
        "201608": "6.30",
        "201609": "7.67",
        "201610": "8.42",
        "201611": "8.66",
        "201612": "8.62",
        "201701": "9.49",
        "201702": "9.78",
        "201703": "14.85",
        "201704": "14.59",
        "201705": "14.66",
        "201706": "14.53",
        "201707": "14.70",
        "201708": "16.14",
        "201709": "17.53",
        "201710": "17.98",
        "201711": "18.72",
        "201712": "19.28",
        "201801": "20.86",
        "201802": "19.26",
        "201803": "19.21",
        "201804": "19.46",
        "201805": "22.03",
        "201806": "25.98",
        "201807": "25.22",
        "201808": "22.35",
        "201809": "21.56",
        "201810": "17.50",
        "201811": "17.28",
        "201812": "18.75",
        "201901": "18.26",
        "201902": "20.88",
        "201903": "20.68",
        "201904": "21.06",
        "201905": "18.35",
        "201906": "17.27",
        "201907": "19.39",
        "201908": "18.81",
        "201909": "19.08",
        "201910": "18.18",
        "201911": "17.17",
        "201912": "17.51",
        "202001": "17.08",
        "202002": "14.71",
        "202003": "11.01",
        "202004": "12.16",
        "202005": "13.73",
        "202006": "13.75",
        "202007": "13.69",
        "202008": "14.30",
        "202009": "15.77",
        "202010": "16.29",
        "202011": "17.54",
        "202012": "18.69",
        "202101": "21.11",
        "202102": "21.56",
        "202103": "24.27",
        "202104": "26.11",
        "202105": "22.04",
        "202106": "23.21",
        "202107": "24.92",
        "202108": "22.62",
        "202109": "20.88",
        "202110": "19.56",
        "202111": "20.27",
        "202112": "20.98",
        "202201": "25.82",
        "202202": "24.55",
        "202203": "23.80",
        "202204": "22.17",
        "202205": "21.30",
        "202206": "19.96",
        "202207": "17.46",
        "202208": "17.30",
        "202209": "16.17",
        "202210": "15.12",
        "202211": "15.27",
        "202212": "15.48",
        "202301": "15.07",
        "202302": "16.09",
        "202303": "16.53",
        "202304": "16.44",
        "202305": "17.01"
    },
    "quarters": {
        "20011": {
            "year_quarter": 20011,
            "year": 2001,
            "quarter": 1,
            "eps": null,
            "eps_growth_year": null,
            "eps_4q": null,
            "eps_4q_growth_year": null,
            "roe": null,
            "roe_4q": 0,
            "gross_profit": null,
            "gross_margin": null,
            "gross_margin_4q_avg": 0,
            "net_income": null,
            "revenue": null,
            "common_shares": null,
            "book_valuer_per_share": null,
            "book_valuer_per_share_4q_avg": 0,
            "equity": null,
            "current_ratio": null,
            "debt_ratio": null,
            "inventory_turnover_ratio": null,
            "account_receivable_turnover_ratio": null,
            "reinvestment_rate": null,
            "research_to_sale_ratio": null,
            "price_fair": 0,
            "eps_avg_yearly": 0,
            "eps_latest_yearly": 0,
            "eps_growth_yearly": 0
        },
        "20012": {
            "year_quarter": 20012,
            "year": 2001,
            "quarter": 2,
            "eps": null,
            "eps_growth_year": null,
            "eps_4q": null,
            "eps_4q_growth_year": null,
            "roe": null,
            "roe_4q": 0,
            "gross_profit": null,
            "gross_margin": null,
            "gross_margin_4q_avg": 0,
            "net_income": null,
            "revenue": null,
            "common_shares": null,
            "book_valuer_per_share": null,
            "book_valuer_per_share_4q_avg": 0,
            "equity": null,
            "current_ratio": null,
            "debt_ratio": null,
            "inventory_turnover_ratio": null,
            "account_receivable_turnover_ratio": null,
            "reinvestment_rate": null,
            "research_to_sale_ratio": null,
            "price_fair": 0,
            "eps_avg_yearly": 0,
            "eps_latest_yearly": 0,
            "eps_growth_yearly": 0
        },
        "20013": {
            "year_quarter": 20013,
            "year": 2001,
            "quarter": 3,
            "eps": null,
            "eps_growth_year": null,
            "eps_4q": null,
            "eps_4q_growth_year": null,
            "roe": null,
            "roe_4q": 0,
            "gross_profit": null,
            "gross_margin": null,
            "gross_margin_4q_avg": 0,
            "net_income": null,
            "revenue": null,
            "common_shares": null,
            "book_valuer_per_share": null,
            "book_valuer_per_share_4q_avg": 0,
            "equity": null,
            "current_ratio": null,
            "debt_ratio": null,
            "inventory_turnover_ratio": null,
            "account_receivable_turnover_ratio": null,
            "reinvestment_rate": null,
            "research_to_sale_ratio": null,
            "price_fair": 0,
            "eps_avg_yearly": 0,
            "eps_latest_yearly": 0,
            "eps_growth_yearly": 0
        },
        "20014": {
            "year_quarter": 20014,
            "year": 2001,
            "quarter": 4,
            "eps": null,
            "eps_growth_year": null,
            "eps_4q": null,
            "eps_4q_growth_year": null,
            "roe": null,
            "roe_4q": 0,
            "gross_profit": null,
            "gross_margin": null,
            "gross_margin_4q_avg": 0,
            "net_income": null,
            "revenue": null,
            "common_shares": null,
            "book_valuer_per_share": null,
            "book_valuer_per_share_4q_avg": 0,
            "equity": null,
            "current_ratio": null,
            "debt_ratio": null,
            "inventory_turnover_ratio": null,
            "account_receivable_turnover_ratio": null,
            "reinvestment_rate": null,
            "research_to_sale_ratio": null,
            "price_fair": 0,
            "eps_avg_yearly": 0,
            "eps_latest_yearly": 0,
            "eps_growth_yearly": 0
        },
        "20021": {
            "year_quarter": 20021,
            "year": 2002,
            "quarter": 1,
            "eps": null,
            "eps_growth_year": null,
            "eps_4q": null,
            "eps_4q_growth_year": null,
            "roe": null,
            "roe_4q": 0,
            "gross_profit": null,
            "gross_margin": null,
            "gross_margin_4q_avg": 0,
            "net_income": null,
            "revenue": null,
            "common_shares": null,
            "book_valuer_per_share": null,
            "book_valuer_per_share_4q_avg": 0,
            "equity": null,
            "current_ratio": null,
            "debt_ratio": null,
            "inventory_turnover_ratio": null,
            "account_receivable_turnover_ratio": null,
            "reinvestment_rate": null,
            "research_to_sale_ratio": null,
            "price_fair": 0,
            "eps_avg_yearly": 0,
            "eps_latest_yearly": 0,
            "eps_growth_yearly": 0
        },
        "20022": {
            "year_quarter": 20022,
            "year": 2002,
            "quarter": 2,
            "eps": null,
            "eps_growth_year": null,
            "eps_4q": null,
            "eps_4q_growth_year": null,
            "roe": null,
            "roe_4q": 0,
            "gross_profit": null,
            "gross_margin": null,
            "gross_margin_4q_avg": 0,
            "net_income": null,
            "revenue": null,
            "common_shares": null,
            "book_valuer_per_share": null,
            "book_valuer_per_share_4q_avg": 0,
            "equity": null,
            "current_ratio": null,
            "debt_ratio": null,
            "inventory_turnover_ratio": null,
            "account_receivable_turnover_ratio": null,
            "reinvestment_rate": null,
            "research_to_sale_ratio": null,
            "price_fair": 0,
            "eps_avg_yearly": 0,
            "eps_latest_yearly": 0,
            "eps_growth_yearly": 0
        },
        "20023": {
            "year_quarter": 20023,
            "year": 2002,
            "quarter": 3,
            "eps": null,
            "eps_growth_year": null,
            "eps_4q": null,
            "eps_4q_growth_year": null,
            "roe": null,
            "roe_4q": 0,
            "gross_profit": null,
            "gross_margin": null,
            "gross_margin_4q_avg": 0,
            "net_income": null,
            "revenue": null,
            "common_shares": null,
            "book_valuer_per_share": null,
            "book_valuer_per_share_4q_avg": 0,
            "equity": null,
            "current_ratio": null,
            "debt_ratio": null,
            "inventory_turnover_ratio": null,
            "account_receivable_turnover_ratio": null,
            "reinvestment_rate": null,
            "research_to_sale_ratio": null,
            "price_fair": 0,
            "eps_avg_yearly": 0,
            "eps_latest_yearly": 0,
            "eps_growth_yearly": 0
        },
        "20024": {
            "year_quarter": 20024,
            "year": 2002,
            "quarter": 4,
            "eps": null,
            "eps_growth_year": null,
            "eps_4q": null,
            "eps_4q_growth_year": null,
            "roe": null,
            "roe_4q": 0,
            "gross_profit": null,
            "gross_margin": null,
            "gross_margin_4q_avg": 0,
            "net_income": null,
            "revenue": null,
            "common_shares": null,
            "book_valuer_per_share": null,
            "book_valuer_per_share_4q_avg": 0,
            "equity": null,
            "current_ratio": null,
            "debt_ratio": null,
            "inventory_turnover_ratio": null,
            "account_receivable_turnover_ratio": null,
            "reinvestment_rate": null,
            "research_to_sale_ratio": null,
            "price_fair": 0,
            "eps_avg_yearly": 0,
            "eps_latest_yearly": 0,
            "eps_growth_yearly": 0
        },
        "20031": {
            "year_quarter": 20031,
            "year": 2003,
            "quarter": 1,
            "eps": null,
            "eps_growth_year": null,
            "eps_4q": null,
            "eps_4q_growth_year": null,
            "roe": null,
            "roe_4q": 0,
            "gross_profit": null,
            "gross_margin": null,
            "gross_margin_4q_avg": 0,
            "net_income": null,
            "revenue": null,
            "common_shares": null,
            "book_valuer_per_share": null,
            "book_valuer_per_share_4q_avg": 0,
            "equity": null,
            "current_ratio": null,
            "debt_ratio": null,
            "inventory_turnover_ratio": null,
            "account_receivable_turnover_ratio": null,
            "reinvestment_rate": null,
            "research_to_sale_ratio": null,
            "price_fair": 0,
            "eps_avg_yearly": 0,
            "eps_latest_yearly": 0,
            "eps_growth_yearly": 0
        },
        "20032": {
            "year_quarter": 20032,
            "year": 2003,
            "quarter": 2,
            "eps": null,
            "eps_growth_year": null,
            "eps_4q": null,
            "eps_4q_growth_year": null,
            "roe": null,
            "roe_4q": 0,
            "gross_profit": null,
            "gross_margin": null,
            "gross_margin_4q_avg": 0,
            "net_income": null,
            "revenue": null,
            "common_shares": null,
            "book_valuer_per_share": null,
            "book_valuer_per_share_4q_avg": 0,
            "equity": null,
            "current_ratio": null,
            "debt_ratio": null,
            "inventory_turnover_ratio": null,
            "account_receivable_turnover_ratio": null,
            "reinvestment_rate": null,
            "research_to_sale_ratio": null,
            "price_fair": 0,
            "eps_avg_yearly": 0,
            "eps_latest_yearly": 0,
            "eps_growth_yearly": 0
        },
        "20033": {
            "year_quarter": 20033,
            "year": 2003,
            "quarter": 3,
            "eps": null,
            "eps_growth_year": null,
            "eps_4q": null,
            "eps_4q_growth_year": null,
            "roe": null,
            "roe_4q": 0,
            "gross_profit": null,
            "gross_margin": null,
            "gross_margin_4q_avg": 0,
            "net_income": null,
            "revenue": null,
            "common_shares": null,
            "book_valuer_per_share": null,
            "book_valuer_per_share_4q_avg": 0,
            "equity": null,
            "current_ratio": null,
            "debt_ratio": null,
            "inventory_turnover_ratio": null,
            "account_receivable_turnover_ratio": null,
            "reinvestment_rate": null,
            "research_to_sale_ratio": null,
            "price_fair": 0,
            "eps_avg_yearly": 0,
            "eps_latest_yearly": 0,
            "eps_growth_yearly": 0
        },
        "20034": {
            "year_quarter": 20034,
            "year": 2003,
            "quarter": 4,
            "eps": null,
            "eps_growth_year": null,
            "eps_4q": null,
            "eps_4q_growth_year": null,
            "roe": null,
            "roe_4q": 0,
            "gross_profit": null,
            "gross_margin": null,
            "gross_margin_4q_avg": 0,
            "net_income": null,
            "revenue": null,
            "common_shares": null,
            "book_valuer_per_share": null,
            "book_valuer_per_share_4q_avg": 0,
            "equity": null,
            "current_ratio": null,
            "debt_ratio": null,
            "inventory_turnover_ratio": null,
            "account_receivable_turnover_ratio": null,
            "reinvestment_rate": null,
            "research_to_sale_ratio": null,
            "price_fair": 0,
            "eps_avg_yearly": 0,
            "eps_latest_yearly": 0,
            "eps_growth_yearly": 0
        },
        "20041": {
            "year_quarter": 20041,
            "year": 2004,
            "quarter": 1,
            "eps": null,
            "eps_growth_year": null,
            "eps_4q": null,
            "eps_4q_growth_year": null,
            "roe": null,
            "roe_4q": 0,
            "gross_profit": null,
            "gross_margin": null,
            "gross_margin_4q_avg": 0,
            "net_income": null,
            "revenue": null,
            "common_shares": null,
            "book_valuer_per_share": null,
            "book_valuer_per_share_4q_avg": 0,
            "equity": null,
            "current_ratio": null,
            "debt_ratio": null,
            "inventory_turnover_ratio": null,
            "account_receivable_turnover_ratio": null,
            "reinvestment_rate": null,
            "research_to_sale_ratio": null,
            "price_fair": 0,
            "eps_avg_yearly": 0,
            "eps_latest_yearly": 0,
            "eps_growth_yearly": 0
        },
        "20042": {
            "year_quarter": 20042,
            "year": 2004,
            "quarter": 2,
            "eps": null,
            "eps_growth_year": null,
            "eps_4q": null,
            "eps_4q_growth_year": null,
            "roe": null,
            "roe_4q": 0,
            "gross_profit": null,
            "gross_margin": null,
            "gross_margin_4q_avg": 0,
            "net_income": null,
            "revenue": null,
            "common_shares": null,
            "book_valuer_per_share": null,
            "book_valuer_per_share_4q_avg": 0,
            "equity": null,
            "current_ratio": null,
            "debt_ratio": null,
            "inventory_turnover_ratio": null,
            "account_receivable_turnover_ratio": null,
            "reinvestment_rate": null,
            "research_to_sale_ratio": null,
            "price_fair": 0,
            "eps_avg_yearly": 0,
            "eps_latest_yearly": 0,
            "eps_growth_yearly": 0
        },
        "20043": {
            "year_quarter": 20043,
            "year": 2004,
            "quarter": 3,
            "eps": null,
            "eps_growth_year": null,
            "eps_4q": null,
            "eps_4q_growth_year": null,
            "roe": null,
            "roe_4q": 0,
            "gross_profit": null,
            "gross_margin": null,
            "gross_margin_4q_avg": 0,
            "net_income": null,
            "revenue": null,
            "common_shares": null,
            "book_valuer_per_share": null,
            "book_valuer_per_share_4q_avg": 0,
            "equity": null,
            "current_ratio": null,
            "debt_ratio": null,
            "inventory_turnover_ratio": null,
            "account_receivable_turnover_ratio": null,
            "reinvestment_rate": null,
            "research_to_sale_ratio": null,
            "price_fair": 0,
            "eps_avg_yearly": 0,
            "eps_latest_yearly": 0,
            "eps_growth_yearly": 0
        },
        "20044": {
            "year_quarter": 20044,
            "year": 2004,
            "quarter": 4,
            "eps": null,
            "eps_growth_year": null,
            "eps_4q": null,
            "eps_4q_growth_year": null,
            "roe": null,
            "roe_4q": 0,
            "gross_profit": null,
            "gross_margin": null,
            "gross_margin_4q_avg": 0,
            "net_income": null,
            "revenue": null,
            "common_shares": null,
            "book_valuer_per_share": null,
            "book_valuer_per_share_4q_avg": 0,
            "equity": null,
            "current_ratio": null,
            "debt_ratio": null,
            "inventory_turnover_ratio": null,
            "account_receivable_turnover_ratio": null,
            "reinvestment_rate": null,
            "research_to_sale_ratio": null,
            "price_fair": 0,
            "eps_avg_yearly": 0,
            "eps_latest_yearly": 0,
            "eps_growth_yearly": 0
        },
        "20051": {
            "year_quarter": 20051,
            "year": 2005,
            "quarter": 1,
            "eps": null,
            "eps_growth_year": null,
            "eps_4q": null,
            "eps_4q_growth_year": null,
            "roe": null,
            "roe_4q": 0,
            "gross_profit": null,
            "gross_margin": null,
            "gross_margin_4q_avg": 0,
            "net_income": null,
            "revenue": null,
            "common_shares": null,
            "book_valuer_per_share": null,
            "book_valuer_per_share_4q_avg": 0,
            "equity": null,
            "current_ratio": null,
            "debt_ratio": null,
            "inventory_turnover_ratio": null,
            "account_receivable_turnover_ratio": null,
            "reinvestment_rate": null,
            "research_to_sale_ratio": null,
            "price_fair": 0,
            "eps_avg_yearly": 0,
            "eps_latest_yearly": 0,
            "eps_growth_yearly": 0
        },
        "20052": {
            "year_quarter": 20052,
            "year": 2005,
            "quarter": 2,
            "eps": null,
            "eps_growth_year": null,
            "eps_4q": null,
            "eps_4q_growth_year": null,
            "roe": null,
            "roe_4q": 0,
            "gross_profit": null,
            "gross_margin": null,
            "gross_margin_4q_avg": 0,
            "net_income": null,
            "revenue": null,
            "common_shares": null,
            "book_valuer_per_share": null,
            "book_valuer_per_share_4q_avg": 0,
            "equity": null,
            "current_ratio": null,
            "debt_ratio": null,
            "inventory_turnover_ratio": null,
            "account_receivable_turnover_ratio": null,
            "reinvestment_rate": null,
            "research_to_sale_ratio": null,
            "price_fair": 0,
            "eps_avg_yearly": 0,
            "eps_latest_yearly": 0,
            "eps_growth_yearly": 0
        },
        "20053": {
            "year_quarter": 20053,
            "year": 2005,
            "quarter": 3,
            "eps": null,
            "eps_growth_year": null,
            "eps_4q": null,
            "eps_4q_growth_year": null,
            "roe": null,
            "roe_4q": 0,
            "gross_profit": null,
            "gross_margin": null,
            "gross_margin_4q_avg": 0,
            "net_income": null,
            "revenue": null,
            "common_shares": null,
            "book_valuer_per_share": null,
            "book_valuer_per_share_4q_avg": 0,
            "equity": null,
            "current_ratio": null,
            "debt_ratio": null,
            "inventory_turnover_ratio": null,
            "account_receivable_turnover_ratio": null,
            "reinvestment_rate": null,
            "research_to_sale_ratio": null,
            "price_fair": 0,
            "eps_avg_yearly": 0,
            "eps_latest_yearly": 0,
            "eps_growth_yearly": 0
        },
        "20054": {
            "year_quarter": 20054,
            "year": 2005,
            "quarter": 4,
            "eps": null,
            "eps_growth_year": null,
            "eps_4q": null,
            "eps_4q_growth_year": null,
            "roe": null,
            "roe_4q": 0,
            "gross_profit": null,
            "gross_margin": null,
            "gross_margin_4q_avg": 0,
            "net_income": null,
            "revenue": null,
            "common_shares": 410000,
            "book_valuer_per_share": 10.46,
            "book_valuer_per_share_4q_avg": 2.62,
            "equity": 428897,
            "current_ratio": 608.32,
            "debt_ratio": 10.84,
            "inventory_turnover_ratio": null,
            "account_receivable_turnover_ratio": null,
            "reinvestment_rate": null,
            "research_to_sale_ratio": null,
            "price_fair": 0,
            "eps_avg_yearly": 0,
            "eps_latest_yearly": 0,
            "eps_growth_yearly": 0
        },
        "20061": {
            "year_quarter": 20061,
            "year": 2006,
            "quarter": 1,
            "eps": null,
            "eps_growth_year": null,
            "eps_4q": null,
            "eps_4q_growth_year": null,
            "roe": null,
            "roe_4q": 0,
            "gross_profit": null,
            "gross_margin": null,
            "gross_margin_4q_avg": 0,
            "net_income": null,
            "revenue": null,
            "common_shares": null,
            "book_valuer_per_share": null,
            "book_valuer_per_share_4q_avg": 2.62,
            "equity": null,
            "current_ratio": null,
            "debt_ratio": null,
            "inventory_turnover_ratio": null,
            "account_receivable_turnover_ratio": null,
            "reinvestment_rate": null,
            "research_to_sale_ratio": null,
            "price_fair": 0,
            "eps_avg_yearly": 0,
            "eps_latest_yearly": 0,
            "eps_growth_yearly": 0
        },
        "20062": {
            "year_quarter": 20062,
            "year": 2006,
            "quarter": 2,
            "eps": null,
            "eps_growth_year": null,
            "eps_4q": null,
            "eps_4q_growth_year": null,
            "roe": null,
            "roe_4q": 0,
            "gross_profit": null,
            "gross_margin": null,
            "gross_margin_4q_avg": 0,
            "net_income": null,
            "revenue": null,
            "common_shares": null,
            "book_valuer_per_share": null,
            "book_valuer_per_share_4q_avg": 2.62,
            "equity": null,
            "current_ratio": null,
            "debt_ratio": null,
            "inventory_turnover_ratio": null,
            "account_receivable_turnover_ratio": null,
            "reinvestment_rate": null,
            "research_to_sale_ratio": null,
            "price_fair": 0,
            "eps_avg_yearly": 0,
            "eps_latest_yearly": 0,
            "eps_growth_yearly": 0
        },
        "20063": {
            "year_quarter": 20063,
            "year": 2006,
            "quarter": 3,
            "eps": null,
            "eps_growth_year": null,
            "eps_4q": null,
            "eps_4q_growth_year": null,
            "roe": null,
            "roe_4q": 0,
            "gross_profit": null,
            "gross_margin": null,
            "gross_margin_4q_avg": 0,
            "net_income": null,
            "revenue": null,
            "common_shares": null,
            "book_valuer_per_share": null,
            "book_valuer_per_share_4q_avg": 2.62,
            "equity": null,
            "current_ratio": null,
            "debt_ratio": null,
            "inventory_turnover_ratio": null,
            "account_receivable_turnover_ratio": null,
            "reinvestment_rate": null,
            "research_to_sale_ratio": null,
            "price_fair": 0,
            "eps_avg_yearly": 0,
            "eps_latest_yearly": 0,
            "eps_growth_yearly": 0
        },
        "20064": {
            "year_quarter": 20064,
            "year": 2006,
            "quarter": 4,
            "eps": null,
            "eps_growth_year": null,
            "eps_4q": null,
            "eps_4q_growth_year": null,
            "roe": null,
            "roe_4q": 0,
            "gross_profit": null,
            "gross_margin": null,
            "gross_margin_4q_avg": 0,
            "net_income": null,
            "revenue": null,
            "common_shares": 500000,
            "book_valuer_per_share": 11.93,
            "book_valuer_per_share_4q_avg": 2.98,
            "equity": 596396,
            "current_ratio": 489.64,
            "debt_ratio": 15.44,
            "inventory_turnover_ratio": null,
            "account_receivable_turnover_ratio": null,
            "reinvestment_rate": null,
            "research_to_sale_ratio": null,
            "price_fair": 0,
            "eps_avg_yearly": 0,
            "eps_latest_yearly": 0,
            "eps_growth_yearly": 0
        },
        "20071": {
            "year_quarter": 20071,
            "year": 2007,
            "quarter": 1,
            "eps": null,
            "eps_growth_year": null,
            "eps_4q": null,
            "eps_4q_growth_year": null,
            "roe": null,
            "roe_4q": 0,
            "gross_profit": null,
            "gross_margin": null,
            "gross_margin_4q_avg": 0,
            "net_income": null,
            "revenue": null,
            "common_shares": null,
            "book_valuer_per_share": null,
            "book_valuer_per_share_4q_avg": 2.98,
            "equity": null,
            "current_ratio": null,
            "debt_ratio": null,
            "inventory_turnover_ratio": null,
            "account_receivable_turnover_ratio": null,
            "reinvestment_rate": null,
            "research_to_sale_ratio": null,
            "price_fair": 0,
            "eps_avg_yearly": 0,
            "eps_latest_yearly": 0,
            "eps_growth_yearly": 0
        },
        "20072": {
            "year_quarter": 20072,
            "year": 2007,
            "quarter": 2,
            "eps": null,
            "eps_growth_year": null,
            "eps_4q": null,
            "eps_4q_growth_year": null,
            "roe": null,
            "roe_4q": 0,
            "gross_profit": null,
            "gross_margin": null,
            "gross_margin_4q_avg": 0,
            "net_income": null,
            "revenue": null,
            "common_shares": null,
            "book_valuer_per_share": null,
            "book_valuer_per_share_4q_avg": 2.98,
            "equity": null,
            "current_ratio": null,
            "debt_ratio": null,
            "inventory_turnover_ratio": null,
            "account_receivable_turnover_ratio": null,
            "reinvestment_rate": null,
            "research_to_sale_ratio": null,
            "price_fair": 0,
            "eps_avg_yearly": 0,
            "eps_latest_yearly": 0,
            "eps_growth_yearly": 0
        },
        "20073": {
            "year_quarter": 20073,
            "year": 2007,
            "quarter": 3,
            "eps": null,
            "eps_growth_year": null,
            "eps_4q": null,
            "eps_4q_growth_year": null,
            "roe": null,
            "roe_4q": 0,
            "gross_profit": null,
            "gross_margin": null,
            "gross_margin_4q_avg": 0,
            "net_income": null,
            "revenue": null,
            "common_shares": null,
            "book_valuer_per_share": null,
            "book_valuer_per_share_4q_avg": 2.98,
            "equity": null,
            "current_ratio": null,
            "debt_ratio": null,
            "inventory_turnover_ratio": null,
            "account_receivable_turnover_ratio": null,
            "reinvestment_rate": null,
            "research_to_sale_ratio": null,
            "price_fair": 0,
            "eps_avg_yearly": 0,
            "eps_latest_yearly": 0,
            "eps_growth_yearly": 0
        },
        "20074": {
            "year_quarter": 20074,
            "year": 2007,
            "quarter": 4,
            "eps": null,
            "eps_growth_year": null,
            "eps_4q": null,
            "eps_4q_growth_year": null,
            "roe": null,
            "roe_4q": 0,
            "gross_profit": null,
            "gross_margin": null,
            "gross_margin_4q_avg": 0,
            "net_income": null,
            "revenue": null,
            "common_shares": 530000,
            "book_valuer_per_share": 12.79,
            "book_valuer_per_share_4q_avg": 3.2,
            "equity": 677665,
            "current_ratio": 316.41,
            "debt_ratio": 19.49,
            "inventory_turnover_ratio": null,
            "account_receivable_turnover_ratio": null,
            "reinvestment_rate": null,
            "research_to_sale_ratio": null,
            "price_fair": 0,
            "eps_avg_yearly": 0,
            "eps_latest_yearly": 0,
            "eps_growth_yearly": 0
        },
        "20081": {
            "year_quarter": 20081,
            "year": 2008,
            "quarter": 1,
            "eps": null,
            "eps_growth_year": null,
            "eps_4q": null,
            "eps_4q_growth_year": null,
            "roe": null,
            "roe_4q": 0,
            "gross_profit": null,
            "gross_margin": null,
            "gross_margin_4q_avg": 0,
            "net_income": null,
            "revenue": null,
            "common_shares": null,
            "book_valuer_per_share": null,
            "book_valuer_per_share_4q_avg": 3.2,
            "equity": null,
            "current_ratio": null,
            "debt_ratio": null,
            "inventory_turnover_ratio": null,
            "account_receivable_turnover_ratio": null,
            "reinvestment_rate": null,
            "research_to_sale_ratio": null,
            "price_fair": 0,
            "eps_avg_yearly": 0,
            "eps_latest_yearly": 0,
            "eps_growth_yearly": 0
        },
        "20082": {
            "year_quarter": 20082,
            "year": 2008,
            "quarter": 2,
            "eps": null,
            "eps_growth_year": null,
            "eps_4q": null,
            "eps_4q_growth_year": null,
            "roe": null,
            "roe_4q": 0,
            "gross_profit": null,
            "gross_margin": null,
            "gross_margin_4q_avg": 0,
            "net_income": null,
            "revenue": null,
            "common_shares": null,
            "book_valuer_per_share": null,
            "book_valuer_per_share_4q_avg": 3.2,
            "equity": null,
            "current_ratio": null,
            "debt_ratio": null,
            "inventory_turnover_ratio": null,
            "account_receivable_turnover_ratio": null,
            "reinvestment_rate": null,
            "research_to_sale_ratio": null,
            "price_fair": 0,
            "eps_avg_yearly": 0,
            "eps_latest_yearly": 0,
            "eps_growth_yearly": 0
        },
        "20083": {
            "year_quarter": 20083,
            "year": 2008,
            "quarter": 3,
            "eps": null,
            "eps_growth_year": null,
            "eps_4q": null,
            "eps_4q_growth_year": null,
            "roe": null,
            "roe_4q": 0,
            "gross_profit": null,
            "gross_margin": null,
            "gross_margin_4q_avg": 0,
            "net_income": null,
            "revenue": null,
            "common_shares": null,
            "book_valuer_per_share": null,
            "book_valuer_per_share_4q_avg": 3.2,
            "equity": null,
            "current_ratio": null,
            "debt_ratio": null,
            "inventory_turnover_ratio": null,
            "account_receivable_turnover_ratio": null,
            "reinvestment_rate": null,
            "research_to_sale_ratio": null,
            "price_fair": 0,
            "eps_avg_yearly": 0,
            "eps_latest_yearly": 0,
            "eps_growth_yearly": 0
        },
        "20084": {
            "year_quarter": 20084,
            "year": 2008,
            "quarter": 4,
            "eps": null,
            "eps_growth_year": null,
            "eps_4q": null,
            "eps_4q_growth_year": null,
            "roe": null,
            "roe_4q": 0,
            "gross_profit": null,
            "gross_margin": null,
            "gross_margin_4q_avg": 0,
            "net_income": null,
            "revenue": null,
            "common_shares": 545000,
            "book_valuer_per_share": 13.21,
            "book_valuer_per_share_4q_avg": 3.3,
            "equity": 720050,
            "current_ratio": 194.07,
            "debt_ratio": 34.55,
            "inventory_turnover_ratio": null,
            "account_receivable_turnover_ratio": null,
            "reinvestment_rate": null,
            "research_to_sale_ratio": null,
            "price_fair": 0,
            "eps_avg_yearly": 0,
            "eps_latest_yearly": 0,
            "eps_growth_yearly": 0
        },
        "20091": {
            "year_quarter": 20091,
            "year": 2009,
            "quarter": 1,
            "eps": null,
            "eps_growth_year": null,
            "eps_4q": null,
            "eps_4q_growth_year": null,
            "roe": null,
            "roe_4q": 0,
            "gross_profit": null,
            "gross_margin": null,
            "gross_margin_4q_avg": 0,
            "net_income": null,
            "revenue": null,
            "common_shares": null,
            "book_valuer_per_share": null,
            "book_valuer_per_share_4q_avg": 3.3,
            "equity": null,
            "current_ratio": null,
            "debt_ratio": null,
            "inventory_turnover_ratio": null,
            "account_receivable_turnover_ratio": null,
            "reinvestment_rate": null,
            "research_to_sale_ratio": null,
            "price_fair": 0,
            "eps_avg_yearly": 0,
            "eps_latest_yearly": 0,
            "eps_growth_yearly": 0
        },
        "20092": {
            "year_quarter": 20092,
            "year": 2009,
            "quarter": 2,
            "eps": null,
            "eps_growth_year": null,
            "eps_4q": null,
            "eps_4q_growth_year": null,
            "roe": null,
            "roe_4q": 0,
            "gross_profit": null,
            "gross_margin": null,
            "gross_margin_4q_avg": 0,
            "net_income": null,
            "revenue": null,
            "common_shares": 0,
            "book_valuer_per_share": null,
            "book_valuer_per_share_4q_avg": 3.3,
            "equity": 0,
            "current_ratio": null,
            "debt_ratio": null,
            "inventory_turnover_ratio": null,
            "account_receivable_turnover_ratio": null,
            "reinvestment_rate": null,
            "research_to_sale_ratio": null,
            "price_fair": 0,
            "eps_avg_yearly": 0,
            "eps_latest_yearly": 0,
            "eps_growth_yearly": 0
        },
        "20093": {
            "year_quarter": 20093,
            "year": 2009,
            "quarter": 3,
            "eps": null,
            "eps_growth_year": null,
            "eps_4q": null,
            "eps_4q_growth_year": null,
            "roe": null,
            "roe_4q": 0,
            "gross_profit": null,
            "gross_margin": null,
            "gross_margin_4q_avg": 0,
            "net_income": null,
            "revenue": null,
            "common_shares": null,
            "book_valuer_per_share": null,
            "book_valuer_per_share_4q_avg": 3.3,
            "equity": null,
            "current_ratio": null,
            "debt_ratio": null,
            "inventory_turnover_ratio": null,
            "account_receivable_turnover_ratio": null,
            "reinvestment_rate": null,
            "research_to_sale_ratio": null,
            "price_fair": 0,
            "eps_avg_yearly": 0,
            "eps_latest_yearly": 0,
            "eps_growth_yearly": 0
        },
        "20094": {
            "year_quarter": 20094,
            "year": 2009,
            "quarter": 4,
            "eps": null,
            "eps_growth_year": null,
            "eps_4q": null,
            "eps_4q_growth_year": null,
            "roe": null,
            "roe_4q": 0,
            "gross_profit": null,
            "gross_margin": null,
            "gross_margin_4q_avg": 0,
            "net_income": null,
            "revenue": null,
            "common_shares": 545000,
            "book_valuer_per_share": 13.59,
            "book_valuer_per_share_4q_avg": 3.4,
            "equity": 740421,
            "current_ratio": 216.82,
            "debt_ratio": 34.48,
            "inventory_turnover_ratio": null,
            "account_receivable_turnover_ratio": null,
            "reinvestment_rate": null,
            "research_to_sale_ratio": null,
            "price_fair": 0,
            "eps_avg_yearly": 0,
            "eps_latest_yearly": 0,
            "eps_growth_yearly": 0
        },
        "20101": {
            "year_quarter": 20101,
            "year": 2010,
            "quarter": 1,
            "eps": null,
            "eps_growth_year": null,
            "eps_4q": null,
            "eps_4q_growth_year": null,
            "roe": null,
            "roe_4q": 0,
            "gross_profit": 19773,
            "gross_margin": null,
            "gross_margin_4q_avg": 0,
            "net_income": 25634,
            "revenue": 150329,
            "common_shares": 545000,
            "book_valuer_per_share": 13.98,
            "book_valuer_per_share_4q_avg": 6.89,
            "equity": 762052,
            "current_ratio": 149.53,
            "debt_ratio": 25.37,
            "inventory_turnover_ratio": null,
            "account_receivable_turnover_ratio": null,
            "reinvestment_rate": null,
            "research_to_sale_ratio": null,
            "price_fair": 0,
            "eps_avg_yearly": 0,
            "eps_latest_yearly": 0,
            "eps_growth_yearly": 0
        },
        "20102": {
            "year_quarter": 20102,
            "year": 2010,
            "quarter": 2,
            "eps": 0.69,
            "eps_growth_year": null,
            "eps_4q": null,
            "eps_4q_growth_year": null,
            "roe": 5.11,
            "roe_4q": 5.11,
            "gross_profit": 152566,
            "gross_margin": 31.67,
            "gross_margin_4q_avg": 7.92,
            "net_income": 40275,
            "revenue": 481745,
            "common_shares": 545000,
            "book_valuer_per_share": 14.96,
            "book_valuer_per_share_4q_avg": 10.63,
            "equity": 815297,
            "current_ratio": 169.64,
            "debt_ratio": 47.72,
            "inventory_turnover_ratio": 2.04,
            "account_receivable_turnover_ratio": 1.02,
            "reinvestment_rate": null,
            "research_to_sale_ratio": null,
            "price_fair": 0,
            "eps_avg_yearly": 0,
            "eps_latest_yearly": 0,
            "eps_growth_yearly": 0
        },
        "20103": {
            "year_quarter": 20103,
            "year": 2010,
            "quarter": 3,
            "eps": null,
            "eps_growth_year": null,
            "eps_4q": null,
            "eps_4q_growth_year": null,
            "roe": null,
            "roe_4q": 5.11,
            "gross_profit": 93149,
            "gross_margin": null,
            "gross_margin_4q_avg": 7.92,
            "net_income": 29342,
            "revenue": 366780,
            "common_shares": 580790,
            "book_valuer_per_share": 14.36,
            "book_valuer_per_share_4q_avg": 14.22,
            "equity": 833737,
            "current_ratio": 180.54,
            "debt_ratio": 45.81,
            "inventory_turnover_ratio": null,
            "account_receivable_turnover_ratio": null,
            "reinvestment_rate": null,
            "research_to_sale_ratio": null,
            "price_fair": 0,
            "eps_avg_yearly": 0,
            "eps_latest_yearly": 0,
            "eps_growth_yearly": 0
        },
        "20104": {
            "year_quarter": 20104,
            "year": 2010,
            "quarter": 4,
            "eps": null,
            "eps_growth_year": null,
            "eps_4q": null,
            "eps_4q_growth_year": null,
            "roe": null,
            "roe_4q": 5.11,
            "gross_profit": 65082,
            "gross_margin": null,
            "gross_margin_4q_avg": 7.92,
            "net_income": 1805,
            "revenue": 335509,
            "common_shares": 580790,
            "book_valuer_per_share": 13.63,
            "book_valuer_per_share_4q_avg": 14.23,
            "equity": 791852,
            "current_ratio": 186.61,
            "debt_ratio": 44.63,
            "inventory_turnover_ratio": null,
            "account_receivable_turnover_ratio": null,
            "reinvestment_rate": null,
            "research_to_sale_ratio": null,
            "price_fair": 0,
            "eps_avg_yearly": 0,
            "eps_latest_yearly": 0,
            "eps_growth_yearly": 0
        },
        "20111": {
            "year_quarter": 20111,
            "year": 2011,
            "quarter": 1,
            "eps": 0.7,
            "eps_growth_year": null,
            "eps_4q": 1.39,
            "eps_4q_growth_year": null,
            "roe": 4.94,
            "roe_4q": 10.05,
            "gross_profit": 101399,
            "gross_margin": 26.98,
            "gross_margin_4q_avg": 14.66,
            "net_income": 40397,
            "revenue": 375819,
            "common_shares": 580790,
            "book_valuer_per_share": 14.55,
            "book_valuer_per_share_4q_avg": 14.38,
            "equity": 844820,
            "current_ratio": 167.77,
            "debt_ratio": 50.67,
            "inventory_turnover_ratio": 1.04,
            "account_receivable_turnover_ratio": 0.4,
            "reinvestment_rate": null,
            "research_to_sale_ratio": 1.06,
            "price_fair": 0,
            "eps_avg_yearly": 0,
            "eps_latest_yearly": 0,
            "eps_growth_yearly": 0
        },
        "20112": {
            "year_quarter": 20112,
            "year": 2011,
            "quarter": 2,
            "eps": 0.48,
            "eps_growth_year": -31,
            "eps_4q": 1.1,
            "eps_4q_growth_year": null,
            "roe": 3.64,
            "roe_4q": 8.58,
            "gross_profit": 99230,
            "gross_margin": 26.7,
            "gross_margin_4q_avg": 13.42,
            "net_income": 31210,
            "revenue": 371636,
            "common_shares": 580790,
            "book_valuer_per_share": 14.99,
            "book_valuer_per_share_4q_avg": 14.38,
            "equity": 870477,
            "current_ratio": 162.53,
            "debt_ratio": 53.16,
            "inventory_turnover_ratio": 0.71,
            "account_receivable_turnover_ratio": 0.33,
            "reinvestment_rate": null,
            "research_to_sale_ratio": 5.53,
            "price_fair": 5.76,
            "eps_avg_yearly": 1.92,
            "eps_latest_yearly": 1.92,
            "eps_growth_yearly": -125.71
        },
        "20113": {
            "year_quarter": 20113,
            "year": 2011,
            "quarter": 3,
            "eps": 0.74,
            "eps_growth_year": null,
            "eps_4q": 1.74,
            "eps_4q_growth_year": null,
            "roe": 5.42,
            "roe_4q": 14,
            "gross_profit": 117552,
            "gross_margin": 23.07,
            "gross_margin_4q_avg": 19.19,
            "net_income": 53277,
            "revenue": 509500,
            "common_shares": 719259,
            "book_valuer_per_share": 15.23,
            "book_valuer_per_share_4q_avg": 14.6,
            "equity": 1095370,
            "current_ratio": 188.51,
            "debt_ratio": 50.31,
            "inventory_turnover_ratio": 0.88,
            "account_receivable_turnover_ratio": 0.41,
            "reinvestment_rate": null,
            "research_to_sale_ratio": 3.51,
            "price_fair": 85.4,
            "eps_avg_yearly": 2.44,
            "eps_latest_yearly": 2.96,
            "eps_growth_yearly": 45.48
        },
        "20114": {
            "year_quarter": 20114,
            "year": 2011,
            "quarter": 4,
            "eps": 0.43,
            "eps_growth_year": null,
            "eps_4q": 2.16,
            "eps_4q_growth_year": null,
            "roe": 2.77,
            "roe_4q": 16.77,
            "gross_profit": 105984,
            "gross_margin": 22.81,
            "gross_margin_4q_avg": 24.89,
            "net_income": 30833,
            "revenue": 464687,
            "common_shares": 719259,
            "book_valuer_per_share": 15.76,
            "book_valuer_per_share_4q_avg": 15.13,
            "equity": 1133303,
            "current_ratio": 201.43,
            "debt_ratio": 47.07,
            "inventory_turnover_ratio": 0.93,
            "account_receivable_turnover_ratio": 0.37,
            "reinvestment_rate": null,
            "research_to_sale_ratio": 4.21,
            "price_fair": 6.6,
            "eps_avg_yearly": 2.2,
            "eps_latest_yearly": 1.72,
            "eps_growth_yearly": -25.54
        },
        "20121": {
            "year_quarter": 20121,
            "year": 2012,
            "quarter": 1,
            "eps": 0.11,
            "eps_growth_year": -84.29,
            "eps_4q": 1.71,
            "eps_4q_growth_year": 23.4,
            "roe": 0.71,
            "roe_4q": 12.540000000000001,
            "gross_profit": 92483,
            "gross_margin": 24.02,
            "gross_margin_4q_avg": 24.15,
            "net_income": 7962,
            "revenue": 385032,
            "common_shares": 719259,
            "book_valuer_per_share": 15.58,
            "book_valuer_per_share_4q_avg": 15.39,
            "equity": 1120853,
            "current_ratio": 192.56,
            "debt_ratio": 48.48,
            "inventory_turnover_ratio": 0.83,
            "account_receivable_turnover_ratio": 0.32,
            "reinvestment_rate": null,
            "research_to_sale_ratio": 5.63,
            "price_fair": 5.28,
            "eps_avg_yearly": 1.76,
            "eps_latest_yearly": 0.44,
            "eps_growth_yearly": -93.57
        },
        "20122": {
            "year_quarter": 20122,
            "year": 2012,
            "quarter": 2,
            "eps": 0.26,
            "eps_growth_year": -46.06,
            "eps_4q": 1.35,
            "eps_4q_growth_year": 23.34,
            "roe": 1.92,
            "roe_4q": 10.82,
            "gross_profit": 111022,
            "gross_margin": 27.02,
            "gross_margin_4q_avg": 24.23,
            "net_income": 21684,
            "revenue": 410892,
            "common_shares": 840095,
            "book_valuer_per_share": 13.55,
            "book_valuer_per_share_4q_avg": 15.03,
            "equity": 1138418,
            "current_ratio": 209.38,
            "debt_ratio": 53.64,
            "inventory_turnover_ratio": 0.72,
            "account_receivable_turnover_ratio": 0.31,
            "reinvestment_rate": null,
            "research_to_sale_ratio": 6.33,
            "price_fair": 56.56,
            "eps_avg_yearly": 1.62,
            "eps_latest_yearly": 1.04,
            "eps_growth_yearly": 34.23
        },
        "20123": {
            "year_quarter": 20123,
            "year": 2012,
            "quarter": 3,
            "eps": 0.06,
            "eps_growth_year": -91.79,
            "eps_4q": 0.78,
            "eps_4q_growth_year": -55.05,
            "roe": 0.45,
            "roe_4q": 5.85,
            "gross_profit": 122492,
            "gross_margin": 24.7,
            "gross_margin_4q_avg": 24.64,
            "net_income": 5108,
            "revenue": 495916,
            "common_shares": 840095,
            "book_valuer_per_share": 13.53,
            "book_valuer_per_share_4q_avg": 14.61,
            "equity": 1136691,
            "current_ratio": 200.91,
            "debt_ratio": 55.7,
            "inventory_turnover_ratio": 0.84,
            "account_receivable_turnover_ratio": 0.34,
            "reinvestment_rate": null,
            "research_to_sale_ratio": 6.35,
            "price_fair": 4.16,
            "eps_avg_yearly": 1.39,
            "eps_latest_yearly": 0.24,
            "eps_growth_yearly": -22.75
        },
        "20124": {
            "year_quarter": 20124,
            "year": 2012,
            "quarter": 4,
            "eps": 0.17,
            "eps_growth_year": -59.2,
            "eps_4q": 0.59,
            "eps_4q_growth_year": -72.81,
            "roe": 1.28,
            "roe_4q": 4.359999999999999,
            "gross_profit": 109711,
            "gross_margin": 24.95,
            "gross_margin_4q_avg": 25.17,
            "net_income": 14696,
            "revenue": 439768,
            "common_shares": 840204,
            "book_valuer_per_share": 13.71,
            "book_valuer_per_share_4q_avg": 14.09,
            "equity": 1152221,
            "current_ratio": 197.31,
            "debt_ratio": 55.34,
            "inventory_turnover_ratio": 0.79,
            "account_receivable_turnover_ratio": 0.28,
            "reinvestment_rate": null,
            "research_to_sale_ratio": 8.5,
            "price_fair": 45,
            "eps_avg_yearly": 1.29,
            "eps_latest_yearly": 0.68,
            "eps_growth_yearly": 85.26
        },
        "20131": {
            "year_quarter": 20131,
            "year": 2013,
            "quarter": 1,
            "eps": 0.2,
            "eps_growth_year": 81.82,
            "eps_4q": 0.69,
            "eps_4q_growth_year": -59.8,
            "roe": 1.4,
            "roe_4q": 5.05,
            "gross_profit": 85938,
            "gross_margin": 22.07,
            "gross_margin_4q_avg": 24.69,
            "net_income": 16410,
            "revenue": 389301,
            "common_shares": 840204,
            "book_valuer_per_share": 14.25,
            "book_valuer_per_share_4q_avg": 13.76,
            "equity": 1197250,
            "current_ratio": 199.48,
            "debt_ratio": 53.47,
            "inventory_turnover_ratio": 0.75,
            "account_receivable_turnover_ratio": 0.3,
            "reinvestment_rate": null,
            "research_to_sale_ratio": 6.92,
            "price_fair": 42.88,
            "eps_avg_yearly": 1.23,
            "eps_latest_yearly": 0.8,
            "eps_growth_yearly": 83.42
        },
        "20132": {
            "year_quarter": 20132,
            "year": 2013,
            "quarter": 2,
            "eps": 0.43,
            "eps_growth_year": 66.59,
            "eps_4q": 0.83,
            "eps_4q_growth_year": -38.36,
            "roe": 2.99,
            "roe_4q": 6.120000000000001,
            "gross_profit": 108936,
            "gross_margin": 23.69,
            "gross_margin_4q_avg": 23.85,
            "net_income": 36366,
            "revenue": 459779,
            "common_shares": 840204,
            "book_valuer_per_share": 14.74,
            "book_valuer_per_share_4q_avg": 14.06,
            "equity": 1238050,
            "current_ratio": 158.47,
            "debt_ratio": 51.31,
            "inventory_turnover_ratio": 0.85,
            "account_receivable_turnover_ratio": 0.44,
            "reinvestment_rate": null,
            "research_to_sale_ratio": 5.46,
            "price_fair": 44.8,
            "eps_avg_yearly": 1.28,
            "eps_latest_yearly": 1.72,
            "eps_growth_yearly": 125.27
        },
        "20133": {
            "year_quarter": 20133,
            "year": 2013,
            "quarter": 3,
            "eps": 0.21,
            "eps_growth_year": 245.46,
            "eps_4q": 0.98,
            "eps_4q_growth_year": 25.84,
            "roe": 1.44,
            "roe_4q": 7.11,
            "gross_profit": 110135,
            "gross_margin": 22.55,
            "gross_margin_4q_avg": 23.32,
            "net_income": 17943,
            "revenue": 488321,
            "common_shares": 869611,
            "book_valuer_per_share": 14.33,
            "book_valuer_per_share_4q_avg": 14.26,
            "equity": 1245832,
            "current_ratio": 154.5,
            "debt_ratio": 51.87,
            "inventory_turnover_ratio": 0.98,
            "account_receivable_turnover_ratio": 0.44,
            "reinvestment_rate": null,
            "research_to_sale_ratio": 4.43,
            "price_fair": 43.26,
            "eps_avg_yearly": 1.24,
            "eps_latest_yearly": 0.84,
            "eps_growth_yearly": 92.27
        },
        "20134": {
            "year_quarter": 20134,
            "year": 2013,
            "quarter": 4,
            "eps": 0.26,
            "eps_growth_year": 50.67,
            "eps_4q": 1.08,
            "eps_4q_growth_year": 82.95,
            "roe": 1.81,
            "roe_4q": 7.640000000000001,
            "gross_profit": 92093,
            "gross_margin": 20.34,
            "gross_margin_4q_avg": 22.16,
            "net_income": 22918,
            "revenue": 452849,
            "common_shares": 869611,
            "book_valuer_per_share": 14.81,
            "book_valuer_per_share_4q_avg": 14.53,
            "equity": 1288310,
            "current_ratio": 160.5,
            "debt_ratio": 50.53,
            "inventory_turnover_ratio": 1.12,
            "account_receivable_turnover_ratio": 0.39,
            "reinvestment_rate": 55.33,
            "research_to_sale_ratio": 4.5,
            "price_fair": 42.64,
            "eps_avg_yearly": 1.22,
            "eps_latest_yearly": 1.04,
            "eps_growth_yearly": 92.54
        },
        "20141": {
            "year_quarter": 20141,
            "year": 2014,
            "quarter": 1,
            "eps": 0.11,
            "eps_growth_year": -45,
            "eps_4q": 1,
            "eps_4q_growth_year": 44.61,
            "roe": 0.73,
            "roe_4q": 6.970000000000001,
            "gross_profit": 86879,
            "gross_margin": 21.59,
            "gross_margin_4q_avg": 22.04,
            "net_income": 9431,
            "revenue": 402396,
            "common_shares": 869611,
            "book_valuer_per_share": 14.91,
            "book_valuer_per_share_4q_avg": 14.7,
            "equity": 1296423,
            "current_ratio": 149.23,
            "debt_ratio": 55.18,
            "inventory_turnover_ratio": 1.08,
            "account_receivable_turnover_ratio": 0.33,
            "reinvestment_rate": 130.07,
            "research_to_sale_ratio": 5.47,
            "price_fair": 40.37,
            "eps_avg_yearly": 1.15,
            "eps_latest_yearly": 0.44,
            "eps_growth_yearly": 65.6
        },
        "20142": {
            "year_quarter": 20142,
            "year": 2014,
            "quarter": 2,
            "eps": 0.28,
            "eps_growth_year": -34.88,
            "eps_4q": 0.84,
            "eps_4q_growth_year": 0.62,
            "roe": 1.98,
            "roe_4q": 5.959999999999999,
            "gross_profit": 118499,
            "gross_margin": 23.64,
            "gross_margin_4q_avg": 22.03,
            "net_income": 25415,
            "revenue": 501263,
            "common_shares": 869611,
            "book_valuer_per_share": 14.5,
            "book_valuer_per_share_4q_avg": 14.64,
            "equity": 1265733,
            "current_ratio": 187.39,
            "debt_ratio": 54.11,
            "inventory_turnover_ratio": 1.23,
            "account_receivable_turnover_ratio": 0.4,
            "reinvestment_rate": -120.05,
            "research_to_sale_ratio": 4.48,
            "price_fair": 40.28,
            "eps_avg_yearly": 1.15,
            "eps_latest_yearly": 1.12,
            "eps_growth_yearly": 108.11
        },
        "20143": {
            "year_quarter": 20143,
            "year": 2014,
            "quarter": 3,
            "eps": 0.39,
            "eps_growth_year": 85.71,
            "eps_4q": 0.89,
            "eps_4q_growth_year": -9.37,
            "roe": 2.55,
            "roe_4q": 7.07,
            "gross_profit": 117600,
            "gross_margin": 21.44,
            "gross_margin_4q_avg": 21.75,
            "net_income": 34766,
            "revenue": 548384,
            "common_shares": 900568,
            "book_valuer_per_share": 15,
            "book_valuer_per_share_4q_avg": 14.81,
            "equity": 1459705,
            "current_ratio": 186.33,
            "debt_ratio": 50.96,
            "inventory_turnover_ratio": 1.34,
            "account_receivable_turnover_ratio": 0.42,
            "reinvestment_rate": 66.6,
            "research_to_sale_ratio": 4.18,
            "price_fair": 41.3,
            "eps_avg_yearly": 1.18,
            "eps_latest_yearly": 1.56,
            "eps_growth_yearly": 111.61
        },
        "20144": {
            "year_quarter": 20144,
            "year": 2014,
            "quarter": 4,
            "eps": 0.12,
            "eps_growth_year": -53.46,
            "eps_4q": 0.83,
            "eps_4q_growth_year": -23.15,
            "roe": 0.81,
            "roe_4q": 6.07,
            "gross_profit": 70009,
            "gross_margin": 14.37,
            "gross_margin_4q_avg": 20.26,
            "net_income": 12114,
            "revenue": 487299,
            "common_shares": 973219,
            "book_valuer_per_share": 15.62,
            "book_valuer_per_share_4q_avg": 15.01,
            "equity": 1531956,
            "current_ratio": 191.53,
            "debt_ratio": 48.4,
            "inventory_turnover_ratio": 1.07,
            "account_receivable_turnover_ratio": 0.36,
            "reinvestment_rate": -119.21,
            "research_to_sale_ratio": 5.22,
            "price_fair": 39.67,
            "eps_avg_yearly": 1.13,
            "eps_latest_yearly": 0.48,
            "eps_growth_yearly": 85.71
        },
        "20151": {
            "year_quarter": 20151,
            "year": 2015,
            "quarter": 1,
            "eps": -0.61,
            "eps_growth_year": -654.55,
            "eps_4q": 0.13,
            "eps_4q_growth_year": -87.32,
            "roe": -4,
            "roe_4q": 1.3399999999999999,
            "gross_profit": 50665,
            "gross_margin": 14.14,
            "gross_margin_4q_avg": 18.4,
            "net_income": -59877,
            "revenue": 358385,
            "common_shares": 980751,
            "book_valuer_per_share": 14.87,
            "book_valuer_per_share_4q_avg": 15,
            "equity": 1460504,
            "current_ratio": 178.79,
            "debt_ratio": 50.23,
            "inventory_turnover_ratio": 0.67,
            "account_receivable_turnover_ratio": 0.27,
            "reinvestment_rate": -180.18,
            "research_to_sale_ratio": 6.23,
            "price_fair": 39.67,
            "eps_avg_yearly": 1.13,
            "eps_latest_yearly": 0.48,
            "eps_growth_yearly": 85.71
        },
        "20152": {
            "year_quarter": 20152,
            "year": 2015,
            "quarter": 2,
            "eps": -0.49,
            "eps_growth_year": -275,
            "eps_4q": -0.62,
            "eps_4q_growth_year": -173.55,
            "roe": -3.41,
            "roe_4q": -4.05,
            "gross_profit": 55986,
            "gross_margin": 14.76,
            "gross_margin_4q_avg": 16.18,
            "net_income": -47660,
            "revenue": 379297,
            "common_shares": 982009,
            "book_valuer_per_share": 13.6,
            "book_valuer_per_share_4q_avg": 14.77,
            "equity": 1335445,
            "current_ratio": 160.51,
            "debt_ratio": 48.1,
            "inventory_turnover_ratio": 0.77,
            "account_receivable_turnover_ratio": 0.31,
            "reinvestment_rate": -277.66,
            "research_to_sale_ratio": 6.88,
            "price_fair": 37.7,
            "eps_avg_yearly": 1.08,
            "eps_latest_yearly": 0.48,
            "eps_growth_yearly": 100.81
        },
        "20153": {
            "year_quarter": 20153,
            "year": 2015,
            "quarter": 3,
            "eps": -0.31,
            "eps_growth_year": -179.49,
            "eps_4q": -1.29,
            "eps_4q_growth_year": -244.46,
            "roe": -2.32,
            "roe_4q": -8.92,
            "gross_profit": 74111,
            "gross_margin": 16.91,
            "gross_margin_4q_avg": 15.05,
            "net_income": -30859,
            "revenue": 438210,
            "common_shares": 982009,
            "book_valuer_per_share": 13.54,
            "book_valuer_per_share_4q_avg": 14.41,
            "equity": 1329180,
            "current_ratio": 160.49,
            "debt_ratio": 47.36,
            "inventory_turnover_ratio": 1.16,
            "account_receivable_turnover_ratio": 0.36,
            "reinvestment_rate": -569.66,
            "research_to_sale_ratio": 5.92,
            "price_fair": 32.63,
            "eps_avg_yearly": 0.93,
            "eps_latest_yearly": 0.48,
            "eps_growth_yearly": 91.9
        },
        "20154": {
            "year_quarter": 20154,
            "year": 2015,
            "quarter": 4,
            "eps": -0.44,
            "eps_growth_year": -456.6,
            "eps_4q": -1.85,
            "eps_4q_growth_year": -323.16,
            "roe": -3.3,
            "roe_4q": -13.03,
            "gross_profit": 66526,
            "gross_margin": 17.51,
            "gross_margin_4q_avg": 15.83,
            "net_income": -42955,
            "revenue": 379913,
            "common_shares": 982009,
            "book_valuer_per_share": 12.94,
            "book_valuer_per_share_4q_avg": 13.74,
            "equity": 1270827,
            "current_ratio": 153.77,
            "debt_ratio": 47.4,
            "inventory_turnover_ratio": 1.24,
            "account_receivable_turnover_ratio": 0.32,
            "reinvestment_rate": -1685.18,
            "research_to_sale_ratio": 6.09,
            "price_fair": 30.33,
            "eps_avg_yearly": 0.87,
            "eps_latest_yearly": 0.48,
            "eps_growth_yearly": 113.52
        },
        "20161": {
            "year_quarter": 20161,
            "year": 2016,
            "quarter": 1,
            "eps": -0.33,
            "eps_growth_year": null,
            "eps_4q": -1.57,
            "eps_4q_growth_year": -1340.83,
            "roe": -2.6,
            "roe_4q": -11.63,
            "gross_profit": 59240,
            "gross_margin": 21.62,
            "gross_margin_4q_avg": 17.7,
            "net_income": -32490,
            "revenue": 273981,
            "common_shares": 982009,
            "book_valuer_per_share": 12.49,
            "book_valuer_per_share_4q_avg": 13.14,
            "equity": 1226946,
            "current_ratio": 158.96,
            "debt_ratio": 43.64,
            "inventory_turnover_ratio": 0.94,
            "account_receivable_turnover_ratio": 0.27,
            "reinvestment_rate": -28520.83,
            "research_to_sale_ratio": 5.88,
            "price_fair": 31.69,
            "eps_avg_yearly": 0.91,
            "eps_latest_yearly": 0.48,
            "eps_growth_yearly": 150.9
        },
        "20162": {
            "year_quarter": 20162,
            "year": 2016,
            "quarter": 2,
            "eps": -0.28,
            "eps_growth_year": null,
            "eps_4q": -1.36,
            "eps_4q_growth_year": null,
            "roe": -2.29,
            "roe_4q": -10.510000000000002,
            "gross_profit": 52096,
            "gross_margin": 16.61,
            "gross_margin_4q_avg": 18.16,
            "net_income": -27609,
            "revenue": 313592,
            "common_shares": 982009,
            "book_valuer_per_share": 12.06,
            "book_valuer_per_share_4q_avg": 12.76,
            "equity": 1184404,
            "current_ratio": 197.38,
            "debt_ratio": 38.41,
            "inventory_turnover_ratio": 1.18,
            "account_receivable_turnover_ratio": 0.37,
            "reinvestment_rate": null,
            "research_to_sale_ratio": 4.46,
            "price_fair": 31.22,
            "eps_avg_yearly": 0.89,
            "eps_latest_yearly": 0.48,
            "eps_growth_yearly": 111.44
        },
        "20163": {
            "year_quarter": 20163,
            "year": 2016,
            "quarter": 3,
            "eps": 0.2,
            "eps_growth_year": null,
            "eps_4q": -0.85,
            "eps_4q_growth_year": null,
            "roe": 1.66,
            "roe_4q": -6.53,
            "gross_profit": 86503,
            "gross_margin": 20.81,
            "gross_margin_4q_avg": 19.14,
            "net_income": 19608,
            "revenue": 415764,
            "common_shares": 982009,
            "book_valuer_per_share": 11.98,
            "book_valuer_per_share_4q_avg": 12.37,
            "equity": 1176751,
            "current_ratio": 190.26,
            "debt_ratio": 41.1,
            "inventory_turnover_ratio": 1.33,
            "account_receivable_turnover_ratio": 0.49,
            "reinvestment_rate": null,
            "research_to_sale_ratio": 3.61,
            "price_fair": 33.76,
            "eps_avg_yearly": 0.96,
            "eps_latest_yearly": 0.48,
            "eps_growth_yearly": 158.02
        },
        "20164": {
            "year_quarter": 20164,
            "year": 2016,
            "quarter": 4,
            "eps": 0.54,
            "eps_growth_year": null,
            "eps_4q": 0.13,
            "eps_4q_growth_year": null,
            "roe": 4.44,
            "roe_4q": 1.2100000000000004,
            "gross_profit": 72564,
            "gross_margin": 16.93,
            "gross_margin_4q_avg": 18.99,
            "net_income": 53262,
            "revenue": 428552,
            "common_shares": 982009,
            "book_valuer_per_share": 12.47,
            "book_valuer_per_share_4q_avg": 12.25,
            "equity": 1224229,
            "current_ratio": 211.84,
            "debt_ratio": 37.73,
            "inventory_turnover_ratio": 1.35,
            "account_receivable_turnover_ratio": 0.45,
            "reinvestment_rate": -16277.75,
            "research_to_sale_ratio": 4.49,
            "price_fair": 39.51,
            "eps_avg_yearly": 1.13,
            "eps_latest_yearly": 2.16,
            "eps_growth_yearly": 152.09
        },
        "20171": {
            "year_quarter": 20171,
            "year": 2017,
            "quarter": 1,
            "eps": 0.18,
            "eps_growth_year": null,
            "eps_4q": 0.64,
            "eps_4q_growth_year": null,
            "roe": 1.45,
            "roe_4q": 5.260000000000001,
            "gross_profit": 77617,
            "gross_margin": 24.63,
            "gross_margin_4q_avg": 19.75,
            "net_income": 17618,
            "revenue": 315133,
            "common_shares": 982009,
            "book_valuer_per_share": 12.2,
            "book_valuer_per_share_4q_avg": 12.18,
            "equity": 1197604,
            "current_ratio": 202.64,
            "debt_ratio": 40.64,
            "inventory_turnover_ratio": 0.78,
            "account_receivable_turnover_ratio": 0.33,
            "reinvestment_rate": -924.01,
            "research_to_sale_ratio": 3.62,
            "price_fair": 39.2,
            "eps_avg_yearly": 1.12,
            "eps_latest_yearly": 0.72,
            "eps_growth_yearly": 114.62
        },
        "20172": {
            "year_quarter": 20172,
            "year": 2017,
            "quarter": 2,
            "eps": 0.29,
            "eps_growth_year": null,
            "eps_4q": 1.21,
            "eps_4q_growth_year": null,
            "roe": 2.35,
            "roe_4q": 9.9,
            "gross_profit": 65841,
            "gross_margin": 18.35,
            "gross_margin_4q_avg": 20.18,
            "net_income": 28723,
            "revenue": 358861,
            "common_shares": 982009,
            "book_valuer_per_share": 12.66,
            "book_valuer_per_share_4q_avg": 12.33,
            "equity": 1243085,
            "current_ratio": 211.35,
            "debt_ratio": 39.33,
            "inventory_turnover_ratio": 0.91,
            "account_receivable_turnover_ratio": 0.38,
            "reinvestment_rate": -21555.17,
            "research_to_sale_ratio": 3.52,
            "price_fair": 37.02,
            "eps_avg_yearly": 1.06,
            "eps_latest_yearly": 1.16,
            "eps_growth_yearly": 90.67
        },
        "20173": {
            "year_quarter": 20173,
            "year": 2017,
            "quarter": 3,
            "eps": 0.46,
            "eps_growth_year": 130,
            "eps_4q": 1.48,
            "eps_4q_growth_year": null,
            "roe": 3.57,
            "roe_4q": 11.81,
            "gross_profit": 102465,
            "gross_margin": 20.96,
            "gross_margin_4q_avg": 20.22,
            "net_income": 45382,
            "revenue": 488786,
            "common_shares": 982009,
            "book_valuer_per_share": 13.23,
            "book_valuer_per_share_4q_avg": 12.64,
            "equity": 1299686,
            "current_ratio": 204.82,
            "debt_ratio": 41.79,
            "inventory_turnover_ratio": 1.27,
            "account_receivable_turnover_ratio": 0.48,
            "reinvestment_rate": -317.12,
            "research_to_sale_ratio": 3.15,
            "price_fair": 40.91,
            "eps_avg_yearly": 1.17,
            "eps_latest_yearly": 1.84,
            "eps_growth_yearly": 139.46
        },
        "20174": {
            "year_quarter": 20174,
            "year": 2017,
            "quarter": 4,
            "eps": 0.27,
            "eps_growth_year": -49.3,
            "eps_4q": 1.21,
            "eps_4q_growth_year": 829.66,
            "roe": 2.06,
            "roe_4q": 9.43,
            "gross_profit": 108161,
            "gross_margin": 24.57,
            "gross_margin_4q_avg": 22.13,
            "net_income": 27004,
            "revenue": 440161,
            "common_shares": 982009,
            "book_valuer_per_share": 13.49,
            "book_valuer_per_share_4q_avg": 12.9,
            "equity": 1324392,
            "current_ratio": 222.21,
            "debt_ratio": 38.43,
            "inventory_turnover_ratio": 1.2,
            "account_receivable_turnover_ratio": 0.44,
            "reinvestment_rate": -251,
            "research_to_sale_ratio": 6.61,
            "price_fair": 41.07,
            "eps_avg_yearly": 1.17,
            "eps_latest_yearly": 1.08,
            "eps_growth_yearly": 110.52
        },
        "20181": {
            "year_quarter": 20181,
            "year": 2018,
            "quarter": 1,
            "eps": 0.22,
            "eps_growth_year": 22.22,
            "eps_4q": 1.25,
            "eps_4q_growth_year": 95.31,
            "roe": 1.52,
            "roe_4q": 9.5,
            "gross_profit": 84743,
            "gross_margin": 22.14,
            "gross_margin_4q_avg": 21.51,
            "net_income": 21702,
            "revenue": 382695,
            "common_shares": 982009,
            "book_valuer_per_share": 15.54,
            "book_valuer_per_share_4q_avg": 13.73,
            "equity": 1525790,
            "current_ratio": 236.38,
            "debt_ratio": 39.18,
            "inventory_turnover_ratio": 1.17,
            "account_receivable_turnover_ratio": 0.41,
            "reinvestment_rate": -298.89,
            "research_to_sale_ratio": 3.85,
            "price_fair": 42.78,
            "eps_avg_yearly": 1.22,
            "eps_latest_yearly": 0.88,
            "eps_growth_yearly": 127.93
        },
        "20182": {
            "year_quarter": 20182,
            "year": 2018,
            "quarter": 2,
            "eps": 0.3,
            "eps_growth_year": 3.45,
            "eps_4q": 1.25,
            "eps_4q_growth_year": 3.17,
            "roe": 1.91,
            "roe_4q": 9.06,
            "gross_profit": 121680,
            "gross_margin": 23.8,
            "gross_margin_4q_avg": 22.87,
            "net_income": 28904,
            "revenue": 511349,
            "common_shares": 982009,
            "book_valuer_per_share": 15.31,
            "book_valuer_per_share_4q_avg": 14.39,
            "equity": 1503118,
            "current_ratio": 210.8,
            "debt_ratio": 42.6,
            "inventory_turnover_ratio": 1.31,
            "account_receivable_turnover_ratio": 0.51,
            "reinvestment_rate": -317.75,
            "research_to_sale_ratio": 3.45,
            "price_fair": 43.09,
            "eps_avg_yearly": 1.23,
            "eps_latest_yearly": 1.2,
            "eps_growth_yearly": 75.4
        },
        "20183": {
            "year_quarter": 20183,
            "year": 2018,
            "quarter": 3,
            "eps": 0.49,
            "eps_growth_year": 6.52,
            "eps_4q": 1.29,
            "eps_4q_growth_year": -12.86,
            "roe": 3.23,
            "roe_4q": 8.72,
            "gross_profit": 175962,
            "gross_margin": 28.44,
            "gross_margin_4q_avg": 24.74,
            "net_income": 48735,
            "revenue": 618819,
            "common_shares": 982009,
            "book_valuer_per_share": 15.43,
            "book_valuer_per_share_4q_avg": 14.94,
            "equity": 1515290,
            "current_ratio": 192.59,
            "debt_ratio": 46.57,
            "inventory_turnover_ratio": 1.19,
            "account_receivable_turnover_ratio": 0.59,
            "reinvestment_rate": -271.98,
            "research_to_sale_ratio": 3.03,
            "price_fair": 44.64,
            "eps_avg_yearly": 1.28,
            "eps_latest_yearly": 1.96,
            "eps_growth_yearly": 86.09
        },
        "20184": {
            "year_quarter": 20184,
            "year": 2018,
            "quarter": 4,
            "eps": 0.13,
            "eps_growth_year": -54.14,
            "eps_4q": 1.14,
            "eps_4q_growth_year": -5.9,
            "roe": 0.82,
            "roe_4q": 7.48,
            "gross_profit": 90677,
            "gross_margin": 20.54,
            "gross_margin_4q_avg": 23.73,
            "net_income": 12383,
            "revenue": 441453,
            "common_shares": 982009,
            "book_valuer_per_share": 15.4,
            "book_valuer_per_share_4q_avg": 15.42,
            "equity": 1512196,
            "current_ratio": 210.56,
            "debt_ratio": 42.8,
            "inventory_turnover_ratio": 0.85,
            "account_receivable_turnover_ratio": 0.43,
            "reinvestment_rate": -311.97,
            "research_to_sale_ratio": 6.51,
            "price_fair": 44.8,
            "eps_avg_yearly": 1.28,
            "eps_latest_yearly": 0.52,
            "eps_growth_yearly": 84.21
        },
        "20191": {
            "year_quarter": 20191,
            "year": 2019,
            "quarter": 1,
            "eps": 0.02,
            "eps_growth_year": -90.91,
            "eps_4q": 0.94,
            "eps_4q_growth_year": -24.86,
            "roe": 0.15,
            "roe_4q": 6.11,
            "gross_profit": 56528,
            "gross_margin": 15.22,
            "gross_margin_4q_avg": 22,
            "net_income": 2253,
            "revenue": 371447,
            "common_shares": 982009,
            "book_valuer_per_share": 15.65,
            "book_valuer_per_share_4q_avg": 15.45,
            "equity": 1536973,
            "current_ratio": 215.11,
            "debt_ratio": 41.51,
            "inventory_turnover_ratio": 0.85,
            "account_receivable_turnover_ratio": 0.38,
            "reinvestment_rate": -183.09,
            "research_to_sale_ratio": 4.31,
            "price_fair": 40.6,
            "eps_avg_yearly": 1.16,
            "eps_latest_yearly": 0.08,
            "eps_growth_yearly": 41.94
        },
        "20192": {
            "year_quarter": 20192,
            "year": 2019,
            "quarter": 2,
            "eps": -0.02,
            "eps_growth_year": -106.67,
            "eps_4q": 0.62,
            "eps_4q_growth_year": -50.27,
            "roe": -0.15,
            "roe_4q": 4.05,
            "gross_profit": 101953,
            "gross_margin": 20.96,
            "gross_margin_4q_avg": 21.29,
            "net_income": -2210,
            "revenue": 486497,
            "common_shares": 982009,
            "book_valuer_per_share": 15.01,
            "book_valuer_per_share_4q_avg": 15.37,
            "equity": 1473509,
            "current_ratio": 186.44,
            "debt_ratio": 49.16,
            "inventory_turnover_ratio": 1.07,
            "account_receivable_turnover_ratio": 0.49,
            "reinvestment_rate": -45.18,
            "research_to_sale_ratio": 4.51,
            "price_fair": 40.6,
            "eps_avg_yearly": 1.16,
            "eps_latest_yearly": 0.08,
            "eps_growth_yearly": 41.94
        },
        "20193": {
            "year_quarter": 20193,
            "year": 2019,
            "quarter": 3,
            "eps": 0.14,
            "eps_growth_year": -71.43,
            "eps_4q": 0.26,
            "eps_4q_growth_year": -79.6,
            "roe": 0.91,
            "roe_4q": 1.73,
            "gross_profit": 118253,
            "gross_margin": 22.33,
            "gross_margin_4q_avg": 19.76,
            "net_income": 13343,
            "revenue": 529670,
            "common_shares": 982009,
            "book_valuer_per_share": 14.86,
            "book_valuer_per_share_4q_avg": 15.23,
            "equity": 1458823,
            "current_ratio": 192.45,
            "debt_ratio": 46.97,
            "inventory_turnover_ratio": 1.24,
            "account_receivable_turnover_ratio": 0.52,
            "reinvestment_rate": -24.04,
            "research_to_sale_ratio": 3.37,
            "price_fair": 40.6,
            "eps_avg_yearly": 1.16,
            "eps_latest_yearly": 0.08,
            "eps_growth_yearly": 41.94
        },
        "20194": {
            "year_quarter": 20194,
            "year": 2019,
            "quarter": 4,
            "eps": 0.23,
            "eps_growth_year": 79.37,
            "eps_4q": 0.36,
            "eps_4q_growth_year": -68.14,
            "roe": 1.55,
            "roe_4q": 2.46,
            "gross_profit": 104411,
            "gross_margin": 21.13,
            "gross_margin_4q_avg": 19.91,
            "net_income": 22212,
            "revenue": 494199,
            "common_shares": 982009,
            "book_valuer_per_share": 14.32,
            "book_valuer_per_share_4q_avg": 14.96,
            "equity": 1405839,
            "current_ratio": 190.79,
            "debt_ratio": 46.72,
            "inventory_turnover_ratio": 1.51,
            "account_receivable_turnover_ratio": 0.48,
            "reinvestment_rate": -1.36,
            "research_to_sale_ratio": 3.8,
            "price_fair": 39.84,
            "eps_avg_yearly": 1.14,
            "eps_latest_yearly": 0.92,
            "eps_growth_yearly": 61.51
        },
        "20201": {
            "year_quarter": 20201,
            "year": 2020,
            "quarter": 1,
            "eps": 0.03,
            "eps_growth_year": 50,
            "eps_4q": 0.37,
            "eps_4q_growth_year": -60.38,
            "roe": 0.23,
            "roe_4q": 2.54,
            "gross_profit": 69123,
            "gross_margin": 21.24,
            "gross_margin_4q_avg": 21.42,
            "net_income": 3212,
            "revenue": 325376,
            "common_shares": 982009,
            "book_valuer_per_share": 14.29,
            "book_valuer_per_share_4q_avg": 14.62,
            "equity": 1403180,
            "current_ratio": 182.76,
            "debt_ratio": 46.16,
            "inventory_turnover_ratio": 1.03,
            "account_receivable_turnover_ratio": 0.35,
            "reinvestment_rate": 21.24,
            "research_to_sale_ratio": 4.2,
            "price_fair": 36.87,
            "eps_avg_yearly": 1.05,
            "eps_latest_yearly": 0.12,
            "eps_growth_yearly": 27.39
        },
        "20202": {
            "year_quarter": 20202,
            "year": 2020,
            "quarter": 2,
            "eps": 0.18,
            "eps_growth_year": null,
            "eps_4q": 0.57,
            "eps_4q_growth_year": -8.22,
            "roe": 1.25,
            "roe_4q": 3.9400000000000004,
            "gross_profit": 94335,
            "gross_margin": 24.87,
            "gross_margin_4q_avg": 22.39,
            "net_income": 17368,
            "revenue": 379383,
            "common_shares": 982009,
            "book_valuer_per_share": 14.03,
            "book_valuer_per_share_4q_avg": 14.38,
            "equity": 1377500,
            "current_ratio": 151.32,
            "debt_ratio": 50.12,
            "inventory_turnover_ratio": 1.06,
            "account_receivable_turnover_ratio": 0.46,
            "reinvestment_rate": 27.3,
            "research_to_sale_ratio": 3.7,
            "price_fair": 35.97,
            "eps_avg_yearly": 1.03,
            "eps_latest_yearly": 0.72,
            "eps_growth_yearly": 179.13
        },
        "20203": {
            "year_quarter": 20203,
            "year": 2020,
            "quarter": 3,
            "eps": 0.73,
            "eps_growth_year": 421.43,
            "eps_4q": 1.16,
            "eps_4q_growth_year": 343.15,
            "roe": 5.02,
            "roe_4q": 8.05,
            "gross_profit": 145752,
            "gross_margin": 27.7,
            "gross_margin_4q_avg": 23.74,
            "net_income": 71404,
            "revenue": 526131,
            "common_shares": 982009,
            "book_valuer_per_share": 14.97,
            "book_valuer_per_share_4q_avg": 14.4,
            "equity": 1470124,
            "current_ratio": 165.1,
            "debt_ratio": 46.25,
            "inventory_turnover_ratio": 1.42,
            "account_receivable_turnover_ratio": 0.58,
            "reinvestment_rate": 37.2,
            "research_to_sale_ratio": 3.34,
            "price_fair": 40.7,
            "eps_avg_yearly": 1.16,
            "eps_latest_yearly": 2.92,
            "eps_growth_yearly": 253.64
        },
        "20204": {
            "year_quarter": 20204,
            "year": 2020,
            "quarter": 4,
            "eps": 0.68,
            "eps_growth_year": 199.07,
            "eps_4q": 1.61,
            "eps_4q_growth_year": 345.01,
            "roe": 4.37,
            "roe_4q": 10.870000000000001,
            "gross_profit": 159900,
            "gross_margin": 31.21,
            "gross_margin_4q_avg": 26.26,
            "net_income": 66430,
            "revenue": 512325,
            "common_shares": 982009,
            "book_valuer_per_share": 16.02,
            "book_valuer_per_share_4q_avg": 14.83,
            "equity": 1572714,
            "current_ratio": 175.94,
            "debt_ratio": 45.35,
            "inventory_turnover_ratio": 1.4,
            "account_receivable_turnover_ratio": 0.52,
            "reinvestment_rate": 48.23,
            "research_to_sale_ratio": 5.53,
            "price_fair": 42.1,
            "eps_avg_yearly": 1.2,
            "eps_latest_yearly": 2.72,
            "eps_growth_yearly": 203.11
        },
        "20211": {
            "year_quarter": 20211,
            "year": 2021,
            "quarter": 1,
            "eps": 0.4,
            "eps_growth_year": 1233.33,
            "eps_4q": 1.98,
            "eps_4q_growth_year": 430.68,
            "roe": 2.44,
            "roe_4q": 13.08,
            "gross_profit": 126130,
            "gross_margin": 28.16,
            "gross_margin_4q_avg": 27.99,
            "net_income": 38798,
            "revenue": 447978,
            "common_shares": 982009,
            "book_valuer_per_share": 16.35,
            "book_valuer_per_share_4q_avg": 15.34,
            "equity": 1605748,
            "current_ratio": 164.66,
            "debt_ratio": 47.08,
            "inventory_turnover_ratio": 1.06,
            "account_receivable_turnover_ratio": 0.48,
            "reinvestment_rate": 73.19,
            "research_to_sale_ratio": 3.46,
            "price_fair": 44.3,
            "eps_avg_yearly": 1.27,
            "eps_latest_yearly": 1.6,
            "eps_growth_yearly": 210.39
        },
        "20212": {
            "year_quarter": 20212,
            "year": 2021,
            "quarter": 2,
            "eps": 0.45,
            "eps_growth_year": 150,
            "eps_4q": 2.25,
            "eps_4q_growth_year": 294.13,
            "roe": 2.75,
            "roe_4q": 14.579999999999998,
            "gross_profit": 125532,
            "gross_margin": 26.66,
            "gross_margin_4q_avg": 28.43,
            "net_income": 44615,
            "revenue": 470926,
            "common_shares": 982009,
            "book_valuer_per_share": 16.71,
            "book_valuer_per_share_4q_avg": 16.01,
            "equity": 1640782,
            "current_ratio": 211.25,
            "debt_ratio": 42.21,
            "inventory_turnover_ratio": 1.07,
            "account_receivable_turnover_ratio": 0.52,
            "reinvestment_rate": 65.14,
            "research_to_sale_ratio": 3.58,
            "price_fair": 45.9,
            "eps_avg_yearly": 1.31,
            "eps_latest_yearly": 1.8,
            "eps_growth_yearly": 196.51
        },
        "20213": {
            "year_quarter": 20213,
            "year": 2021,
            "quarter": 3,
            "eps": 0.52,
            "eps_growth_year": -28.77,
            "eps_4q": 2.05,
            "eps_4q_growth_year": 75.98,
            "roe": 3.19,
            "roe_4q": 12.75,
            "gross_profit": 155804,
            "gross_margin": 28.61,
            "gross_margin_4q_avg": 28.66,
            "net_income": 51121,
            "revenue": 544542,
            "common_shares": 982009,
            "book_valuer_per_share": 15.93,
            "book_valuer_per_share_4q_avg": 16.25,
            "equity": 1564093,
            "current_ratio": 178.26,
            "debt_ratio": 48.66,
            "inventory_turnover_ratio": 1.39,
            "account_receivable_turnover_ratio": 0.57,
            "reinvestment_rate": 66.09,
            "research_to_sale_ratio": 3.67,
            "price_fair": 46.5,
            "eps_avg_yearly": 1.33,
            "eps_latest_yearly": 2.08,
            "eps_growth_yearly": 184.2
        },
        "20214": {
            "year_quarter": 20214,
            "year": 2021,
            "quarter": 4,
            "eps": 0.39,
            "eps_growth_year": -41.96,
            "eps_4q": 1.76,
            "eps_4q_growth_year": 9.26,
            "roe": 2.43,
            "roe_4q": 10.81,
            "gross_profit": 136347,
            "gross_margin": 27.62,
            "gross_margin_4q_avg": 27.76,
            "net_income": 38557,
            "revenue": 493699,
            "common_shares": 982009,
            "book_valuer_per_share": 16.4,
            "book_valuer_per_share_4q_avg": 16.35,
            "equity": 1610791,
            "current_ratio": 187.82,
            "debt_ratio": 46.98,
            "inventory_turnover_ratio": 1.37,
            "account_receivable_turnover_ratio": 0.5,
            "reinvestment_rate": 67.08,
            "research_to_sale_ratio": 6.42,
            "price_fair": 47.7,
            "eps_avg_yearly": 1.36,
            "eps_latest_yearly": 1.56,
            "eps_growth_yearly": 188.86
        },
        "20221": {
            "year_quarter": 20221,
            "year": 2022,
            "quarter": 1,
            "eps": 0.41,
            "eps_growth_year": 2.5,
            "eps_4q": 1.77,
            "eps_4q_growth_year": -10.16,
            "roe": 2.41,
            "roe_4q": 10.78,
            "gross_profit": 103645,
            "gross_margin": 23.96,
            "gross_margin_4q_avg": 26.71,
            "net_income": 39990,
            "revenue": 432498,
            "common_shares": 982009,
            "book_valuer_per_share": 17.33,
            "book_valuer_per_share_4q_avg": 16.59,
            "equity": 1701551,
            "current_ratio": 194.9,
            "debt_ratio": 44.6,
            "inventory_turnover_ratio": 1.16,
            "account_receivable_turnover_ratio": 0.47,
            "reinvestment_rate": 98.96,
            "research_to_sale_ratio": 4.02,
            "price_fair": 49.6,
            "eps_avg_yearly": 1.42,
            "eps_latest_yearly": 1.64,
            "eps_growth_yearly": 195.62
        },
        "20222": {
            "year_quarter": 20222,
            "year": 2022,
            "quarter": 2,
            "eps": -0.07,
            "eps_growth_year": -115.56,
            "eps_4q": 1.25,
            "eps_4q_growth_year": -44.36,
            "roe": -0.41,
            "roe_4q": 7.619999999999999,
            "gross_profit": 82468,
            "gross_margin": 20.84,
            "gross_margin_4q_avg": 25.26,
            "net_income": -6567,
            "revenue": 395640,
            "common_shares": 982009,
            "book_valuer_per_share": 15.64,
            "book_valuer_per_share_4q_avg": 16.33,
            "equity": 1536157,
            "current_ratio": 152.86,
            "debt_ratio": 50.18,
            "inventory_turnover_ratio": 0.81,
            "account_receivable_turnover_ratio": 0.46,
            "reinvestment_rate": 102.5,
            "research_to_sale_ratio": 3.36,
            "price_fair": 50.18,
            "eps_avg_yearly": 1.43,
            "eps_latest_yearly": 1.64,
            "eps_growth_yearly": 199.47
        },
        "20223": {
            "year_quarter": 20223,
            "year": 2022,
            "quarter": 3,
            "eps": 0.08,
            "eps_growth_year": -84.62,
            "eps_4q": 0.82,
            "eps_4q_growth_year": -60.05,
            "roe": 0.54,
            "roe_4q": 4.970000000000001,
            "gross_profit": 97635,
            "gross_margin": 21.92,
            "gross_margin_4q_avg": 23.59,
            "net_income": 8306,
            "revenue": 445327,
            "common_shares": 982009,
            "book_valuer_per_share": 15.9,
            "book_valuer_per_share_4q_avg": 16.32,
            "equity": 1561257,
            "current_ratio": 162.53,
            "debt_ratio": 46.89,
            "inventory_turnover_ratio": 0.84,
            "account_receivable_turnover_ratio": 0.55,
            "reinvestment_rate": 117.01,
            "research_to_sale_ratio": 3.62,
            "price_fair": 48.65,
            "eps_avg_yearly": 1.39,
            "eps_latest_yearly": 1.64,
            "eps_growth_yearly": 194.99
        },
        "20224": {
            "year_quarter": 20224,
            "year": 2022,
            "quarter": 4,
            "eps": -0.07,
            "eps_growth_year": -118.97,
            "eps_4q": 0.35,
            "eps_4q_growth_year": -80.12,
            "roe": -0.47,
            "roe_4q": 2.0700000000000003,
            "gross_profit": 76795,
            "gross_margin": 20.51,
            "gross_margin_4q_avg": 21.81,
            "net_income": -7314,
            "revenue": 374409,
            "common_shares": 982009,
            "book_valuer_per_share": 15.72,
            "book_valuer_per_share_4q_avg": 16.15,
            "equity": 1543720,
            "current_ratio": 165.07,
            "debt_ratio": 46.3,
            "inventory_turnover_ratio": 0.94,
            "account_receivable_turnover_ratio": 0.5,
            "reinvestment_rate": 119.52,
            "research_to_sale_ratio": 6.49,
            "price_fair": 51.42,
            "eps_avg_yearly": 1.47,
            "eps_latest_yearly": 1.64,
            "eps_growth_yearly": 239.43
        },
        "20231": {
            "year_quarter": 20231,
            "year": 2023,
            "quarter": 1,
            "eps": 0.05,
            "eps_growth_year": -87.8,
            "eps_4q": -0,
            "eps_4q_growth_year": -100.12,
            "roe": 0.35,
            "roe_4q": 0.010000000000000064,
            "gross_profit": 70076,
            "gross_margin": 22.25,
            "gross_margin_4q_avg": 21.38,
            "net_income": 5363,
            "revenue": 314931,
            "common_shares": 982009,
            "book_valuer_per_share": 15.86,
            "book_valuer_per_share_4q_avg": 15.78,
            "equity": 1557099,
            "current_ratio": 163.5,
            "debt_ratio": 46.08,
            "inventory_turnover_ratio": 0.83,
            "account_receivable_turnover_ratio": 0.45,
            "reinvestment_rate": 120.52,
            "research_to_sale_ratio": 5.95,
            "price_fair": 56.28,
            "eps_avg_yearly": 1.61,
            "eps_latest_yearly": 1.64,
            "eps_growth_yearly": 297.22
        }
    },
    "months": {
        "2010-05": {
            "month": "2010-05",
            "price": "26.79",
            "revenue": 60303
        },
        "2010-06": {
            "month": "2010-06",
            "price": "25.17",
            "revenue": 44980
        },
        "2010-07": {
            "month": "2010-07",
            "price": "24.87",
            "revenue": 94432
        },
        "2010-08": {
            "month": "2010-08",
            "price": "27.22",
            "revenue": 50646
        },
        "2010-09": {
            "month": "2010-09",
            "price": "27.51",
            "revenue": 130700
        },
        "2010-10": {
            "month": "2010-10",
            "price": "27.12",
            "revenue": 90955
        },
        "2010-11": {
            "month": "2010-11",
            "price": "25.33",
            "revenue": 148299
        },
        "2010-12": {
            "month": "2010-12",
            "price": "25.81",
            "revenue": 143036
        },
        "2011-01": {
            "month": "2011-01",
            "price": "27.80",
            "revenue": 123155
        },
        "2011-02": {
            "month": "2011-02",
            "price": "30.94",
            "revenue": 103988
        },
        "2011-03": {
            "month": "2011-03",
            "price": "30.89",
            "revenue": 148740
        },
        "2011-04": {
            "month": "2011-04",
            "price": "31.61",
            "revenue": 135928
        },
        "2011-05": {
            "month": "2011-05",
            "price": "30.23",
            "revenue": 122238
        },
        "2011-06": {
            "month": "2011-06",
            "price": "28.89",
            "revenue": 115292
        },
        "2011-07": {
            "month": "2011-07",
            "price": "27.99",
            "revenue": 142091
        },
        "2011-08": {
            "month": "2011-08",
            "price": "25.98",
            "revenue": 172695
        },
        "2011-09": {
            "month": "2011-09",
            "price": "23.14",
            "revenue": 188706
        },
        "2011-10": {
            "month": "2011-10",
            "price": "22.35",
            "revenue": 148787
        },
        "2011-11": {
            "month": "2011-11",
            "price": "21.42",
            "revenue": 153026
        },
        "2011-12": {
            "month": "2011-12",
            "price": "18.75",
            "revenue": 167167
        },
        "2012-01": {
            "month": "2012-01",
            "price": "20.58",
            "revenue": 90550
        },
        "2012-02": {
            "month": "2012-02",
            "price": "28.52",
            "revenue": 148472
        },
        "2012-03": {
            "month": "2012-03",
            "price": "32.17",
            "revenue": 147282
        },
        "2012-04": {
            "month": "2012-04",
            "price": "27.37",
            "revenue": 140961
        },
        "2012-05": {
            "month": "2012-05",
            "price": "23.87",
            "revenue": 138493
        },
        "2012-06": {
            "month": "2012-06",
            "price": "23.27",
            "revenue": 131210
        },
        "2012-07": {
            "month": "2012-07",
            "price": "22.04",
            "revenue": 155003
        },
        "2012-08": {
            "month": "2012-08",
            "price": "22.46",
            "revenue": 157015
        },
        "2012-09": {
            "month": "2012-09",
            "price": "21.42",
            "revenue": 186412
        },
        "2012-10": {
            "month": "2012-10",
            "price": "17.77",
            "revenue": 143350
        },
        "2012-11": {
            "month": "2012-11",
            "price": "14.32",
            "revenue": 157853
        },
        "2012-12": {
            "month": "2012-12",
            "price": "14.90",
            "revenue": 139663
        },
        "2013-01": {
            "month": "2013-01",
            "price": "15.40",
            "revenue": 150616
        },
        "2013-02": {
            "month": "2013-02",
            "price": "15.41",
            "revenue": 83659
        },
        "2013-03": {
            "month": "2013-03",
            "price": "15.44",
            "revenue": 154671
        },
        "2013-04": {
            "month": "2013-04",
            "price": "14.91",
            "revenue": 153392
        },
        "2013-05": {
            "month": "2013-05",
            "price": "15.84",
            "revenue": 162348
        },
        "2013-06": {
            "month": "2013-06",
            "price": "15.77",
            "revenue": 143372
        },
        "2013-07": {
            "month": "2013-07",
            "price": "15.31",
            "revenue": 172395
        },
        "2013-08": {
            "month": "2013-08",
            "price": "16.73",
            "revenue": 164424
        },
        "2013-09": {
            "month": "2013-09",
            "price": "17.55",
            "revenue": 146385
        },
        "2013-10": {
            "month": "2013-10",
            "price": "15.83",
            "revenue": 143142
        },
        "2013-11": {
            "month": "2013-11",
            "price": "14.85",
            "revenue": 147616
        },
        "2013-12": {
            "month": "2013-12",
            "price": "14.95",
            "revenue": 168591
        },
        "2014-01": {
            "month": "2014-01",
            "price": "15.96",
            "revenue": 124811
        },
        "2014-02": {
            "month": "2014-02",
            "price": "15.31",
            "revenue": 116571
        },
        "2014-03": {
            "month": "2014-03",
            "price": "16.32",
            "revenue": 161090
        },
        "2014-04": {
            "month": "2014-04",
            "price": "17.75",
            "revenue": 187972
        },
        "2014-05": {
            "month": "2014-05",
            "price": "18.40",
            "revenue": 151909
        },
        "2014-06": {
            "month": "2014-06",
            "price": "20.73",
            "revenue": 161788
        },
        "2014-07": {
            "month": "2014-07",
            "price": "25.03",
            "revenue": 160817
        },
        "2014-08": {
            "month": "2014-08",
            "price": "22.72",
            "revenue": 177003
        },
        "2014-09": {
            "month": "2014-09",
            "price": "24.42",
            "revenue": 213413
        },
        "2014-10": {
            "month": "2014-10",
            "price": "23.15",
            "revenue": 172296
        },
        "2014-11": {
            "month": "2014-11",
            "price": "20.00",
            "revenue": 152034
        },
        "2014-12": {
            "month": "2014-12",
            "price": "19.90",
            "revenue": 161913
        },
        "2015-01": {
            "month": "2015-01",
            "price": "20.06",
            "revenue": 136055
        },
        "2015-02": {
            "month": "2015-02",
            "price": "19.93",
            "revenue": 86558
        },
        "2015-03": {
            "month": "2015-03",
            "price": "19.59",
            "revenue": 133443
        },
        "2015-04": {
            "month": "2015-04",
            "price": "17.14",
            "revenue": 144978
        },
        "2015-05": {
            "month": "2015-05",
            "price": "14.43",
            "revenue": 114728
        },
        "2015-06": {
            "month": "2015-06",
            "price": "11.83",
            "revenue": 119488
        },
        "2015-07": {
            "month": "2015-07",
            "price": "10.39",
            "revenue": 132308
        },
        "2015-08": {
            "month": "2015-08",
            "price": "8.26",
            "revenue": 143735
        },
        "2015-09": {
            "month": "2015-09",
            "price": "8.15",
            "revenue": 163098
        },
        "2015-10": {
            "month": "2015-10",
            "price": "8.70",
            "revenue": 123015
        },
        "2015-11": {
            "month": "2015-11",
            "price": "8.16",
            "revenue": 132591
        },
        "2015-12": {
            "month": "2015-12",
            "price": "7.95",
            "revenue": 122405
        },
        "2016-01": {
            "month": "2016-01",
            "price": "7.26",
            "revenue": 96119
        },
        "2016-02": {
            "month": "2016-02",
            "price": "7.86",
            "revenue": 68633
        },
        "2016-03": {
            "month": "2016-03",
            "price": "7.44",
            "revenue": 110616
        },
        "2016-04": {
            "month": "2016-04",
            "price": "7.16",
            "revenue": 98353
        },
        "2016-05": {
            "month": "2016-05",
            "price": "5.91",
            "revenue": 108263
        },
        "2016-06": {
            "month": "2016-06",
            "price": "6.65",
            "revenue": 106247
        },
        "2016-07": {
            "month": "2016-07",
            "price": "6.44",
            "revenue": 115894
        },
        "2016-08": {
            "month": "2016-08",
            "price": "6.30",
            "revenue": 133296
        },
        "2016-09": {
            "month": "2016-09",
            "price": "7.67",
            "revenue": 167836
        },
        "2016-10": {
            "month": "2016-10",
            "price": "8.42",
            "revenue": 128335
        },
        "2016-11": {
            "month": "2016-11",
            "price": "8.66",
            "revenue": 145602
        },
        "2016-12": {
            "month": "2016-12",
            "price": "8.62",
            "revenue": 154560
        },
        "2017-01": {
            "month": "2017-01",
            "price": "9.49",
            "revenue": 100245
        },
        "2017-02": {
            "month": "2017-02",
            "price": "9.78",
            "revenue": 94535
        },
        "2017-03": {
            "month": "2017-03",
            "price": "14.85",
            "revenue": 119814
        },
        "2017-04": {
            "month": "2017-04",
            "price": "14.59",
            "revenue": 105460
        },
        "2017-05": {
            "month": "2017-05",
            "price": "14.66",
            "revenue": 121214
        },
        "2017-06": {
            "month": "2017-06",
            "price": "14.53",
            "revenue": 133140
        },
        "2017-07": {
            "month": "2017-07",
            "price": "14.70",
            "revenue": 158099
        },
        "2017-08": {
            "month": "2017-08",
            "price": "16.14",
            "revenue": 155200
        },
        "2017-09": {
            "month": "2017-09",
            "price": "17.53",
            "revenue": 178340
        },
        "2017-10": {
            "month": "2017-10",
            "price": "17.98",
            "revenue": 134189
        },
        "2017-11": {
            "month": "2017-11",
            "price": "18.72",
            "revenue": 153820
        },
        "2017-12": {
            "month": "2017-12",
            "price": "19.28",
            "revenue": 152009
        },
        "2018-01": {
            "month": "2018-01",
            "price": "20.86",
            "revenue": 151017
        },
        "2018-02": {
            "month": "2018-02",
            "price": "19.26",
            "revenue": 79138
        },
        "2018-03": {
            "month": "2018-03",
            "price": "19.21",
            "revenue": 150527
        },
        "2018-04": {
            "month": "2018-04",
            "price": "19.46",
            "revenue": 164119
        },
        "2018-05": {
            "month": "2018-05",
            "price": "22.03",
            "revenue": 171725
        },
        "2018-06": {
            "month": "2018-06",
            "price": "25.98",
            "revenue": 178602
        },
        "2018-07": {
            "month": "2018-07",
            "price": "25.22",
            "revenue": 186665
        },
        "2018-08": {
            "month": "2018-08",
            "price": "22.35",
            "revenue": 228141
        },
        "2018-09": {
            "month": "2018-09",
            "price": "21.56",
            "revenue": 213421
        },
        "2018-10": {
            "month": "2018-10",
            "price": "17.50",
            "revenue": 153164
        },
        "2018-11": {
            "month": "2018-11",
            "price": "17.28",
            "revenue": 148643
        },
        "2018-12": {
            "month": "2018-12",
            "price": "18.75",
            "revenue": 127479
        },
        "2019-01": {
            "month": "2019-01",
            "price": "18.26",
            "revenue": 139219
        },
        "2019-02": {
            "month": "2019-02",
            "price": "20.88",
            "revenue": 78767
        },
        "2019-03": {
            "month": "2019-03",
            "price": "20.68",
            "revenue": 152469
        },
        "2019-04": {
            "month": "2019-04",
            "price": "21.06",
            "revenue": 180051
        },
        "2019-05": {
            "month": "2019-05",
            "price": "18.35",
            "revenue": 166673
        },
        "2019-06": {
            "month": "2019-06",
            "price": "17.27",
            "revenue": 138588
        },
        "2019-07": {
            "month": "2019-07",
            "price": "19.39",
            "revenue": 176555
        },
        "2019-08": {
            "month": "2019-08",
            "price": "18.81",
            "revenue": 161940
        },
        "2019-09": {
            "month": "2019-09",
            "price": "19.08",
            "revenue": 190693
        },
        "2019-10": {
            "month": "2019-10",
            "price": "18.18",
            "revenue": 149596
        },
        "2019-11": {
            "month": "2019-11",
            "price": "17.17",
            "revenue": 177989
        },
        "2019-12": {
            "month": "2019-12",
            "price": "17.51",
            "revenue": 167234
        },
        "2020-01": {
            "month": "2020-01",
            "price": "17.08",
            "revenue": 91888
        },
        "2020-02": {
            "month": "2020-02",
            "price": "14.71",
            "revenue": 69857
        },
        "2020-03": {
            "month": "2020-03",
            "price": "11.01",
            "revenue": 163495
        },
        "2020-04": {
            "month": "2020-04",
            "price": "12.16",
            "revenue": 156821
        },
        "2020-05": {
            "month": "2020-05",
            "price": "13.73",
            "revenue": 96777
        },
        "2020-06": {
            "month": "2020-06",
            "price": "13.75",
            "revenue": 125853
        },
        "2020-07": {
            "month": "2020-07",
            "price": "13.69",
            "revenue": 156011
        },
        "2020-08": {
            "month": "2020-08",
            "price": "14.30",
            "revenue": 172948
        },
        "2020-09": {
            "month": "2020-09",
            "price": "15.77",
            "revenue": 197526
        },
        "2020-10": {
            "month": "2020-10",
            "price": "16.29",
            "revenue": 153923
        },
        "2020-11": {
            "month": "2020-11",
            "price": "17.54",
            "revenue": 175792
        },
        "2020-12": {
            "month": "2020-12",
            "price": "18.69",
            "revenue": 182865
        },
        "2021-01": {
            "month": "2021-01",
            "price": "21.11",
            "revenue": 198557
        },
        "2021-02": {
            "month": "2021-02",
            "price": "21.56",
            "revenue": 96794
        },
        "2021-03": {
            "month": "2021-03",
            "price": "24.27",
            "revenue": 152626
        },
        "2021-04": {
            "month": "2021-04",
            "price": "26.11",
            "revenue": 155391
        },
        "2021-05": {
            "month": "2021-05",
            "price": "22.04",
            "revenue": 143808
        },
        "2021-06": {
            "month": "2021-06",
            "price": "23.21",
            "revenue": 171728
        },
        "2021-07": {
            "month": "2021-07",
            "price": "24.92",
            "revenue": 168653
        },
        "2021-08": {
            "month": "2021-08",
            "price": "22.62",
            "revenue": 180064
        },
        "2021-09": {
            "month": "2021-09",
            "price": "20.88",
            "revenue": 195825
        },
        "2021-10": {
            "month": "2021-10",
            "price": "19.56",
            "revenue": 146384
        },
        "2021-11": {
            "month": "2021-11",
            "price": "20.27",
            "revenue": 169347
        },
        "2021-12": {
            "month": "2021-12",
            "price": "20.98",
            "revenue": 177961
        },
        "2022-01": {
            "month": "2022-01",
            "price": "25.82",
            "revenue": 154691
        },
        "2022-02": {
            "month": "2022-02",
            "price": "24.55",
            "revenue": 113133
        },
        "2022-03": {
            "month": "2022-03",
            "price": "23.80",
            "revenue": 164674
        },
        "2022-04": {
            "month": "2022-04",
            "price": "22.17",
            "revenue": 132936
        },
        "2022-05": {
            "month": "2022-05",
            "price": "21.30",
            "revenue": 145729
        },
        "2022-06": {
            "month": "2022-06",
            "price": "19.96",
            "revenue": 116975
        },
        "2022-07": {
            "month": "2022-07",
            "price": "17.46",
            "revenue": 140800
        },
        "2022-08": {
            "month": "2022-08",
            "price": "17.30",
            "revenue": 151652
        },
        "2022-09": {
            "month": "2022-09",
            "price": "16.17",
            "revenue": 152875
        },
        "2022-10": {
            "month": "2022-10",
            "price": "15.12",
            "revenue": 125240
        },
        "2022-11": {
            "month": "2022-11",
            "price": "15.27",
            "revenue": 140516
        },
        "2022-12": {
            "month": "2022-12",
            "price": "15.48",
            "revenue": 108653
        },
        "2023-01": {
            "month": "2023-01",
            "price": "15.07",
            "revenue": 74880
        },
        "2023-02": {
            "month": "2023-02",
            "price": "16.09",
            "revenue": 110238
        },
        "2023-03": {
            "month": "2023-03",
            "price": "16.53",
            "revenue": 125371
        },
        "2023-04": {
            "month": "2023-04",
            "price": "16.44",
            "revenue": 113869
        }
    }
}
