{
    "summary": {
        "stock_name": "嘉彰",
        "stock_id": "4942",
        "category": "光電",
        "main_business": "光電資訊電子零組件<br>模具及精密儀器等製造加工買賣業務<br>及相關產品之進出口業務",
        "website_url": "http://www.chiachang.com",
        "ceo": "陳之軒",
        "pe_ratio": 11,
        "report_year_from": 2009,
        "report_year_to": 2023,
        "age": 15,
        "eps_negative_percentage": 7,
        "eps_growth_avg": {
            "last_all": 0.48,
            "last_2y": -4.62,
            "last_4y": -1.67,
            "last_8y": -3.87,
            "last_12y": 0.48,
            "last_16y": null,
            "last_20y": null,
            "at_2006_last_3y": null,
            "at_2007_last_3y": null,
            "at_2008_last_3y": null,
            "at_2009_last_3y": null,
            "at_2010_last_3y": null,
            "at_2011_last_3y": null,
            "at_2012_last_3y": null,
            "at_2013_last_3y": null,
            "at_2014_last_3y": 9.18,
            "at_2015_last_3y": -37.38,
            "at_2016_last_3y": -46.48,
            "at_2017_last_3y": -47.79,
            "at_2018_last_3y": -7.52,
            "at_2019_last_3y": 26.25,
            "at_2020_last_3y": 20.73,
            "at_2021_last_3y": 34.93,
            "at_2022_last_3y": 2.66,
            "at_2023_last_3y": -2.42,
            "at_2024_last_3y": -2.42,
            "at_2006_last_all": null,
            "at_2007_last_all": null,
            "at_2008_last_all": null,
            "at_2009_last_all": null,
            "at_2010_last_all": null,
            "at_2011_last_all": null,
            "at_2012_last_all": 38.09,
            "at_2013_last_all": 19.18,
            "at_2014_last_all": 9.18,
            "at_2015_last_all": -12.65,
            "at_2016_last_all": -12.65,
            "at_2017_last_all": -14.31,
            "at_2018_last_all": 2.02,
            "at_2019_last_all": 1.94,
            "at_2020_last_all": 2.18,
            "at_2021_last_all": 5.39,
            "at_2022_last_all": 2.25,
            "at_2023_last_all": 0.48,
            "at_2024_last_all": 0.48
        },
        "latest_eps": 3.92,
        "latest_price": 43.9,
        "latest_roe": 6.49,
        "latest_gross_margin": 25.44,
        "latest_equity": 8716366,
        "latest_revenue": 1619281,
        "latest_gross_profit": 411966,
        "latest_net_income": 197173,
        "latest_debt_ratio": 20.38,
        "latest_current_ratio": 361.46,
        "latest_account_receivable_turnover_ratio": 0.6,
        "latest_inventory_turnover_ratio": 3.03,
        "latest_reinvestment_rate": -3.75,
        "latest_research_to_sale_ratio": 1.13
    },
    "eps_dividends": {
        "2001": {
            "cash": 0,
            "stock": 0,
            "eps": 0
        },
        "2002": {
            "cash": 0,
            "stock": 0,
            "eps": 0
        },
        "2003": {
            "cash": 0,
            "stock": 0,
            "eps": 0
        },
        "2004": {
            "cash": 0,
            "stock": 0,
            "eps": 0
        },
        "2005": {
            "cash": 0,
            "stock": 0,
            "eps": 0
        },
        "2006": {
            "cash": 0,
            "stock": 0,
            "eps": 0
        },
        "2007": {
            "cash": 0,
            "stock": 0,
            "eps": 0
        },
        "2008": {
            "cash": 0,
            "stock": 0,
            "eps": 0
        },
        "2009": {
            "cash": 0,
            "stock": 0,
            "eps": 0
        },
        "2010": {
            "cash": 2.25,
            "stock": 2.25,
            "eps": 2.4
        },
        "2011": {
            "cash": 4.75,
            "stock": 0.5,
            "eps": 4.47
        },
        "2012": {
            "cash": 0,
            "stock": 0,
            "eps": 4.02
        },
        "2013": {
            "cash": 2,
            "stock": 0,
            "eps": 3.27
        },
        "2014": {
            "cash": 1.64,
            "stock": 0,
            "eps": 2.59
        },
        "2015": {
            "cash": 1.5,
            "stock": 0,
            "eps": -3.49
        },
        "2016": {
            "cash": 1.2,
            "stock": 0,
            "eps": 2.26
        },
        "2017": {
            "cash": 1.5,
            "stock": 0,
            "eps": 1.75
        },
        "2018": {
            "cash": 1.2,
            "stock": 0,
            "eps": 4.51
        },
        "2019": {
            "cash": 2.5,
            "stock": 0,
            "eps": 4.57
        },
        "2020": {
            "cash": 2.5,
            "stock": 0,
            "eps": 4.76
        },
        "2021": {
            "cash": 2.5,
            "stock": 0,
            "eps": 6.39
        },
        "2022": {
            "cash": 3,
            "stock": 0,
            "eps": 4.53
        },
        "2023": {
            "cash": 2.5,
            "stock": 0,
            "eps": 3.67
        }
    },
    "dividends": {
        "2010-06-29": {
            "cash": 2.25,
            "stock": 2.25
        },
        "2011-01-01": {
            "cash": 2.25,
            "stock": 0
        },
        "2011-04-12": {
            "cash": 2.5,
            "stock": 0.5
        },
        "2013-03-21": {
            "cash": 2,
            "stock": 0
        },
        "2014-09-26": {
            "cash": 1.64,
            "stock": 0
        },
        "2015-09-25": {
            "cash": 1.5,
            "stock": 0
        },
        "2016-09-30": {
            "cash": 1.2,
            "stock": 0
        },
        "2017-09-22": {
            "cash": 1.5,
            "stock": 0
        },
        "2018-09-19": {
            "cash": 1.2,
            "stock": 0
        },
        "2019-09-20": {
            "cash": 2.5,
            "stock": 0
        },
        "2020-09-23": {
            "cash": 2.5,
            "stock": 0
        },
        "2021-09-16": {
            "cash": 2.5,
            "stock": 0
        },
        "2022-09-21": {
            "cash": 3,
            "stock": 0
        },
        "2023-08-25": {
            "cash": 2.5,
            "stock": 0
        }
    },
    "prices": {
        "200101": "無",
        "200102": "無",
        "200103": "無",
        "200104": "無",
        "200105": "無",
        "200106": "無",
        "200107": "無",
        "200108": "無",
        "200109": "無",
        "200110": "無",
        "200111": "無",
        "200112": "無",
        "200201": "無",
        "200202": "無",
        "200203": "無",
        "200204": "無",
        "200205": "無",
        "200206": "無",
        "200207": "無",
        "200208": "無",
        "200209": "無",
        "200210": "無",
        "200211": "無",
        "200212": "無",
        "200301": "無",
        "200302": "無",
        "200303": "無",
        "200304": "無",
        "200305": "無",
        "200306": "無",
        "200307": "無",
        "200308": "無",
        "200309": "無",
        "200310": "無",
        "200311": "無",
        "200312": "無",
        "200401": "無",
        "200402": "無",
        "200403": "無",
        "200404": "無",
        "200405": "無",
        "200406": "無",
        "200407": "無",
        "200408": "無",
        "200409": "無",
        "200410": "無",
        "200411": "無",
        "200412": "無",
        "200501": "無",
        "200502": "無",
        "200503": "無",
        "200504": "無",
        "200505": "無",
        "200506": "無",
        "200507": "無",
        "200508": "無",
        "200509": "無",
        "200510": "無",
        "200511": "無",
        "200512": "無",
        "200601": "無",
        "200602": "無",
        "200603": "無",
        "200604": "無",
        "200605": "無",
        "200606": "無",
        "200607": "無",
        "200608": "無",
        "200609": "無",
        "200610": "無",
        "200611": "無",
        "200612": "無",
        "200701": "無",
        "200702": "無",
        "200703": "無",
        "200704": "無",
        "200705": "無",
        "200706": "無",
        "200707": "無",
        "200708": "無",
        "200709": "無",
        "200710": "無",
        "200711": "無",
        "200712": "無",
        "200801": "無",
        "200802": "無",
        "200803": "無",
        "200804": "無",
        "200805": "無",
        "200806": "無",
        "200807": "無",
        "200808": "無",
        "200809": "無",
        "200810": "無",
        "200811": "無",
        "200812": "無",
        "200901": "無",
        "200902": "無",
        "200903": "無",
        "200904": "無",
        "200905": "無",
        "200906": "無",
        "200907": "無",
        "200908": "無",
        "200909": "無",
        "200910": "無",
        "200911": "無",
        "200912": "無",
        "201001": "無",
        "201002": "無",
        "201003": "無",
        "201004": "無",
        "201005": "76.69",
        "201006": "78.83",
        "201007": "78.05",
        "201008": "65.47",
        "201009": "61.92",
        "201010": "60.74",
        "201011": "57.62",
        "201012": "56.24",
        "201101": "56.55",
        "201102": "61.09",
        "201103": "60.96",
        "201104": "61.11",
        "201105": "59.09",
        "201106": "52.00",
        "201107": "49.48",
        "201108": "42.62",
        "201109": "45.24",
        "201110": "42.62",
        "201111": "45.51",
        "201112": "41.34",
        "201201": "42.02",
        "201202": "48.49",
        "201203": "47.45",
        "201204": "40.02",
        "201205": "38.33",
        "201206": "37.21",
        "201207": "35.77",
        "201208": "31.79",
        "201209": "31.93",
        "201210": "30.07",
        "201211": "30.96",
        "201212": "35.59",
        "201301": "40.07",
        "201302": "40.63",
        "201303": "42.43",
        "201304": "39.05",
        "201305": "38.88",
        "201306": "38.08",
        "201307": "37.01",
        "201308": "36.44",
        "201309": "36.08",
        "201310": "38.41",
        "201311": "36.51",
        "201312": "38.41",
        "201401": "39.38",
        "201402": "37.09",
        "201403": "37.27",
        "201404": "37.62",
        "201405": "37.24",
        "201406": "38.42",
        "201407": "38.03",
        "201408": "36.28",
        "201409": "33.47",
        "201410": "30.52",
        "201411": "29.75",
        "201412": "30.49",
        "201501": "30.79",
        "201502": "30.39",
        "201503": "30.54",
        "201504": "30.80",
        "201505": "27.96",
        "201506": "23.01",
        "201507": "21.59",
        "201508": "19.51",
        "201509": "19.93",
        "201510": "23.22",
        "201511": "23.56",
        "201512": "23.81",
        "201601": "22.97",
        "201602": "20.10",
        "201603": "20.98",
        "201604": "23.17",
        "201605": "22.90",
        "201606": "22.08",
        "201607": "22.15",
        "201608": "23.38",
        "201609": "25.81",
        "201610": "24.92",
        "201611": "24.33",
        "201612": "25.36",
        "201701": "26.14",
        "201702": "27.04",
        "201703": "26.88",
        "201704": "25.34",
        "201705": "24.93",
        "201706": "24.85",
        "201707": "24.71",
        "201708": "24.24",
        "201709": "23.65",
        "201710": "23.96",
        "201711": "23.50",
        "201712": "23.13",
        "201801": "23.47",
        "201802": "23.22",
        "201803": "23.38",
        "201804": "23.21",
        "201805": "22.76",
        "201806": "23.09",
        "201807": "25.81",
        "201808": "28.75",
        "201809": "31.57",
        "201810": "28.93",
        "201811": "31.45",
        "201812": "35.98",
        "201901": "34.92",
        "201902": "37.82",
        "201903": "40.54",
        "201904": "43.88",
        "201905": "39.96",
        "201906": "37.24",
        "201907": "38.83",
        "201908": "37.74",
        "201909": "37.48",
        "201910": "37.80",
        "201911": "43.70",
        "201912": "42.84",
        "202001": "41.03",
        "202002": "37.63",
        "202003": "31.24",
        "202004": "31.53",
        "202005": "33.72",
        "202006": "35.82",
        "202007": "37.91",
        "202008": "39.76",
        "202009": "38.66",
        "202010": "38.75",
        "202011": "39.01",
        "202012": "38.05",
        "202101": "37.38",
        "202102": "37.56",
        "202103": "40.10",
        "202104": "46.23",
        "202105": "42.64",
        "202106": "44.49",
        "202107": "50.44",
        "202108": "50.22",
        "202109": "46.26",
        "202110": "45.21",
        "202111": "46.69",
        "202112": "47.66",
        "202201": "50.09",
        "202202": "48.56",
        "202203": "48.74",
        "202204": "46.25",
        "202205": "43.55",
        "202206": "41.79",
        "202207": "38.18",
        "202208": "39.06",
        "202209": "36.55",
        "202210": "33.49",
        "202211": "35.21",
        "202212": "36.05",
        "202301": "35.82",
        "202302": "37.46",
        "202303": "37.95",
        "202304": "37.88",
        "202305": "38.70",
        "202306": "40.63",
        "202307": "41.09",
        "202308": "41.15",
        "202309": "42.83",
        "202310": "41.88",
        "202311": "42.65",
        "202312": "43.46"
    },
    "quarters": {
        "20011": {
            "year_quarter": 20011,
            "year": 2001,
            "quarter": 1,
            "eps": null,
            "eps_growth_year": null,
            "eps_4q": null,
            "eps_4q_growth_year": null,
            "roe": null,
            "roe_4q": 0,
            "gross_profit": null,
            "gross_margin": null,
            "gross_margin_4q_avg": 0,
            "net_income": null,
            "net_income_4q": null,
            "revenue": null,
            "revenue_4q": null,
            "common_shares": null,
            "book_valuer_per_share": null,
            "book_valuer_per_share_4q_avg": 0,
            "equity": null,
            "current_ratio": null,
            "debt_ratio": null,
            "inventory_turnover_ratio": null,
            "account_receivable_turnover_ratio": null,
            "reinvestment_rate": null,
            "research_to_sale_ratio": null,
            "price_fair": 0,
            "eps_avg_yearly": 0,
            "eps_latest_yearly": 0,
            "eps_growth_yearly": 0
        },
        "20012": {
            "year_quarter": 20012,
            "year": 2001,
            "quarter": 2,
            "eps": null,
            "eps_growth_year": null,
            "eps_4q": null,
            "eps_4q_growth_year": null,
            "roe": null,
            "roe_4q": 0,
            "gross_profit": null,
            "gross_margin": null,
            "gross_margin_4q_avg": 0,
            "net_income": null,
            "net_income_4q": null,
            "revenue": null,
            "revenue_4q": null,
            "common_shares": null,
            "book_valuer_per_share": null,
            "book_valuer_per_share_4q_avg": 0,
            "equity": null,
            "current_ratio": null,
            "debt_ratio": null,
            "inventory_turnover_ratio": null,
            "account_receivable_turnover_ratio": null,
            "reinvestment_rate": null,
            "research_to_sale_ratio": null,
            "price_fair": 0,
            "eps_avg_yearly": 0,
            "eps_latest_yearly": 0,
            "eps_growth_yearly": 0
        },
        "20013": {
            "year_quarter": 20013,
            "year": 2001,
            "quarter": 3,
            "eps": null,
            "eps_growth_year": null,
            "eps_4q": null,
            "eps_4q_growth_year": null,
            "roe": null,
            "roe_4q": 0,
            "gross_profit": null,
            "gross_margin": null,
            "gross_margin_4q_avg": 0,
            "net_income": null,
            "net_income_4q": null,
            "revenue": null,
            "revenue_4q": null,
            "common_shares": null,
            "book_valuer_per_share": null,
            "book_valuer_per_share_4q_avg": 0,
            "equity": null,
            "current_ratio": null,
            "debt_ratio": null,
            "inventory_turnover_ratio": null,
            "account_receivable_turnover_ratio": null,
            "reinvestment_rate": null,
            "research_to_sale_ratio": null,
            "price_fair": 0,
            "eps_avg_yearly": 0,
            "eps_latest_yearly": 0,
            "eps_growth_yearly": 0
        },
        "20014": {
            "year_quarter": 20014,
            "year": 2001,
            "quarter": 4,
            "eps": null,
            "eps_growth_year": null,
            "eps_4q": null,
            "eps_4q_growth_year": null,
            "roe": null,
            "roe_4q": 0,
            "gross_profit": null,
            "gross_margin": null,
            "gross_margin_4q_avg": 0,
            "net_income": null,
            "net_income_4q": null,
            "revenue": null,
            "revenue_4q": null,
            "common_shares": null,
            "book_valuer_per_share": null,
            "book_valuer_per_share_4q_avg": 0,
            "equity": null,
            "current_ratio": null,
            "debt_ratio": null,
            "inventory_turnover_ratio": null,
            "account_receivable_turnover_ratio": null,
            "reinvestment_rate": null,
            "research_to_sale_ratio": null,
            "price_fair": 0,
            "eps_avg_yearly": 0,
            "eps_latest_yearly": 0,
            "eps_growth_yearly": 0
        },
        "20021": {
            "year_quarter": 20021,
            "year": 2002,
            "quarter": 1,
            "eps": null,
            "eps_growth_year": null,
            "eps_4q": null,
            "eps_4q_growth_year": null,
            "roe": null,
            "roe_4q": 0,
            "gross_profit": null,
            "gross_margin": null,
            "gross_margin_4q_avg": 0,
            "net_income": null,
            "net_income_4q": null,
            "revenue": null,
            "revenue_4q": null,
            "common_shares": null,
            "book_valuer_per_share": null,
            "book_valuer_per_share_4q_avg": 0,
            "equity": null,
            "current_ratio": null,
            "debt_ratio": null,
            "inventory_turnover_ratio": null,
            "account_receivable_turnover_ratio": null,
            "reinvestment_rate": null,
            "research_to_sale_ratio": null,
            "price_fair": 0,
            "eps_avg_yearly": 0,
            "eps_latest_yearly": 0,
            "eps_growth_yearly": 0
        },
        "20022": {
            "year_quarter": 20022,
            "year": 2002,
            "quarter": 2,
            "eps": null,
            "eps_growth_year": null,
            "eps_4q": null,
            "eps_4q_growth_year": null,
            "roe": null,
            "roe_4q": 0,
            "gross_profit": null,
            "gross_margin": null,
            "gross_margin_4q_avg": 0,
            "net_income": null,
            "net_income_4q": null,
            "revenue": null,
            "revenue_4q": null,
            "common_shares": null,
            "book_valuer_per_share": null,
            "book_valuer_per_share_4q_avg": 0,
            "equity": null,
            "current_ratio": null,
            "debt_ratio": null,
            "inventory_turnover_ratio": null,
            "account_receivable_turnover_ratio": null,
            "reinvestment_rate": null,
            "research_to_sale_ratio": null,
            "price_fair": 0,
            "eps_avg_yearly": 0,
            "eps_latest_yearly": 0,
            "eps_growth_yearly": 0
        },
        "20023": {
            "year_quarter": 20023,
            "year": 2002,
            "quarter": 3,
            "eps": null,
            "eps_growth_year": null,
            "eps_4q": null,
            "eps_4q_growth_year": null,
            "roe": null,
            "roe_4q": 0,
            "gross_profit": null,
            "gross_margin": null,
            "gross_margin_4q_avg": 0,
            "net_income": null,
            "net_income_4q": null,
            "revenue": null,
            "revenue_4q": null,
            "common_shares": null,
            "book_valuer_per_share": null,
            "book_valuer_per_share_4q_avg": 0,
            "equity": null,
            "current_ratio": null,
            "debt_ratio": null,
            "inventory_turnover_ratio": null,
            "account_receivable_turnover_ratio": null,
            "reinvestment_rate": null,
            "research_to_sale_ratio": null,
            "price_fair": 0,
            "eps_avg_yearly": 0,
            "eps_latest_yearly": 0,
            "eps_growth_yearly": 0
        },
        "20024": {
            "year_quarter": 20024,
            "year": 2002,
            "quarter": 4,
            "eps": null,
            "eps_growth_year": null,
            "eps_4q": null,
            "eps_4q_growth_year": null,
            "roe": null,
            "roe_4q": 0,
            "gross_profit": null,
            "gross_margin": null,
            "gross_margin_4q_avg": 0,
            "net_income": null,
            "net_income_4q": null,
            "revenue": null,
            "revenue_4q": null,
            "common_shares": null,
            "book_valuer_per_share": null,
            "book_valuer_per_share_4q_avg": 0,
            "equity": null,
            "current_ratio": null,
            "debt_ratio": null,
            "inventory_turnover_ratio": null,
            "account_receivable_turnover_ratio": null,
            "reinvestment_rate": null,
            "research_to_sale_ratio": null,
            "price_fair": 0,
            "eps_avg_yearly": 0,
            "eps_latest_yearly": 0,
            "eps_growth_yearly": 0
        },
        "20031": {
            "year_quarter": 20031,
            "year": 2003,
            "quarter": 1,
            "eps": null,
            "eps_growth_year": null,
            "eps_4q": null,
            "eps_4q_growth_year": null,
            "roe": null,
            "roe_4q": 0,
            "gross_profit": null,
            "gross_margin": null,
            "gross_margin_4q_avg": 0,
            "net_income": null,
            "net_income_4q": null,
            "revenue": null,
            "revenue_4q": null,
            "common_shares": null,
            "book_valuer_per_share": null,
            "book_valuer_per_share_4q_avg": 0,
            "equity": null,
            "current_ratio": null,
            "debt_ratio": null,
            "inventory_turnover_ratio": null,
            "account_receivable_turnover_ratio": null,
            "reinvestment_rate": null,
            "research_to_sale_ratio": null,
            "price_fair": 0,
            "eps_avg_yearly": 0,
            "eps_latest_yearly": 0,
            "eps_growth_yearly": 0
        },
        "20032": {
            "year_quarter": 20032,
            "year": 2003,
            "quarter": 2,
            "eps": null,
            "eps_growth_year": null,
            "eps_4q": null,
            "eps_4q_growth_year": null,
            "roe": null,
            "roe_4q": 0,
            "gross_profit": null,
            "gross_margin": null,
            "gross_margin_4q_avg": 0,
            "net_income": null,
            "net_income_4q": null,
            "revenue": null,
            "revenue_4q": null,
            "common_shares": null,
            "book_valuer_per_share": null,
            "book_valuer_per_share_4q_avg": 0,
            "equity": null,
            "current_ratio": null,
            "debt_ratio": null,
            "inventory_turnover_ratio": null,
            "account_receivable_turnover_ratio": null,
            "reinvestment_rate": null,
            "research_to_sale_ratio": null,
            "price_fair": 0,
            "eps_avg_yearly": 0,
            "eps_latest_yearly": 0,
            "eps_growth_yearly": 0
        },
        "20033": {
            "year_quarter": 20033,
            "year": 2003,
            "quarter": 3,
            "eps": null,
            "eps_growth_year": null,
            "eps_4q": null,
            "eps_4q_growth_year": null,
            "roe": null,
            "roe_4q": 0,
            "gross_profit": null,
            "gross_margin": null,
            "gross_margin_4q_avg": 0,
            "net_income": null,
            "net_income_4q": null,
            "revenue": null,
            "revenue_4q": null,
            "common_shares": null,
            "book_valuer_per_share": null,
            "book_valuer_per_share_4q_avg": 0,
            "equity": null,
            "current_ratio": null,
            "debt_ratio": null,
            "inventory_turnover_ratio": null,
            "account_receivable_turnover_ratio": null,
            "reinvestment_rate": null,
            "research_to_sale_ratio": null,
            "price_fair": 0,
            "eps_avg_yearly": 0,
            "eps_latest_yearly": 0,
            "eps_growth_yearly": 0
        },
        "20034": {
            "year_quarter": 20034,
            "year": 2003,
            "quarter": 4,
            "eps": null,
            "eps_growth_year": null,
            "eps_4q": null,
            "eps_4q_growth_year": null,
            "roe": null,
            "roe_4q": 0,
            "gross_profit": null,
            "gross_margin": null,
            "gross_margin_4q_avg": 0,
            "net_income": null,
            "net_income_4q": null,
            "revenue": null,
            "revenue_4q": null,
            "common_shares": null,
            "book_valuer_per_share": null,
            "book_valuer_per_share_4q_avg": 0,
            "equity": null,
            "current_ratio": null,
            "debt_ratio": null,
            "inventory_turnover_ratio": null,
            "account_receivable_turnover_ratio": null,
            "reinvestment_rate": null,
            "research_to_sale_ratio": null,
            "price_fair": 0,
            "eps_avg_yearly": 0,
            "eps_latest_yearly": 0,
            "eps_growth_yearly": 0
        },
        "20041": {
            "year_quarter": 20041,
            "year": 2004,
            "quarter": 1,
            "eps": null,
            "eps_growth_year": null,
            "eps_4q": null,
            "eps_4q_growth_year": null,
            "roe": null,
            "roe_4q": 0,
            "gross_profit": null,
            "gross_margin": null,
            "gross_margin_4q_avg": 0,
            "net_income": null,
            "net_income_4q": null,
            "revenue": null,
            "revenue_4q": null,
            "common_shares": null,
            "book_valuer_per_share": null,
            "book_valuer_per_share_4q_avg": 0,
            "equity": null,
            "current_ratio": null,
            "debt_ratio": null,
            "inventory_turnover_ratio": null,
            "account_receivable_turnover_ratio": null,
            "reinvestment_rate": null,
            "research_to_sale_ratio": null,
            "price_fair": 0,
            "eps_avg_yearly": 0,
            "eps_latest_yearly": 0,
            "eps_growth_yearly": 0
        },
        "20042": {
            "year_quarter": 20042,
            "year": 2004,
            "quarter": 2,
            "eps": null,
            "eps_growth_year": null,
            "eps_4q": null,
            "eps_4q_growth_year": null,
            "roe": null,
            "roe_4q": 0,
            "gross_profit": null,
            "gross_margin": null,
            "gross_margin_4q_avg": 0,
            "net_income": null,
            "net_income_4q": null,
            "revenue": null,
            "revenue_4q": null,
            "common_shares": null,
            "book_valuer_per_share": null,
            "book_valuer_per_share_4q_avg": 0,
            "equity": null,
            "current_ratio": null,
            "debt_ratio": null,
            "inventory_turnover_ratio": null,
            "account_receivable_turnover_ratio": null,
            "reinvestment_rate": null,
            "research_to_sale_ratio": null,
            "price_fair": 0,
            "eps_avg_yearly": 0,
            "eps_latest_yearly": 0,
            "eps_growth_yearly": 0
        },
        "20043": {
            "year_quarter": 20043,
            "year": 2004,
            "quarter": 3,
            "eps": null,
            "eps_growth_year": null,
            "eps_4q": null,
            "eps_4q_growth_year": null,
            "roe": null,
            "roe_4q": 0,
            "gross_profit": null,
            "gross_margin": null,
            "gross_margin_4q_avg": 0,
            "net_income": null,
            "net_income_4q": null,
            "revenue": null,
            "revenue_4q": null,
            "common_shares": null,
            "book_valuer_per_share": null,
            "book_valuer_per_share_4q_avg": 0,
            "equity": null,
            "current_ratio": null,
            "debt_ratio": null,
            "inventory_turnover_ratio": null,
            "account_receivable_turnover_ratio": null,
            "reinvestment_rate": null,
            "research_to_sale_ratio": null,
            "price_fair": 0,
            "eps_avg_yearly": 0,
            "eps_latest_yearly": 0,
            "eps_growth_yearly": 0
        },
        "20044": {
            "year_quarter": 20044,
            "year": 2004,
            "quarter": 4,
            "eps": null,
            "eps_growth_year": null,
            "eps_4q": null,
            "eps_4q_growth_year": null,
            "roe": null,
            "roe_4q": 0,
            "gross_profit": null,
            "gross_margin": null,
            "gross_margin_4q_avg": 0,
            "net_income": null,
            "net_income_4q": null,
            "revenue": null,
            "revenue_4q": null,
            "common_shares": null,
            "book_valuer_per_share": null,
            "book_valuer_per_share_4q_avg": 0,
            "equity": null,
            "current_ratio": null,
            "debt_ratio": null,
            "inventory_turnover_ratio": null,
            "account_receivable_turnover_ratio": null,
            "reinvestment_rate": null,
            "research_to_sale_ratio": null,
            "price_fair": 0,
            "eps_avg_yearly": 0,
            "eps_latest_yearly": 0,
            "eps_growth_yearly": 0
        },
        "20051": {
            "year_quarter": 20051,
            "year": 2005,
            "quarter": 1,
            "eps": null,
            "eps_growth_year": null,
            "eps_4q": null,
            "eps_4q_growth_year": null,
            "roe": null,
            "roe_4q": 0,
            "gross_profit": null,
            "gross_margin": null,
            "gross_margin_4q_avg": 0,
            "net_income": null,
            "net_income_4q": null,
            "revenue": null,
            "revenue_4q": null,
            "common_shares": null,
            "book_valuer_per_share": null,
            "book_valuer_per_share_4q_avg": 0,
            "equity": null,
            "current_ratio": null,
            "debt_ratio": null,
            "inventory_turnover_ratio": null,
            "account_receivable_turnover_ratio": null,
            "reinvestment_rate": null,
            "research_to_sale_ratio": null,
            "price_fair": 0,
            "eps_avg_yearly": 0,
            "eps_latest_yearly": 0,
            "eps_growth_yearly": 0
        },
        "20052": {
            "year_quarter": 20052,
            "year": 2005,
            "quarter": 2,
            "eps": null,
            "eps_growth_year": null,
            "eps_4q": null,
            "eps_4q_growth_year": null,
            "roe": null,
            "roe_4q": 0,
            "gross_profit": null,
            "gross_margin": null,
            "gross_margin_4q_avg": 0,
            "net_income": null,
            "net_income_4q": null,
            "revenue": null,
            "revenue_4q": null,
            "common_shares": null,
            "book_valuer_per_share": null,
            "book_valuer_per_share_4q_avg": 0,
            "equity": null,
            "current_ratio": null,
            "debt_ratio": null,
            "inventory_turnover_ratio": null,
            "account_receivable_turnover_ratio": null,
            "reinvestment_rate": null,
            "research_to_sale_ratio": null,
            "price_fair": 0,
            "eps_avg_yearly": 0,
            "eps_latest_yearly": 0,
            "eps_growth_yearly": 0
        },
        "20053": {
            "year_quarter": 20053,
            "year": 2005,
            "quarter": 3,
            "eps": null,
            "eps_growth_year": null,
            "eps_4q": null,
            "eps_4q_growth_year": null,
            "roe": null,
            "roe_4q": 0,
            "gross_profit": null,
            "gross_margin": null,
            "gross_margin_4q_avg": 0,
            "net_income": null,
            "net_income_4q": null,
            "revenue": null,
            "revenue_4q": null,
            "common_shares": null,
            "book_valuer_per_share": null,
            "book_valuer_per_share_4q_avg": 0,
            "equity": null,
            "current_ratio": null,
            "debt_ratio": null,
            "inventory_turnover_ratio": null,
            "account_receivable_turnover_ratio": null,
            "reinvestment_rate": null,
            "research_to_sale_ratio": null,
            "price_fair": 0,
            "eps_avg_yearly": 0,
            "eps_latest_yearly": 0,
            "eps_growth_yearly": 0
        },
        "20054": {
            "year_quarter": 20054,
            "year": 2005,
            "quarter": 4,
            "eps": null,
            "eps_growth_year": null,
            "eps_4q": null,
            "eps_4q_growth_year": null,
            "roe": null,
            "roe_4q": 0,
            "gross_profit": null,
            "gross_margin": null,
            "gross_margin_4q_avg": 0,
            "net_income": null,
            "net_income_4q": null,
            "revenue": null,
            "revenue_4q": null,
            "common_shares": 238800,
            "book_valuer_per_share": 12.8,
            "book_valuer_per_share_4q_avg": 3.2,
            "equity": 305587,
            "current_ratio": 41.07,
            "debt_ratio": 63.83,
            "inventory_turnover_ratio": null,
            "account_receivable_turnover_ratio": null,
            "reinvestment_rate": null,
            "research_to_sale_ratio": null,
            "price_fair": 0,
            "eps_avg_yearly": 0,
            "eps_latest_yearly": 0,
            "eps_growth_yearly": 0
        },
        "20061": {
            "year_quarter": 20061,
            "year": 2006,
            "quarter": 1,
            "eps": null,
            "eps_growth_year": null,
            "eps_4q": null,
            "eps_4q_growth_year": null,
            "roe": null,
            "roe_4q": 0,
            "gross_profit": null,
            "gross_margin": null,
            "gross_margin_4q_avg": 0,
            "net_income": null,
            "net_income_4q": null,
            "revenue": null,
            "revenue_4q": null,
            "common_shares": null,
            "book_valuer_per_share": null,
            "book_valuer_per_share_4q_avg": 3.2,
            "equity": null,
            "current_ratio": null,
            "debt_ratio": null,
            "inventory_turnover_ratio": null,
            "account_receivable_turnover_ratio": null,
            "reinvestment_rate": null,
            "research_to_sale_ratio": null,
            "price_fair": 0,
            "eps_avg_yearly": 0,
            "eps_latest_yearly": 0,
            "eps_growth_yearly": 0
        },
        "20062": {
            "year_quarter": 20062,
            "year": 2006,
            "quarter": 2,
            "eps": null,
            "eps_growth_year": null,
            "eps_4q": null,
            "eps_4q_growth_year": null,
            "roe": null,
            "roe_4q": 0,
            "gross_profit": null,
            "gross_margin": null,
            "gross_margin_4q_avg": 0,
            "net_income": null,
            "net_income_4q": null,
            "revenue": null,
            "revenue_4q": null,
            "common_shares": null,
            "book_valuer_per_share": null,
            "book_valuer_per_share_4q_avg": 3.2,
            "equity": null,
            "current_ratio": null,
            "debt_ratio": null,
            "inventory_turnover_ratio": null,
            "account_receivable_turnover_ratio": null,
            "reinvestment_rate": null,
            "research_to_sale_ratio": null,
            "price_fair": 0,
            "eps_avg_yearly": 0,
            "eps_latest_yearly": 0,
            "eps_growth_yearly": 0
        },
        "20063": {
            "year_quarter": 20063,
            "year": 2006,
            "quarter": 3,
            "eps": null,
            "eps_growth_year": null,
            "eps_4q": null,
            "eps_4q_growth_year": null,
            "roe": null,
            "roe_4q": 0,
            "gross_profit": null,
            "gross_margin": null,
            "gross_margin_4q_avg": 0,
            "net_income": null,
            "net_income_4q": null,
            "revenue": null,
            "revenue_4q": null,
            "common_shares": null,
            "book_valuer_per_share": null,
            "book_valuer_per_share_4q_avg": 3.2,
            "equity": null,
            "current_ratio": null,
            "debt_ratio": null,
            "inventory_turnover_ratio": null,
            "account_receivable_turnover_ratio": null,
            "reinvestment_rate": null,
            "research_to_sale_ratio": null,
            "price_fair": 0,
            "eps_avg_yearly": 0,
            "eps_latest_yearly": 0,
            "eps_growth_yearly": 0
        },
        "20064": {
            "year_quarter": 20064,
            "year": 2006,
            "quarter": 4,
            "eps": null,
            "eps_growth_year": null,
            "eps_4q": null,
            "eps_4q_growth_year": null,
            "roe": null,
            "roe_4q": 0,
            "gross_profit": null,
            "gross_margin": null,
            "gross_margin_4q_avg": 0,
            "net_income": null,
            "net_income_4q": null,
            "revenue": null,
            "revenue_4q": null,
            "common_shares": 293200,
            "book_valuer_per_share": 18.74,
            "book_valuer_per_share_4q_avg": 4.69,
            "equity": 549467,
            "current_ratio": 109.5,
            "debt_ratio": 62.88,
            "inventory_turnover_ratio": null,
            "account_receivable_turnover_ratio": null,
            "reinvestment_rate": null,
            "research_to_sale_ratio": null,
            "price_fair": 0,
            "eps_avg_yearly": 0,
            "eps_latest_yearly": 0,
            "eps_growth_yearly": 0
        },
        "20071": {
            "year_quarter": 20071,
            "year": 2007,
            "quarter": 1,
            "eps": null,
            "eps_growth_year": null,
            "eps_4q": null,
            "eps_4q_growth_year": null,
            "roe": null,
            "roe_4q": 0,
            "gross_profit": null,
            "gross_margin": null,
            "gross_margin_4q_avg": 0,
            "net_income": null,
            "net_income_4q": null,
            "revenue": null,
            "revenue_4q": null,
            "common_shares": null,
            "book_valuer_per_share": null,
            "book_valuer_per_share_4q_avg": 4.69,
            "equity": null,
            "current_ratio": null,
            "debt_ratio": null,
            "inventory_turnover_ratio": null,
            "account_receivable_turnover_ratio": null,
            "reinvestment_rate": null,
            "research_to_sale_ratio": null,
            "price_fair": 0,
            "eps_avg_yearly": 0,
            "eps_latest_yearly": 0,
            "eps_growth_yearly": 0
        },
        "20072": {
            "year_quarter": 20072,
            "year": 2007,
            "quarter": 2,
            "eps": null,
            "eps_growth_year": null,
            "eps_4q": null,
            "eps_4q_growth_year": null,
            "roe": null,
            "roe_4q": 0,
            "gross_profit": null,
            "gross_margin": null,
            "gross_margin_4q_avg": 0,
            "net_income": null,
            "net_income_4q": null,
            "revenue": null,
            "revenue_4q": null,
            "common_shares": null,
            "book_valuer_per_share": null,
            "book_valuer_per_share_4q_avg": 4.69,
            "equity": null,
            "current_ratio": null,
            "debt_ratio": null,
            "inventory_turnover_ratio": null,
            "account_receivable_turnover_ratio": null,
            "reinvestment_rate": null,
            "research_to_sale_ratio": null,
            "price_fair": 0,
            "eps_avg_yearly": 0,
            "eps_latest_yearly": 0,
            "eps_growth_yearly": 0
        },
        "20073": {
            "year_quarter": 20073,
            "year": 2007,
            "quarter": 3,
            "eps": null,
            "eps_growth_year": null,
            "eps_4q": null,
            "eps_4q_growth_year": null,
            "roe": null,
            "roe_4q": 0,
            "gross_profit": null,
            "gross_margin": null,
            "gross_margin_4q_avg": 0,
            "net_income": null,
            "net_income_4q": null,
            "revenue": null,
            "revenue_4q": null,
            "common_shares": null,
            "book_valuer_per_share": null,
            "book_valuer_per_share_4q_avg": 4.69,
            "equity": null,
            "current_ratio": null,
            "debt_ratio": null,
            "inventory_turnover_ratio": null,
            "account_receivable_turnover_ratio": null,
            "reinvestment_rate": null,
            "research_to_sale_ratio": null,
            "price_fair": 0,
            "eps_avg_yearly": 0,
            "eps_latest_yearly": 0,
            "eps_growth_yearly": 0
        },
        "20074": {
            "year_quarter": 20074,
            "year": 2007,
            "quarter": 4,
            "eps": null,
            "eps_growth_year": null,
            "eps_4q": null,
            "eps_4q_growth_year": null,
            "roe": null,
            "roe_4q": 0,
            "gross_profit": null,
            "gross_margin": null,
            "gross_margin_4q_avg": 0,
            "net_income": null,
            "net_income_4q": null,
            "revenue": null,
            "revenue_4q": null,
            "common_shares": 622695,
            "book_valuer_per_share": 61.56,
            "book_valuer_per_share_4q_avg": 15.39,
            "equity": 3833532,
            "current_ratio": 267.06,
            "debt_ratio": 20.89,
            "inventory_turnover_ratio": null,
            "account_receivable_turnover_ratio": null,
            "reinvestment_rate": null,
            "research_to_sale_ratio": null,
            "price_fair": 0,
            "eps_avg_yearly": 0,
            "eps_latest_yearly": 0,
            "eps_growth_yearly": 0
        },
        "20081": {
            "year_quarter": 20081,
            "year": 2008,
            "quarter": 1,
            "eps": null,
            "eps_growth_year": null,
            "eps_4q": null,
            "eps_4q_growth_year": null,
            "roe": null,
            "roe_4q": 0,
            "gross_profit": null,
            "gross_margin": null,
            "gross_margin_4q_avg": 0,
            "net_income": null,
            "net_income_4q": null,
            "revenue": null,
            "revenue_4q": null,
            "common_shares": null,
            "book_valuer_per_share": null,
            "book_valuer_per_share_4q_avg": 15.39,
            "equity": null,
            "current_ratio": null,
            "debt_ratio": null,
            "inventory_turnover_ratio": null,
            "account_receivable_turnover_ratio": null,
            "reinvestment_rate": null,
            "research_to_sale_ratio": null,
            "price_fair": 0,
            "eps_avg_yearly": 0,
            "eps_latest_yearly": 0,
            "eps_growth_yearly": 0
        },
        "20082": {
            "year_quarter": 20082,
            "year": 2008,
            "quarter": 2,
            "eps": null,
            "eps_growth_year": null,
            "eps_4q": null,
            "eps_4q_growth_year": null,
            "roe": null,
            "roe_4q": 0,
            "gross_profit": null,
            "gross_margin": null,
            "gross_margin_4q_avg": 0,
            "net_income": null,
            "net_income_4q": null,
            "revenue": null,
            "revenue_4q": null,
            "common_shares": null,
            "book_valuer_per_share": null,
            "book_valuer_per_share_4q_avg": 15.39,
            "equity": null,
            "current_ratio": null,
            "debt_ratio": null,
            "inventory_turnover_ratio": null,
            "account_receivable_turnover_ratio": null,
            "reinvestment_rate": null,
            "research_to_sale_ratio": null,
            "price_fair": 0,
            "eps_avg_yearly": 0,
            "eps_latest_yearly": 0,
            "eps_growth_yearly": 0
        },
        "20083": {
            "year_quarter": 20083,
            "year": 2008,
            "quarter": 3,
            "eps": null,
            "eps_growth_year": null,
            "eps_4q": null,
            "eps_4q_growth_year": null,
            "roe": null,
            "roe_4q": 0,
            "gross_profit": null,
            "gross_margin": null,
            "gross_margin_4q_avg": 0,
            "net_income": null,
            "net_income_4q": null,
            "revenue": null,
            "revenue_4q": null,
            "common_shares": null,
            "book_valuer_per_share": null,
            "book_valuer_per_share_4q_avg": 15.39,
            "equity": null,
            "current_ratio": null,
            "debt_ratio": null,
            "inventory_turnover_ratio": null,
            "account_receivable_turnover_ratio": null,
            "reinvestment_rate": null,
            "research_to_sale_ratio": null,
            "price_fair": 0,
            "eps_avg_yearly": 0,
            "eps_latest_yearly": 0,
            "eps_growth_yearly": 0
        },
        "20084": {
            "year_quarter": 20084,
            "year": 2008,
            "quarter": 4,
            "eps": null,
            "eps_growth_year": null,
            "eps_4q": null,
            "eps_4q_growth_year": null,
            "roe": null,
            "roe_4q": 0,
            "gross_profit": null,
            "gross_margin": null,
            "gross_margin_4q_avg": 0,
            "net_income": null,
            "net_income_4q": null,
            "revenue": null,
            "revenue_4q": null,
            "common_shares": 934043,
            "book_valuer_per_share": 51.06,
            "book_valuer_per_share_4q_avg": 12.77,
            "equity": 4845810,
            "current_ratio": 209.24,
            "debt_ratio": 36.93,
            "inventory_turnover_ratio": null,
            "account_receivable_turnover_ratio": null,
            "reinvestment_rate": null,
            "research_to_sale_ratio": null,
            "price_fair": 0,
            "eps_avg_yearly": 0,
            "eps_latest_yearly": 0,
            "eps_growth_yearly": 0
        },
        "20091": {
            "year_quarter": 20091,
            "year": 2009,
            "quarter": 1,
            "eps": null,
            "eps_growth_year": null,
            "eps_4q": null,
            "eps_4q_growth_year": null,
            "roe": null,
            "roe_4q": 0,
            "gross_profit": null,
            "gross_margin": null,
            "gross_margin_4q_avg": 0,
            "net_income": null,
            "net_income_4q": null,
            "revenue": null,
            "revenue_4q": null,
            "common_shares": null,
            "book_valuer_per_share": null,
            "book_valuer_per_share_4q_avg": 12.77,
            "equity": null,
            "current_ratio": null,
            "debt_ratio": null,
            "inventory_turnover_ratio": null,
            "account_receivable_turnover_ratio": null,
            "reinvestment_rate": null,
            "research_to_sale_ratio": null,
            "price_fair": 0,
            "eps_avg_yearly": 0,
            "eps_latest_yearly": 0,
            "eps_growth_yearly": 0
        },
        "20092": {
            "year_quarter": 20092,
            "year": 2009,
            "quarter": 2,
            "eps": null,
            "eps_growth_year": null,
            "eps_4q": null,
            "eps_4q_growth_year": null,
            "roe": null,
            "roe_4q": 0,
            "gross_profit": null,
            "gross_margin": null,
            "gross_margin_4q_avg": 0,
            "net_income": null,
            "net_income_4q": null,
            "revenue": null,
            "revenue_4q": null,
            "common_shares": 934478,
            "book_valuer_per_share": null,
            "book_valuer_per_share_4q_avg": 12.77,
            "equity": 5181937,
            "current_ratio": null,
            "debt_ratio": null,
            "inventory_turnover_ratio": null,
            "account_receivable_turnover_ratio": null,
            "reinvestment_rate": null,
            "research_to_sale_ratio": null,
            "price_fair": 0,
            "eps_avg_yearly": 0,
            "eps_latest_yearly": 0,
            "eps_growth_yearly": 0
        },
        "20093": {
            "year_quarter": 20093,
            "year": 2009,
            "quarter": 3,
            "eps": null,
            "eps_growth_year": null,
            "eps_4q": null,
            "eps_4q_growth_year": null,
            "roe": null,
            "roe_4q": 0,
            "gross_profit": null,
            "gross_margin": null,
            "gross_margin_4q_avg": 0,
            "net_income": null,
            "net_income_4q": null,
            "revenue": null,
            "revenue_4q": null,
            "common_shares": null,
            "book_valuer_per_share": null,
            "book_valuer_per_share_4q_avg": 12.77,
            "equity": null,
            "current_ratio": null,
            "debt_ratio": null,
            "inventory_turnover_ratio": null,
            "account_receivable_turnover_ratio": null,
            "reinvestment_rate": null,
            "research_to_sale_ratio": null,
            "price_fair": 0,
            "eps_avg_yearly": 0,
            "eps_latest_yearly": 0,
            "eps_growth_yearly": 0
        },
        "20094": {
            "year_quarter": 20094,
            "year": 2009,
            "quarter": 4,
            "eps": null,
            "eps_growth_year": null,
            "eps_4q": null,
            "eps_4q_growth_year": null,
            "roe": null,
            "roe_4q": 0,
            "gross_profit": null,
            "gross_margin": null,
            "gross_margin_4q_avg": 0,
            "net_income": null,
            "net_income_4q": null,
            "revenue": null,
            "revenue_4q": null,
            "common_shares": 1074584,
            "book_valuer_per_share": 50.2,
            "book_valuer_per_share_4q_avg": 12.55,
            "equity": 5460313,
            "current_ratio": 268.71,
            "debt_ratio": 30.87,
            "inventory_turnover_ratio": null,
            "account_receivable_turnover_ratio": null,
            "reinvestment_rate": null,
            "research_to_sale_ratio": null,
            "price_fair": 0,
            "eps_avg_yearly": 0,
            "eps_latest_yearly": 0,
            "eps_growth_yearly": 0
        },
        "20101": {
            "year_quarter": 20101,
            "year": 2010,
            "quarter": 1,
            "eps": null,
            "eps_growth_year": null,
            "eps_4q": null,
            "eps_4q_growth_year": null,
            "roe": null,
            "roe_4q": 0,
            "gross_profit": 402529,
            "gross_margin": null,
            "gross_margin_4q_avg": 0,
            "net_income": 177853,
            "net_income_4q": null,
            "revenue": 1948504,
            "revenue_4q": null,
            "common_shares": 1074584,
            "book_valuer_per_share": 51.58,
            "book_valuer_per_share_4q_avg": 25.45,
            "equity": 5542276,
            "current_ratio": 260.17,
            "debt_ratio": 32.39,
            "inventory_turnover_ratio": null,
            "account_receivable_turnover_ratio": null,
            "reinvestment_rate": null,
            "research_to_sale_ratio": null,
            "price_fair": 0,
            "eps_avg_yearly": 0,
            "eps_latest_yearly": 0,
            "eps_growth_yearly": 0
        },
        "20102": {
            "year_quarter": 20102,
            "year": 2010,
            "quarter": 2,
            "eps": 2.4,
            "eps_growth_year": null,
            "eps_4q": null,
            "eps_4q_growth_year": null,
            "roe": 5.63,
            "roe_4q": 5.63,
            "gross_profit": 461730,
            "gross_margin": 21.3,
            "gross_margin_4q_avg": 5.33,
            "net_income": 316846,
            "net_income_4q": null,
            "revenue": 2167865,
            "revenue_4q": null,
            "common_shares": 1075819,
            "book_valuer_per_share": 53.14,
            "book_valuer_per_share_4q_avg": 38.73,
            "equity": 5717128,
            "current_ratio": 228.95,
            "debt_ratio": 35.34,
            "inventory_turnover_ratio": 3.99,
            "account_receivable_turnover_ratio": 0.99,
            "reinvestment_rate": null,
            "research_to_sale_ratio": null,
            "price_fair": 0,
            "eps_avg_yearly": 0,
            "eps_latest_yearly": 0,
            "eps_growth_yearly": 0
        },
        "20103": {
            "year_quarter": 20103,
            "year": 2010,
            "quarter": 3,
            "eps": null,
            "eps_growth_year": null,
            "eps_4q": null,
            "eps_4q_growth_year": null,
            "roe": null,
            "roe_4q": 5.63,
            "gross_profit": 483263,
            "gross_margin": null,
            "gross_margin_4q_avg": 5.33,
            "net_income": 197324,
            "net_income_4q": null,
            "revenue": 2224831,
            "revenue_4q": null,
            "common_shares": 1317601,
            "book_valuer_per_share": 44.27,
            "book_valuer_per_share_4q_avg": 49.8,
            "equity": 5832817,
            "current_ratio": 236.74,
            "debt_ratio": 35.08,
            "inventory_turnover_ratio": null,
            "account_receivable_turnover_ratio": null,
            "reinvestment_rate": null,
            "research_to_sale_ratio": null,
            "price_fair": 0,
            "eps_avg_yearly": 0,
            "eps_latest_yearly": 0,
            "eps_growth_yearly": 0
        },
        "20104": {
            "year_quarter": 20104,
            "year": 2010,
            "quarter": 4,
            "eps": null,
            "eps_growth_year": null,
            "eps_4q": null,
            "eps_4q_growth_year": null,
            "roe": null,
            "roe_4q": 5.63,
            "gross_profit": 397926,
            "gross_margin": null,
            "gross_margin_4q_avg": 5.33,
            "net_income": 114208,
            "net_income_4q": null,
            "revenue": 2055431,
            "revenue_4q": null,
            "common_shares": 1317601,
            "book_valuer_per_share": 42.97,
            "book_valuer_per_share_4q_avg": 47.99,
            "equity": 5661803,
            "current_ratio": 276.95,
            "debt_ratio": 30.64,
            "inventory_turnover_ratio": null,
            "account_receivable_turnover_ratio": null,
            "reinvestment_rate": null,
            "research_to_sale_ratio": null,
            "price_fair": 0,
            "eps_avg_yearly": 0,
            "eps_latest_yearly": 0,
            "eps_growth_yearly": 0
        },
        "20111": {
            "year_quarter": 20111,
            "year": 2011,
            "quarter": 1,
            "eps": 1.3,
            "eps_growth_year": null,
            "eps_4q": 3.71,
            "eps_4q_growth_year": null,
            "roe": 2.97,
            "roe_4q": 8.6,
            "gross_profit": 380528,
            "gross_margin": 19.59,
            "gross_margin_4q_avg": 10.22,
            "net_income": 171598,
            "net_income_4q": null,
            "revenue": 1942770,
            "revenue_4q": null,
            "common_shares": 1317601,
            "book_valuer_per_share": 44.8,
            "book_valuer_per_share_4q_avg": 46.3,
            "equity": 5902680,
            "current_ratio": 282.62,
            "debt_ratio": 30.56,
            "inventory_turnover_ratio": 4.32,
            "account_receivable_turnover_ratio": 0.62,
            "reinvestment_rate": null,
            "research_to_sale_ratio": 0.57,
            "price_fair": 0,
            "eps_avg_yearly": 0,
            "eps_latest_yearly": 0,
            "eps_growth_yearly": 0
        },
        "20112": {
            "year_quarter": 20112,
            "year": 2011,
            "quarter": 2,
            "eps": 1.34,
            "eps_growth_year": -44.14,
            "eps_4q": 2.47,
            "eps_4q_growth_year": null,
            "roe": 3.32,
            "roe_4q": 6.29,
            "gross_profit": 376144,
            "gross_margin": 17.62,
            "gross_margin_4q_avg": 9.3,
            "net_income": 204902,
            "net_income_4q": null,
            "revenue": 2134614,
            "revenue_4q": null,
            "common_shares": 1457501,
            "book_valuer_per_share": 44.1,
            "book_valuer_per_share_4q_avg": 44.04,
            "equity": 6433467,
            "current_ratio": 257.71,
            "debt_ratio": 31.79,
            "inventory_turnover_ratio": 4.19,
            "account_receivable_turnover_ratio": 0.66,
            "reinvestment_rate": null,
            "research_to_sale_ratio": 0.56,
            "price_fair": 119.57,
            "eps_avg_yearly": 5.36,
            "eps_latest_yearly": 5.36,
            "eps_growth_yearly": 12.31
        },
        "20113": {
            "year_quarter": 20113,
            "year": 2011,
            "quarter": 3,
            "eps": 1.31,
            "eps_growth_year": null,
            "eps_4q": 3.78,
            "eps_4q_growth_year": null,
            "roe": 2.97,
            "roe_4q": 9.26,
            "gross_profit": 437802,
            "gross_margin": 19.44,
            "gross_margin_4q_avg": 14.16,
            "net_income": 200135,
            "net_income_4q": null,
            "revenue": 2252616,
            "revenue_4q": null,
            "common_shares": 1524771,
            "book_valuer_per_share": 46.29,
            "book_valuer_per_share_4q_avg": 44.54,
            "equity": 7058114,
            "current_ratio": 248.07,
            "debt_ratio": 32.14,
            "inventory_turnover_ratio": 3.92,
            "account_receivable_turnover_ratio": 0.62,
            "reinvestment_rate": null,
            "research_to_sale_ratio": 0.72,
            "price_fair": 61.88,
            "eps_avg_yearly": 5.3,
            "eps_latest_yearly": 5.24,
            "eps_growth_yearly": 1.68
        },
        "20114": {
            "year_quarter": 20114,
            "year": 2011,
            "quarter": 4,
            "eps": 0.52,
            "eps_growth_year": null,
            "eps_4q": 4.3,
            "eps_4q_growth_year": null,
            "roe": 1.12,
            "roe_4q": 10.38,
            "gross_profit": 323793,
            "gross_margin": 15.06,
            "gross_margin_4q_avg": 17.93,
            "net_income": 79421,
            "net_income_4q": null,
            "revenue": 2150100,
            "revenue_4q": null,
            "common_shares": 1524771,
            "book_valuer_per_share": 46.91,
            "book_valuer_per_share_4q_avg": 45.53,
            "equity": 7152782,
            "current_ratio": 262.48,
            "debt_ratio": 30.62,
            "inventory_turnover_ratio": 4.19,
            "account_receivable_turnover_ratio": 0.58,
            "reinvestment_rate": null,
            "research_to_sale_ratio": 0.87,
            "price_fair": 12.68,
            "eps_avg_yearly": 4.23,
            "eps_latest_yearly": 2.08,
            "eps_growth_yearly": -79.29
        },
        "20121": {
            "year_quarter": 20121,
            "year": 2012,
            "quarter": 1,
            "eps": 0.68,
            "eps_growth_year": -47.69,
            "eps_4q": 3.86,
            "eps_4q_growth_year": 4.16,
            "roe": 1.46,
            "roe_4q": 8.870000000000001,
            "gross_profit": 344744,
            "gross_margin": 18.51,
            "gross_margin_4q_avg": 17.66,
            "net_income": 104323,
            "net_income_4q": null,
            "revenue": 1862662,
            "revenue_4q": null,
            "common_shares": 1524771,
            "book_valuer_per_share": 46.66,
            "book_valuer_per_share_4q_avg": 45.99,
            "equity": 7113872,
            "current_ratio": 269.87,
            "debt_ratio": 29.81,
            "inventory_turnover_ratio": 3.68,
            "account_receivable_turnover_ratio": 0.53,
            "reinvestment_rate": null,
            "research_to_sale_ratio": 0.66,
            "price_fair": 11.55,
            "eps_avg_yearly": 3.85,
            "eps_latest_yearly": 2.72,
            "eps_growth_yearly": -28.7
        },
        "20122": {
            "year_quarter": 20122,
            "year": 2012,
            "quarter": 2,
            "eps": 0.59,
            "eps_growth_year": -56.24,
            "eps_4q": 3.1,
            "eps_4q_growth_year": 25.76,
            "roe": 1.28,
            "roe_4q": 6.83,
            "gross_profit": 379477,
            "gross_margin": 19.3,
            "gross_margin_4q_avg": 18.08,
            "net_income": 89691,
            "net_income_4q": null,
            "revenue": 1965832,
            "revenue_4q": null,
            "common_shares": 1524771,
            "book_valuer_per_share": 45.3,
            "book_valuer_per_share_4q_avg": 46.29,
            "equity": 6913341,
            "current_ratio": 219.24,
            "debt_ratio": 36.38,
            "inventory_turnover_ratio": 3.62,
            "account_receivable_turnover_ratio": 0.58,
            "reinvestment_rate": null,
            "research_to_sale_ratio": 0.64,
            "price_fair": 10.66,
            "eps_avg_yearly": 3.55,
            "eps_latest_yearly": 2.36,
            "eps_growth_yearly": -33.55
        },
        "20123": {
            "year_quarter": 20123,
            "year": 2012,
            "quarter": 3,
            "eps": 1.2,
            "eps_growth_year": -8.2,
            "eps_4q": 3,
            "eps_4q_growth_year": -20.75,
            "roe": 2.64,
            "roe_4q": 6.5,
            "gross_profit": 401112,
            "gross_margin": 19.15,
            "gross_margin_4q_avg": 18.01,
            "net_income": 183447,
            "net_income_4q": null,
            "revenue": 2094314,
            "revenue_4q": null,
            "common_shares": 1525626,
            "book_valuer_per_share": 45.6,
            "book_valuer_per_share_4q_avg": 46.12,
            "equity": 6958605,
            "current_ratio": 229.04,
            "debt_ratio": 35.03,
            "inventory_turnover_ratio": 3.59,
            "account_receivable_turnover_ratio": 0.65,
            "reinvestment_rate": null,
            "research_to_sale_ratio": 0.78,
            "price_fair": 131.6,
            "eps_avg_yearly": 3.76,
            "eps_latest_yearly": 4.8,
            "eps_growth_yearly": 40.97
        },
        "20124": {
            "year_quarter": 20124,
            "year": 2012,
            "quarter": 4,
            "eps": 1.55,
            "eps_growth_year": 196.78,
            "eps_4q": 4.03,
            "eps_4q_growth_year": -6.41,
            "roe": 3.34,
            "roe_4q": 8.72,
            "gross_profit": 500491,
            "gross_margin": 21.51,
            "gross_margin_4q_avg": 19.62,
            "net_income": 236202,
            "net_income_4q": null,
            "revenue": 2326967,
            "revenue_4q": null,
            "common_shares": 1525626,
            "book_valuer_per_share": 47.14,
            "book_valuer_per_share_4q_avg": 46.18,
            "equity": 7195349,
            "current_ratio": 238.35,
            "debt_ratio": 33.58,
            "inventory_turnover_ratio": 4.11,
            "account_receivable_turnover_ratio": 0.66,
            "reinvestment_rate": null,
            "research_to_sale_ratio": 0.74,
            "price_fair": 143.8,
            "eps_avg_yearly": 4.11,
            "eps_latest_yearly": 6.2,
            "eps_growth_yearly": 51.78
        },
        "20131": {
            "year_quarter": 20131,
            "year": 2013,
            "quarter": 1,
            "eps": 0.8,
            "eps_growth_year": 17.65,
            "eps_4q": 4.14,
            "eps_4q_growth_year": 7.32,
            "roe": 1.65,
            "roe_4q": 8.91,
            "gross_profit": 351181,
            "gross_margin": 17.23,
            "gross_margin_4q_avg": 19.3,
            "net_income": 121361,
            "net_income_4q": null,
            "revenue": 2038005,
            "revenue_4q": null,
            "common_shares": 1523046,
            "book_valuer_per_share": 49.08,
            "book_valuer_per_share_4q_avg": 46.78,
            "equity": 7489091,
            "current_ratio": 251.16,
            "debt_ratio": 31.6,
            "inventory_turnover_ratio": 4.19,
            "account_receivable_turnover_ratio": 0.56,
            "reinvestment_rate": null,
            "research_to_sale_ratio": 0.77,
            "price_fair": 124.32,
            "eps_avg_yearly": 4,
            "eps_latest_yearly": 3.2,
            "eps_growth_yearly": 21.12
        },
        "20132": {
            "year_quarter": 20132,
            "year": 2013,
            "quarter": 2,
            "eps": 0.23,
            "eps_growth_year": -60.87,
            "eps_4q": 3.79,
            "eps_4q_growth_year": 22.06,
            "roe": 0.48,
            "roe_4q": 8.11,
            "gross_profit": 370278,
            "gross_margin": 17.2,
            "gross_margin_4q_avg": 18.77,
            "net_income": 35407,
            "net_income_4q": null,
            "revenue": 2153334,
            "revenue_4q": null,
            "common_shares": 1523046,
            "book_valuer_per_share": 48.1,
            "book_valuer_per_share_4q_avg": 47.48,
            "equity": 7339468,
            "current_ratio": 228.21,
            "debt_ratio": 34.29,
            "inventory_turnover_ratio": 4.07,
            "account_receivable_turnover_ratio": 0.63,
            "reinvestment_rate": null,
            "research_to_sale_ratio": 0.87,
            "price_fair": 10.96,
            "eps_avg_yearly": 3.65,
            "eps_latest_yearly": 0.92,
            "eps_growth_yearly": -12.9
        },
        "20133": {
            "year_quarter": 20133,
            "year": 2013,
            "quarter": 3,
            "eps": 1.13,
            "eps_growth_year": -6.22,
            "eps_4q": 3.71,
            "eps_4q_growth_year": 23.71,
            "roe": 2.32,
            "roe_4q": 7.789999999999999,
            "gross_profit": 458573,
            "gross_margin": 17.5,
            "gross_margin_4q_avg": 18.36,
            "net_income": 171320,
            "net_income_4q": null,
            "revenue": 2619829,
            "revenue_4q": null,
            "common_shares": 1523046,
            "book_valuer_per_share": 48.75,
            "book_valuer_per_share_4q_avg": 48.27,
            "equity": 7438610,
            "current_ratio": 226.56,
            "debt_ratio": 34.66,
            "inventory_turnover_ratio": 4.48,
            "account_receivable_turnover_ratio": 0.71,
            "reinvestment_rate": null,
            "research_to_sale_ratio": 0.62,
            "price_fair": 130.9,
            "eps_avg_yearly": 3.74,
            "eps_latest_yearly": 4.52,
            "eps_growth_yearly": 144.92
        },
        "20134": {
            "year_quarter": 20134,
            "year": 2013,
            "quarter": 4,
            "eps": 1.11,
            "eps_growth_year": -28.12,
            "eps_4q": 3.27,
            "eps_4q_growth_year": -18.72,
            "roe": 2.23,
            "roe_4q": 6.68,
            "gross_profit": 462873,
            "gross_margin": 16.87,
            "gross_margin_4q_avg": 17.2,
            "net_income": 169085,
            "net_income_4q": null,
            "revenue": 2744458,
            "revenue_4q": null,
            "common_shares": 1523046,
            "book_valuer_per_share": 50.58,
            "book_valuer_per_share_4q_avg": 49.13,
            "equity": 7716635,
            "current_ratio": 215.05,
            "debt_ratio": 36.12,
            "inventory_turnover_ratio": 4.68,
            "account_receivable_turnover_ratio": 0.64,
            "reinvestment_rate": 22.23,
            "research_to_sale_ratio": 0.88,
            "price_fair": 133.13,
            "eps_avg_yearly": 3.8,
            "eps_latest_yearly": 4.44,
            "eps_growth_yearly": 131.1
        },
        "20141": {
            "year_quarter": 20141,
            "year": 2014,
            "quarter": 1,
            "eps": 1.04,
            "eps_growth_year": 30,
            "eps_4q": 3.51,
            "eps_4q_growth_year": -15.3,
            "roe": 2.02,
            "roe_4q": 7.050000000000001,
            "gross_profit": 373630,
            "gross_margin": 16.09,
            "gross_margin_4q_avg": 16.92,
            "net_income": 158202,
            "net_income_4q": null,
            "revenue": 2321792,
            "revenue_4q": null,
            "common_shares": 1523046,
            "book_valuer_per_share": 52.23,
            "book_valuer_per_share_4q_avg": 49.92,
            "equity": 7969098,
            "current_ratio": 235.13,
            "debt_ratio": 33.08,
            "inventory_turnover_ratio": 4.17,
            "account_receivable_turnover_ratio": 0.52,
            "reinvestment_rate": 25.34,
            "research_to_sale_ratio": 0.95,
            "price_fair": 134.17,
            "eps_avg_yearly": 3.83,
            "eps_latest_yearly": 4.16,
            "eps_growth_yearly": 118.07
        },
        "20142": {
            "year_quarter": 20142,
            "year": 2014,
            "quarter": 2,
            "eps": 0.26,
            "eps_growth_year": 13.04,
            "eps_4q": 3.53,
            "eps_4q_growth_year": -6.7,
            "roe": 0.5,
            "roe_4q": 7.07,
            "gross_profit": 336742,
            "gross_margin": 14.31,
            "gross_margin_4q_avg": 16.19,
            "net_income": 39131,
            "net_income_4q": null,
            "revenue": 2352941,
            "revenue_4q": null,
            "common_shares": 1523046,
            "book_valuer_per_share": 49.93,
            "book_valuer_per_share_4q_avg": 50.37,
            "equity": 7617504,
            "current_ratio": 239.73,
            "debt_ratio": 32.2,
            "inventory_turnover_ratio": 4.55,
            "account_receivable_turnover_ratio": 0.55,
            "reinvestment_rate": 19.86,
            "research_to_sale_ratio": 0.69,
            "price_fair": 126.65,
            "eps_avg_yearly": 3.62,
            "eps_latest_yearly": 1.04,
            "eps_growth_yearly": 85.91
        },
        "20143": {
            "year_quarter": 20143,
            "year": 2014,
            "quarter": 3,
            "eps": 0.74,
            "eps_growth_year": -34.51,
            "eps_4q": 3.15,
            "eps_4q_growth_year": -15.03,
            "roe": 1.46,
            "roe_4q": 6.21,
            "gross_profit": 403435,
            "gross_margin": 16.13,
            "gross_margin_4q_avg": 15.85,
            "net_income": 112957,
            "net_income_4q": null,
            "revenue": 2501651,
            "revenue_4q": null,
            "common_shares": 1523046,
            "book_valuer_per_share": 51.54,
            "book_valuer_per_share_4q_avg": 51.07,
            "equity": 7863263,
            "current_ratio": 237.21,
            "debt_ratio": 32.89,
            "inventory_turnover_ratio": 4.79,
            "account_receivable_turnover_ratio": 0.59,
            "reinvestment_rate": 22.65,
            "research_to_sale_ratio": 0.61,
            "price_fair": 125,
            "eps_avg_yearly": 3.57,
            "eps_latest_yearly": 2.96,
            "eps_growth_yearly": 132.52
        },
        "20144": {
            "year_quarter": 20144,
            "year": 2014,
            "quarter": 4,
            "eps": 0.55,
            "eps_growth_year": -50.88,
            "eps_4q": 2.59,
            "eps_4q_growth_year": -21.02,
            "roe": 1.03,
            "roe_4q": 5.01,
            "gross_profit": 325097,
            "gross_margin": 14.36,
            "gross_margin_4q_avg": 15.22,
            "net_income": 83121,
            "net_income_4q": null,
            "revenue": 2264277,
            "revenue_4q": null,
            "common_shares": 1523046,
            "book_valuer_per_share": 54.27,
            "book_valuer_per_share_4q_avg": 51.99,
            "equity": 8278955,
            "current_ratio": 247.02,
            "debt_ratio": 31.38,
            "inventory_turnover_ratio": 4.34,
            "account_receivable_turnover_ratio": 0.52,
            "reinvestment_rate": 31.45,
            "research_to_sale_ratio": 0.84,
            "price_fair": 121.8,
            "eps_avg_yearly": 3.48,
            "eps_latest_yearly": 2.2,
            "eps_growth_yearly": 116.84
        },
        "20151": {
            "year_quarter": 20151,
            "year": 2015,
            "quarter": 1,
            "eps": -0.26,
            "eps_growth_year": -125,
            "eps_4q": 1.28,
            "eps_4q_growth_year": -63.5,
            "roe": -0.49,
            "roe_4q": 2.5,
            "gross_profit": 177644,
            "gross_margin": 9.44,
            "gross_margin_4q_avg": 13.56,
            "net_income": -40264,
            "net_income_4q": null,
            "revenue": 1881576,
            "revenue_4q": null,
            "common_shares": 1523046,
            "book_valuer_per_share": 53.28,
            "book_valuer_per_share_4q_avg": 52.26,
            "equity": 8127443,
            "current_ratio": 267.91,
            "debt_ratio": 28.85,
            "inventory_turnover_ratio": 3.77,
            "account_receivable_turnover_ratio": 0.48,
            "reinvestment_rate": 26.25,
            "research_to_sale_ratio": 0.63,
            "price_fair": 121.8,
            "eps_avg_yearly": 3.48,
            "eps_latest_yearly": 2.2,
            "eps_growth_yearly": 116.84
        },
        "20152": {
            "year_quarter": 20152,
            "year": 2015,
            "quarter": 2,
            "eps": -0.25,
            "eps_growth_year": -196.15,
            "eps_4q": 0.77,
            "eps_4q_growth_year": -78.22,
            "roe": -0.48,
            "roe_4q": 1.52,
            "gross_profit": 211325,
            "gross_margin": 11.8,
            "gross_margin_4q_avg": 12.93,
            "net_income": -38589,
            "net_income_4q": null,
            "revenue": 1791045,
            "revenue_4q": null,
            "common_shares": 1523046,
            "book_valuer_per_share": 51.04,
            "book_valuer_per_share_4q_avg": 52.53,
            "equity": 7786548,
            "current_ratio": 262.95,
            "debt_ratio": 29.28,
            "inventory_turnover_ratio": 3.45,
            "account_receivable_turnover_ratio": 0.53,
            "reinvestment_rate": 17.06,
            "research_to_sale_ratio": 0.71,
            "price_fair": 117.1,
            "eps_avg_yearly": 3.35,
            "eps_latest_yearly": 2.2,
            "eps_growth_yearly": 124.31
        },
        "20153": {
            "year_quarter": 20153,
            "year": 2015,
            "quarter": 3,
            "eps": -2.27,
            "eps_growth_year": -406.76,
            "eps_4q": -2.24,
            "eps_4q_growth_year": -171.14,
            "roe": -4.48,
            "roe_4q": -4.420000000000001,
            "gross_profit": 149132,
            "gross_margin": 9.21,
            "gross_margin_4q_avg": 11.2,
            "net_income": -345510,
            "net_income_4q": null,
            "revenue": 1618553,
            "revenue_4q": null,
            "common_shares": 1523046,
            "book_valuer_per_share": 50,
            "book_valuer_per_share_4q_avg": 52.15,
            "equity": 7628802,
            "current_ratio": 271.6,
            "debt_ratio": 28.95,
            "inventory_turnover_ratio": 3.2,
            "account_receivable_turnover_ratio": 0.51,
            "reinvestment_rate": -21.6,
            "research_to_sale_ratio": 0.91,
            "price_fair": 112,
            "eps_avg_yearly": 3.2,
            "eps_latest_yearly": 2.2,
            "eps_growth_yearly": 134.56
        },
        "20154": {
            "year_quarter": 20154,
            "year": 2015,
            "quarter": 4,
            "eps": -0.71,
            "eps_growth_year": -230.49,
            "eps_4q": -3.58,
            "eps_4q_growth_year": -238.61,
            "roe": -1.44,
            "roe_4q": -6.890000000000001,
            "gross_profit": 188119,
            "gross_margin": 10.79,
            "gross_margin_4q_avg": 10.31,
            "net_income": -107069,
            "net_income_4q": null,
            "revenue": 1744158,
            "revenue_4q": null,
            "common_shares": 1492026,
            "book_valuer_per_share": 49.19,
            "book_valuer_per_share_4q_avg": 50.88,
            "equity": 7283129,
            "current_ratio": 276.19,
            "debt_ratio": 29.07,
            "inventory_turnover_ratio": 3.57,
            "account_receivable_turnover_ratio": 0.56,
            "reinvestment_rate": -44.4,
            "research_to_sale_ratio": 1.05,
            "price_fair": 115.27,
            "eps_avg_yearly": 3.29,
            "eps_latest_yearly": 2.2,
            "eps_growth_yearly": 165.87
        },
        "20161": {
            "year_quarter": 20161,
            "year": 2016,
            "quarter": 1,
            "eps": 0.6,
            "eps_growth_year": null,
            "eps_4q": -2.76,
            "eps_4q_growth_year": -315.29,
            "roe": 1.19,
            "roe_4q": -5.210000000000001,
            "gross_profit": 300774,
            "gross_margin": 19.32,
            "gross_margin_4q_avg": 12.78,
            "net_income": 86270,
            "net_income_4q": null,
            "revenue": 1556582,
            "revenue_4q": null,
            "common_shares": 1462026,
            "book_valuer_per_share": 49.44,
            "book_valuer_per_share_4q_avg": 49.92,
            "equity": 7214871,
            "current_ratio": 308.12,
            "debt_ratio": 25.53,
            "inventory_turnover_ratio": 3.04,
            "account_receivable_turnover_ratio": 0.52,
            "reinvestment_rate": -44,
            "research_to_sale_ratio": 0.79,
            "price_fair": 117.09,
            "eps_avg_yearly": 3.35,
            "eps_latest_yearly": 2.2,
            "eps_growth_yearly": 169.76
        },
        "20162": {
            "year_quarter": 20162,
            "year": 2016,
            "quarter": 2,
            "eps": 0.84,
            "eps_growth_year": null,
            "eps_4q": -1.7,
            "eps_4q_growth_year": -321.46,
            "roe": 1.68,
            "roe_4q": -3.0500000000000003,
            "gross_profit": 254096,
            "gross_margin": 16.12,
            "gross_margin_4q_avg": 13.86,
            "net_income": 118494,
            "net_income_4q": null,
            "revenue": 1576493,
            "revenue_4q": null,
            "common_shares": 1462026,
            "book_valuer_per_share": 48.59,
            "book_valuer_per_share_4q_avg": 49.31,
            "equity": 6926315,
            "current_ratio": 307.81,
            "debt_ratio": 25.07,
            "inventory_turnover_ratio": 3.35,
            "account_receivable_turnover_ratio": 0.57,
            "reinvestment_rate": -66.16,
            "research_to_sale_ratio": 0.83,
            "price_fair": 120.27,
            "eps_avg_yearly": 3.44,
            "eps_latest_yearly": 3.36,
            "eps_growth_yearly": 189.12
        },
        "20163": {
            "year_quarter": 20163,
            "year": 2016,
            "quarter": 3,
            "eps": 0.6,
            "eps_growth_year": null,
            "eps_4q": 1.32,
            "eps_4q_growth_year": null,
            "roe": 1.21,
            "roe_4q": 2.64,
            "gross_profit": 295715,
            "gross_margin": 20.83,
            "gross_margin_4q_avg": 16.77,
            "net_income": 83178,
            "net_income_4q": null,
            "revenue": 1419831,
            "revenue_4q": null,
            "common_shares": 1423676,
            "book_valuer_per_share": 47.54,
            "book_valuer_per_share_4q_avg": 48.69,
            "equity": 6774479,
            "current_ratio": 309.65,
            "debt_ratio": 24.88,
            "inventory_turnover_ratio": 3.07,
            "account_receivable_turnover_ratio": 0.55,
            "reinvestment_rate": -75.82,
            "research_to_sale_ratio": 0.99,
            "price_fair": 112.64,
            "eps_avg_yearly": 3.22,
            "eps_latest_yearly": 2.4,
            "eps_growth_yearly": 141.14
        },
        "20164": {
            "year_quarter": 20164,
            "year": 2016,
            "quarter": 4,
            "eps": 0.22,
            "eps_growth_year": null,
            "eps_4q": 2.29,
            "eps_4q_growth_year": null,
            "roe": 0.41,
            "roe_4q": 4.49,
            "gross_profit": 316198,
            "gross_margin": 19.78,
            "gross_margin_4q_avg": 19.01,
            "net_income": 27676,
            "net_income_4q": null,
            "revenue": 1598836,
            "revenue_4q": null,
            "common_shares": 1423676,
            "book_valuer_per_share": 47.44,
            "book_valuer_per_share_4q_avg": 48.25,
            "equity": 6755062,
            "current_ratio": 317.76,
            "debt_ratio": 26.49,
            "inventory_turnover_ratio": 3.29,
            "account_receivable_turnover_ratio": 0.62,
            "reinvestment_rate": -102.3,
            "research_to_sale_ratio": 1.23,
            "price_fair": 95.71,
            "eps_avg_yearly": 2.73,
            "eps_latest_yearly": 0.88,
            "eps_growth_yearly": 107.5
        },
        "20171": {
            "year_quarter": 20171,
            "year": 2017,
            "quarter": 1,
            "eps": 0.35,
            "eps_growth_year": -41.67,
            "eps_4q": 2.02,
            "eps_4q_growth_year": null,
            "roe": 0.72,
            "roe_4q": 4.02,
            "gross_profit": 268977,
            "gross_margin": 18.8,
            "gross_margin_4q_avg": 18.88,
            "net_income": 47476,
            "net_income_4q": null,
            "revenue": 1430551,
            "revenue_4q": null,
            "common_shares": 1423676,
            "book_valuer_per_share": 45.23,
            "book_valuer_per_share_4q_avg": 47.2,
            "equity": 6438764,
            "current_ratio": 302.29,
            "debt_ratio": 28.08,
            "inventory_turnover_ratio": 2.79,
            "account_receivable_turnover_ratio": 0.57,
            "reinvestment_rate": -129.67,
            "research_to_sale_ratio": 1.07,
            "price_fair": 89.98,
            "eps_avg_yearly": 2.57,
            "eps_latest_yearly": 1.4,
            "eps_growth_yearly": 146.58
        },
        "20172": {
            "year_quarter": 20172,
            "year": 2017,
            "quarter": 2,
            "eps": 0.65,
            "eps_growth_year": -22.62,
            "eps_4q": 1.83,
            "eps_4q_growth_year": null,
            "roe": 1.43,
            "roe_4q": 3.77,
            "gross_profit": 327377,
            "gross_margin": 20.77,
            "gross_margin_4q_avg": 20.05,
            "net_income": 92388,
            "net_income_4q": null,
            "revenue": 1575906,
            "revenue_4q": null,
            "common_shares": 1423676,
            "book_valuer_per_share": 45.26,
            "book_valuer_per_share_4q_avg": 46.37,
            "equity": 6454537,
            "current_ratio": 300.2,
            "debt_ratio": 28.62,
            "inventory_turnover_ratio": 3.19,
            "account_receivable_turnover_ratio": 0.63,
            "reinvestment_rate": -126.54,
            "research_to_sale_ratio": 0.91,
            "price_fair": 95.33,
            "eps_avg_yearly": 2.72,
            "eps_latest_yearly": 2.6,
            "eps_growth_yearly": 203.66
        },
        "20173": {
            "year_quarter": 20173,
            "year": 2017,
            "quarter": 3,
            "eps": 0.14,
            "eps_growth_year": -76.67,
            "eps_4q": 1.37,
            "eps_4q_growth_year": 3.52,
            "roe": 0.31,
            "roe_4q": 2.87,
            "gross_profit": 285916,
            "gross_margin": 18.72,
            "gross_margin_4q_avg": 19.52,
            "net_income": 20216,
            "net_income_4q": null,
            "revenue": 1527409,
            "revenue_4q": null,
            "common_shares": 1423676,
            "book_valuer_per_share": 46.01,
            "book_valuer_per_share_4q_avg": 45.99,
            "equity": 6561737,
            "current_ratio": 303.81,
            "debt_ratio": 28.47,
            "inventory_turnover_ratio": 3.14,
            "account_receivable_turnover_ratio": 0.59,
            "reinvestment_rate": -159.34,
            "research_to_sale_ratio": 0.88,
            "price_fair": 82.73,
            "eps_avg_yearly": 2.36,
            "eps_latest_yearly": 0.56,
            "eps_growth_yearly": 32.84
        },
        "20174": {
            "year_quarter": 20174,
            "year": 2017,
            "quarter": 4,
            "eps": 0.61,
            "eps_growth_year": 170.96,
            "eps_4q": 1.75,
            "eps_4q_growth_year": -23.35,
            "roe": 1.31,
            "roe_4q": 3.7699999999999996,
            "gross_profit": 315362,
            "gross_margin": 18.08,
            "gross_margin_4q_avg": 19.09,
            "net_income": 86378,
            "net_income_4q": null,
            "revenue": 1744328,
            "revenue_4q": null,
            "common_shares": 1423676,
            "book_valuer_per_share": 46.49,
            "book_valuer_per_share_4q_avg": 45.75,
            "equity": 6630376,
            "current_ratio": 280.81,
            "debt_ratio": 29.99,
            "inventory_turnover_ratio": 3.66,
            "account_receivable_turnover_ratio": 0.65,
            "reinvestment_rate": -258.94,
            "research_to_sale_ratio": 0.95,
            "price_fair": 76.36,
            "eps_avg_yearly": 2.18,
            "eps_latest_yearly": 2.44,
            "eps_growth_yearly": 155.56
        },
        "20181": {
            "year_quarter": 20181,
            "year": 2018,
            "quarter": 1,
            "eps": 0.26,
            "eps_growth_year": -25.71,
            "eps_4q": 1.66,
            "eps_4q_growth_year": -18.13,
            "roe": 0.53,
            "roe_4q": 3.58,
            "gross_profit": 267123,
            "gross_margin": 19.32,
            "gross_margin_4q_avg": 19.22,
            "net_income": 35650,
            "net_income_4q": null,
            "revenue": 1382339,
            "revenue_4q": null,
            "common_shares": 1423676,
            "book_valuer_per_share": 47.45,
            "book_valuer_per_share_4q_avg": 46.3,
            "equity": 6766296,
            "current_ratio": 340.3,
            "debt_ratio": 24.73,
            "inventory_turnover_ratio": 3.19,
            "account_receivable_turnover_ratio": 0.51,
            "reinvestment_rate": -408.55,
            "research_to_sale_ratio": 1.04,
            "price_fair": 66.44,
            "eps_avg_yearly": 1.9,
            "eps_latest_yearly": 1.04,
            "eps_growth_yearly": 136.99
        },
        "20182": {
            "year_quarter": 20182,
            "year": 2018,
            "quarter": 2,
            "eps": 1.5,
            "eps_growth_year": 130.77,
            "eps_4q": 2.5,
            "eps_4q_growth_year": 36.83,
            "roe": 3.13,
            "roe_4q": 5.28,
            "gross_profit": 386103,
            "gross_margin": 22.52,
            "gross_margin_4q_avg": 19.66,
            "net_income": 212268,
            "net_income_4q": null,
            "revenue": 1714774,
            "revenue_4q": null,
            "common_shares": 1423676,
            "book_valuer_per_share": 47.62,
            "book_valuer_per_share_4q_avg": 46.89,
            "equity": 6788816,
            "current_ratio": 307.08,
            "debt_ratio": 27.6,
            "inventory_turnover_ratio": 3.74,
            "account_receivable_turnover_ratio": 0.64,
            "reinvestment_rate": -259.15,
            "research_to_sale_ratio": 0.85,
            "price_fair": 82.22,
            "eps_avg_yearly": 2.35,
            "eps_latest_yearly": 6,
            "eps_growth_yearly": 337.69
        },
        "20183": {
            "year_quarter": 20183,
            "year": 2018,
            "quarter": 3,
            "eps": 1.74,
            "eps_growth_year": 1142.86,
            "eps_4q": 4.1,
            "eps_4q_growth_year": 199.56,
            "roe": 3.64,
            "roe_4q": 8.61,
            "gross_profit": 442742,
            "gross_margin": 22.97,
            "gross_margin_4q_avg": 20.72,
            "net_income": 247748,
            "net_income_4q": null,
            "revenue": 1927479,
            "revenue_4q": null,
            "common_shares": 1423676,
            "book_valuer_per_share": 47.84,
            "book_valuer_per_share_4q_avg": 47.35,
            "equity": 6819595,
            "current_ratio": 297.95,
            "debt_ratio": 28.49,
            "inventory_turnover_ratio": 3.5,
            "account_receivable_turnover_ratio": 0.65,
            "reinvestment_rate": -204.23,
            "research_to_sale_ratio": 0.8,
            "price_fair": 94.95,
            "eps_avg_yearly": 2.71,
            "eps_latest_yearly": 6.96,
            "eps_growth_yearly": 276.37
        },
        "20184": {
            "year_quarter": 20184,
            "year": 2018,
            "quarter": 4,
            "eps": 1.01,
            "eps_growth_year": 66.09,
            "eps_4q": 4.5,
            "eps_4q_growth_year": 156.96,
            "roe": 2.07,
            "roe_4q": 9.37,
            "gross_profit": 482034,
            "gross_margin": 22.76,
            "gross_margin_4q_avg": 21.89,
            "net_income": 142981,
            "net_income_4q": null,
            "revenue": 2117936,
            "revenue_4q": null,
            "common_shares": 1423676,
            "book_valuer_per_share": 49.19,
            "book_valuer_per_share_4q_avg": 48.03,
            "equity": 7011038,
            "current_ratio": 295.86,
            "debt_ratio": 28.87,
            "inventory_turnover_ratio": 3.46,
            "account_receivable_turnover_ratio": 0.65,
            "reinvestment_rate": -194.13,
            "research_to_sale_ratio": 1,
            "price_fair": 100.8,
            "eps_avg_yearly": 2.88,
            "eps_latest_yearly": 4.04,
            "eps_growth_yearly": 270.45
        },
        "20191": {
            "year_quarter": 20191,
            "year": 2019,
            "quarter": 1,
            "eps": 1.13,
            "eps_growth_year": 334.62,
            "eps_4q": 5.38,
            "eps_4q_growth_year": 224.62,
            "roe": 2.24,
            "roe_4q": 11.080000000000002,
            "gross_profit": 420956,
            "gross_margin": 22.6,
            "gross_margin_4q_avg": 22.71,
            "net_income": 160451,
            "net_income_4q": null,
            "revenue": 1862951,
            "revenue_4q": null,
            "common_shares": 1423676,
            "book_valuer_per_share": 51.31,
            "book_valuer_per_share_4q_avg": 48.99,
            "equity": 7313620,
            "current_ratio": 337.89,
            "debt_ratio": 25.58,
            "inventory_turnover_ratio": 3.51,
            "account_receivable_turnover_ratio": 0.55,
            "reinvestment_rate": -133.5,
            "research_to_sale_ratio": 0.79,
            "price_fair": 105.58,
            "eps_avg_yearly": 3.02,
            "eps_latest_yearly": 4.52,
            "eps_growth_yearly": 251.88
        },
        "20192": {
            "year_quarter": 20192,
            "year": 2019,
            "quarter": 2,
            "eps": 0.9,
            "eps_growth_year": -40,
            "eps_4q": 4.78,
            "eps_4q_growth_year": 91.03,
            "roe": 1.77,
            "roe_4q": 9.72,
            "gross_profit": 363925,
            "gross_margin": 21.01,
            "gross_margin_4q_avg": 22.34,
            "net_income": 127274,
            "net_income_4q": null,
            "revenue": 1732164,
            "revenue_4q": null,
            "common_shares": 1423676,
            "book_valuer_per_share": 49.35,
            "book_valuer_per_share_4q_avg": 49.42,
            "equity": 7033896,
            "current_ratio": 314.08,
            "debt_ratio": 27.23,
            "inventory_turnover_ratio": 3.83,
            "account_receivable_turnover_ratio": 0.55,
            "reinvestment_rate": -111.07,
            "research_to_sale_ratio": 0.83,
            "price_fair": 107.15,
            "eps_avg_yearly": 3.06,
            "eps_latest_yearly": 3.6,
            "eps_growth_yearly": 226.24
        },
        "20193": {
            "year_quarter": 20193,
            "year": 2019,
            "quarter": 3,
            "eps": 1.4,
            "eps_growth_year": -19.54,
            "eps_4q": 4.44,
            "eps_4q_growth_year": 8.11,
            "roe": 2.82,
            "roe_4q": 8.9,
            "gross_profit": 496104,
            "gross_margin": 25.02,
            "gross_margin_4q_avg": 22.85,
            "net_income": 199103,
            "net_income_4q": null,
            "revenue": 1982635,
            "revenue_4q": null,
            "common_shares": 1423676,
            "book_valuer_per_share": 49.86,
            "book_valuer_per_share_4q_avg": 49.93,
            "equity": 7105466,
            "current_ratio": 317.8,
            "debt_ratio": 26.97,
            "inventory_turnover_ratio": 4,
            "account_receivable_turnover_ratio": 0.66,
            "reinvestment_rate": -58.47,
            "research_to_sale_ratio": 0.76,
            "price_fair": 113.5,
            "eps_avg_yearly": 3.24,
            "eps_latest_yearly": 5.6,
            "eps_growth_yearly": 225.95
        },
        "20194": {
            "year_quarter": 20194,
            "year": 2019,
            "quarter": 4,
            "eps": 1.14,
            "eps_growth_year": 12.9,
            "eps_4q": 4.57,
            "eps_4q_growth_year": 1.37,
            "roe": 2.27,
            "roe_4q": 9.1,
            "gross_profit": 457991,
            "gross_margin": 22.4,
            "gross_margin_4q_avg": 22.76,
            "net_income": 161556,
            "net_income_4q": null,
            "revenue": 2044973,
            "revenue_4q": null,
            "common_shares": 1423676,
            "book_valuer_per_share": 49.89,
            "book_valuer_per_share_4q_avg": 50.1,
            "equity": 7109656,
            "current_ratio": 316.67,
            "debt_ratio": 27.48,
            "inventory_turnover_ratio": 3.99,
            "account_receivable_turnover_ratio": 0.68,
            "reinvestment_rate": -41.73,
            "research_to_sale_ratio": 1.8,
            "price_fair": 116.57,
            "eps_avg_yearly": 3.33,
            "eps_latest_yearly": 4.56,
            "eps_growth_yearly": 205.94
        },
        "20201": {
            "year_quarter": 20201,
            "year": 2020,
            "quarter": 1,
            "eps": 0.68,
            "eps_growth_year": -39.82,
            "eps_4q": 4.12,
            "eps_4q_growth_year": -23.36,
            "roe": 1.36,
            "roe_4q": 8.219999999999999,
            "gross_profit": 271292,
            "gross_margin": 19.62,
            "gross_margin_4q_avg": 22.01,
            "net_income": 97169,
            "net_income_4q": null,
            "revenue": 1382565,
            "revenue_4q": null,
            "common_shares": 1423676,
            "book_valuer_per_share": 50.19,
            "book_valuer_per_share_4q_avg": 49.82,
            "equity": 7151869,
            "current_ratio": 368.63,
            "debt_ratio": 23.93,
            "inventory_turnover_ratio": 2.61,
            "account_receivable_turnover_ratio": 0.5,
            "reinvestment_rate": -44.41,
            "research_to_sale_ratio": 1.42,
            "price_fair": 115.24,
            "eps_avg_yearly": 3.29,
            "eps_latest_yearly": 2.72,
            "eps_growth_yearly": 182.98
        },
        "20202": {
            "year_quarter": 20202,
            "year": 2020,
            "quarter": 2,
            "eps": 1.58,
            "eps_growth_year": 75.56,
            "eps_4q": 4.8,
            "eps_4q_growth_year": 0.52,
            "roe": 3.19,
            "roe_4q": 9.64,
            "gross_profit": 462505,
            "gross_margin": 25.11,
            "gross_margin_4q_avg": 23.04,
            "net_income": 224181,
            "net_income_4q": null,
            "revenue": 1842144,
            "revenue_4q": null,
            "common_shares": 1423676,
            "book_valuer_per_share": 48.37,
            "book_valuer_per_share_4q_avg": 49.58,
            "equity": 6892806,
            "current_ratio": 297.72,
            "debt_ratio": 29.2,
            "inventory_turnover_ratio": 3.21,
            "account_receivable_turnover_ratio": 0.7,
            "reinvestment_rate": -35.64,
            "research_to_sale_ratio": 1.17,
            "price_fair": 121.71,
            "eps_avg_yearly": 3.48,
            "eps_latest_yearly": 6.32,
            "eps_growth_yearly": 206.06
        },
        "20203": {
            "year_quarter": 20203,
            "year": 2020,
            "quarter": 3,
            "eps": 1.01,
            "eps_growth_year": -27.86,
            "eps_4q": 4.41,
            "eps_4q_growth_year": -0.66,
            "roe": 2.04,
            "roe_4q": 8.860000000000001,
            "gross_profit": 462809,
            "gross_margin": 23.29,
            "gross_margin_4q_avg": 22.61,
            "net_income": 143229,
            "net_income_4q": null,
            "revenue": 1987355,
            "revenue_4q": null,
            "common_shares": 1423676,
            "book_valuer_per_share": 50.09,
            "book_valuer_per_share_4q_avg": 49.64,
            "equity": 7138118,
            "current_ratio": 307.87,
            "debt_ratio": 28.02,
            "inventory_turnover_ratio": 3.89,
            "account_receivable_turnover_ratio": 0.66,
            "reinvestment_rate": -24.96,
            "research_to_sale_ratio": 0.93,
            "price_fair": 125.3,
            "eps_avg_yearly": 3.58,
            "eps_latest_yearly": 4.04,
            "eps_growth_yearly": 204.19
        },
        "20204": {
            "year_quarter": 20204,
            "year": 2020,
            "quarter": 4,
            "eps": 1.49,
            "eps_growth_year": 30.71,
            "eps_4q": 4.76,
            "eps_4q_growth_year": 4.17,
            "roe": 2.89,
            "roe_4q": 9.479999999999999,
            "gross_profit": 513516,
            "gross_margin": 25.04,
            "gross_margin_4q_avg": 23.27,
            "net_income": 211786,
            "net_income_4q": null,
            "revenue": 2051137,
            "revenue_4q": null,
            "common_shares": 1423676,
            "book_valuer_per_share": 52.59,
            "book_valuer_per_share_4q_avg": 50.31,
            "equity": 7493939,
            "current_ratio": 318.62,
            "debt_ratio": 26.89,
            "inventory_turnover_ratio": 3.96,
            "account_receivable_turnover_ratio": 0.65,
            "reinvestment_rate": -16.09,
            "research_to_sale_ratio": 1.19,
            "price_fair": 136.41,
            "eps_avg_yearly": 3.9,
            "eps_latest_yearly": 5.96,
            "eps_growth_yearly": 231.9
        },
        "20211": {
            "year_quarter": 20211,
            "year": 2021,
            "quarter": 1,
            "eps": 1.51,
            "eps_growth_year": 122.06,
            "eps_4q": 5.58,
            "eps_4q_growth_year": 35.43,
            "roe": 2.83,
            "roe_4q": 10.950000000000001,
            "gross_profit": 435560,
            "gross_margin": 21.71,
            "gross_margin_4q_avg": 23.79,
            "net_income": 214596,
            "net_income_4q": null,
            "revenue": 2005851,
            "revenue_4q": null,
            "common_shares": 1423676,
            "book_valuer_per_share": 53.81,
            "book_valuer_per_share_4q_avg": 51.22,
            "equity": 7666628,
            "current_ratio": 319.55,
            "debt_ratio": 26.9,
            "inventory_turnover_ratio": 3.59,
            "account_receivable_turnover_ratio": 0.63,
            "reinvestment_rate": -9.68,
            "research_to_sale_ratio": 0.89,
            "price_fair": 146.56,
            "eps_avg_yearly": 4.19,
            "eps_latest_yearly": 6.04,
            "eps_growth_yearly": 217.47
        },
        "20212": {
            "year_quarter": 20212,
            "year": 2021,
            "quarter": 2,
            "eps": 2.05,
            "eps_growth_year": 29.75,
            "eps_4q": 6.05,
            "eps_4q_growth_year": 26.1,
            "roe": 3.75,
            "roe_4q": 11.510000000000002,
            "gross_profit": 558036,
            "gross_margin": 25.38,
            "gross_margin_4q_avg": 23.86,
            "net_income": 291700,
            "net_income_4q": null,
            "revenue": 2198308,
            "revenue_4q": null,
            "common_shares": 1423676,
            "book_valuer_per_share": 55.41,
            "book_valuer_per_share_4q_avg": 52.98,
            "equity": 7894174,
            "current_ratio": 314.25,
            "debt_ratio": 27.11,
            "inventory_turnover_ratio": 3.42,
            "account_receivable_turnover_ratio": 0.66,
            "reinvestment_rate": -3.71,
            "research_to_sale_ratio": 0.78,
            "price_fair": 158.81,
            "eps_avg_yearly": 4.54,
            "eps_latest_yearly": 8.2,
            "eps_growth_yearly": 204.98
        },
        "20213": {
            "year_quarter": 20213,
            "year": 2021,
            "quarter": 3,
            "eps": 1.42,
            "eps_growth_year": 40.59,
            "eps_4q": 6.47,
            "eps_4q_growth_year": 46.76,
            "roe": 2.59,
            "roe_4q": 12.06,
            "gross_profit": 512220,
            "gross_margin": 23.73,
            "gross_margin_4q_avg": 23.97,
            "net_income": 201768,
            "net_income_4q": null,
            "revenue": 2158345,
            "revenue_4q": null,
            "common_shares": 1423676,
            "book_valuer_per_share": 54.07,
            "book_valuer_per_share_4q_avg": 53.97,
            "equity": 7703417,
            "current_ratio": 299.29,
            "debt_ratio": 27.4,
            "inventory_turnover_ratio": 3.33,
            "account_receivable_turnover_ratio": 0.63,
            "reinvestment_rate": 0.68,
            "research_to_sale_ratio": 0.8,
            "price_fair": 170.01,
            "eps_avg_yearly": 4.86,
            "eps_latest_yearly": 5.68,
            "eps_growth_yearly": 216.91
        },
        "20214": {
            "year_quarter": 20214,
            "year": 2021,
            "quarter": 4,
            "eps": 1.41,
            "eps_growth_year": -5.55,
            "eps_4q": 6.38,
            "eps_4q_growth_year": 34.23,
            "roe": 2.55,
            "roe_4q": 11.72,
            "gross_profit": 495479,
            "gross_margin": 21.03,
            "gross_margin_4q_avg": 22.96,
            "net_income": 200029,
            "net_income_4q": null,
            "revenue": 2355994,
            "revenue_4q": null,
            "common_shares": 1423676,
            "book_valuer_per_share": 55.96,
            "book_valuer_per_share_4q_avg": 54.81,
            "equity": 7973035,
            "current_ratio": 276.73,
            "debt_ratio": 29.51,
            "inventory_turnover_ratio": 3.61,
            "account_receivable_turnover_ratio": 0.67,
            "reinvestment_rate": 2.23,
            "research_to_sale_ratio": 1.04,
            "price_fair": 177.01,
            "eps_avg_yearly": 5.06,
            "eps_latest_yearly": 5.64,
            "eps_growth_yearly": 132.81
        },
        "20221": {
            "year_quarter": 20221,
            "year": 2022,
            "quarter": 1,
            "eps": 1.06,
            "eps_growth_year": -29.8,
            "eps_4q": 5.94,
            "eps_4q_growth_year": 6.37,
            "roe": 1.84,
            "roe_4q": 10.73,
            "gross_profit": 432739,
            "gross_margin": 19.46,
            "gross_margin_4q_avg": 22.4,
            "net_income": 150859,
            "net_income_4q": null,
            "revenue": 2223565,
            "revenue_4q": null,
            "common_shares": 1423676,
            "book_valuer_per_share": 59.05,
            "book_valuer_per_share_4q_avg": 56.12,
            "equity": 8412241,
            "current_ratio": 290.68,
            "debt_ratio": 28.26,
            "inventory_turnover_ratio": 3.3,
            "account_receivable_turnover_ratio": 0.62,
            "reinvestment_rate": 3.87,
            "research_to_sale_ratio": 0.79,
            "price_fair": 184.01,
            "eps_avg_yearly": 5.26,
            "eps_latest_yearly": 4.24,
            "eps_growth_yearly": 140.94
        },
        "20222": {
            "year_quarter": 20222,
            "year": 2022,
            "quarter": 2,
            "eps": 1.67,
            "eps_growth_year": -18.54,
            "eps_4q": 5.56,
            "eps_4q_growth_year": -8.16,
            "roe": 2.88,
            "roe_4q": 9.86,
            "gross_profit": 455598,
            "gross_margin": 21.22,
            "gross_margin_4q_avg": 21.36,
            "net_income": 238260,
            "net_income_4q": null,
            "revenue": 2146955,
            "revenue_4q": null,
            "common_shares": 1423676,
            "book_valuer_per_share": 57,
            "book_valuer_per_share_4q_avg": 56.52,
            "equity": 8119561,
            "current_ratio": 275.76,
            "debt_ratio": 29.44,
            "inventory_turnover_ratio": 3.09,
            "account_receivable_turnover_ratio": 0.6,
            "reinvestment_rate": -0.25,
            "research_to_sale_ratio": 0.8,
            "price_fair": 185.5,
            "eps_avg_yearly": 5.3,
            "eps_latest_yearly": 6.68,
            "eps_growth_yearly": 36.1
        },
        "20223": {
            "year_quarter": 20223,
            "year": 2022,
            "quarter": 3,
            "eps": 1.54,
            "eps_growth_year": 8.45,
            "eps_4q": 5.68,
            "eps_4q_growth_year": -12.18,
            "roe": 2.64,
            "roe_4q": 9.91,
            "gross_profit": 409441,
            "gross_margin": 21.86,
            "gross_margin_4q_avg": 20.89,
            "net_income": 218421,
            "net_income_4q": null,
            "revenue": 1872849,
            "revenue_4q": null,
            "common_shares": 1423676,
            "book_valuer_per_share": 59.24,
            "book_valuer_per_share_4q_avg": 57.81,
            "equity": 8440069,
            "current_ratio": 333.07,
            "debt_ratio": 23.72,
            "inventory_turnover_ratio": 2.96,
            "account_receivable_turnover_ratio": 0.57,
            "reinvestment_rate": -0.11,
            "research_to_sale_ratio": 0.95,
            "price_fair": 183.75,
            "eps_avg_yearly": 5.25,
            "eps_latest_yearly": 6.16,
            "eps_growth_yearly": 30.15
        },
        "20224": {
            "year_quarter": 20224,
            "year": 2022,
            "quarter": 4,
            "eps": 0.26,
            "eps_growth_year": -81.69,
            "eps_4q": 4.53,
            "eps_4q_growth_year": -29.04,
            "roe": 0.43,
            "roe_4q": 7.79,
            "gross_profit": 373329,
            "gross_margin": 23.4,
            "gross_margin_4q_avg": 21.49,
            "net_income": 36169,
            "net_income_4q": null,
            "revenue": 1595318,
            "revenue_4q": null,
            "common_shares": 1423676,
            "book_valuer_per_share": 58.64,
            "book_valuer_per_share_4q_avg": 58.48,
            "equity": 8353398,
            "current_ratio": 343.13,
            "debt_ratio": 22.42,
            "inventory_turnover_ratio": 2.87,
            "account_receivable_turnover_ratio": 0.55,
            "reinvestment_rate": 0.53,
            "research_to_sale_ratio": 1.58,
            "price_fair": 151.18,
            "eps_avg_yearly": 5.06,
            "eps_latest_yearly": 1.04,
            "eps_growth_yearly": 19.86
        },
        "20231": {
            "year_quarter": 20231,
            "year": 2023,
            "quarter": 1,
            "eps": 0.87,
            "eps_growth_year": -17.92,
            "eps_4q": 4.33,
            "eps_4q_growth_year": -26.98,
            "roe": 1.49,
            "roe_4q": 7.44,
            "gross_profit": 320889,
            "gross_margin": 22.64,
            "gross_margin_4q_avg": 22.28,
            "net_income": 122697,
            "net_income_4q": null,
            "revenue": 1417441,
            "revenue_4q": null,
            "common_shares": 1423676,
            "book_valuer_per_share": 57.3,
            "book_valuer_per_share_4q_avg": 58.05,
            "equity": 8162186,
            "current_ratio": 330.11,
            "debt_ratio": 22.69,
            "inventory_turnover_ratio": 2.66,
            "account_receivable_turnover_ratio": 0.56,
            "reinvestment_rate": -1.35,
            "research_to_sale_ratio": 1.17,
            "price_fair": 174.91,
            "eps_avg_yearly": 5,
            "eps_latest_yearly": 3.48,
            "eps_growth_yearly": 75.55
        },
        "20232": {
            "year_quarter": 20232,
            "year": 2023,
            "quarter": 2,
            "eps": 1.41,
            "eps_growth_year": -15.57,
            "eps_4q": 4.07,
            "eps_4q_growth_year": -26.77,
            "roe": 2.45,
            "roe_4q": 7.01,
            "gross_profit": 392835,
            "gross_margin": 25.18,
            "gross_margin_4q_avg": 23.27,
            "net_income": 200375,
            "net_income_4q": null,
            "revenue": 1560012,
            "revenue_4q": null,
            "common_shares": 1423676,
            "book_valuer_per_share": 57.58,
            "book_valuer_per_share_4q_avg": 58.19,
            "equity": 8202976,
            "current_ratio": 345.37,
            "debt_ratio": 21.73,
            "inventory_turnover_ratio": 2.84,
            "account_receivable_turnover_ratio": 0.62,
            "reinvestment_rate": -3.09,
            "research_to_sale_ratio": 1.16,
            "price_fair": 179.38,
            "eps_avg_yearly": 5.13,
            "eps_latest_yearly": 5.64,
            "eps_growth_yearly": 96.15
        },
        "20233": {
            "year_quarter": 20233,
            "year": 2023,
            "quarter": 3,
            "eps": 1.39,
            "eps_growth_year": -9.74,
            "eps_4q": 3.92,
            "eps_4q_growth_year": -30.9,
            "roe": 2.33,
            "roe_4q": 6.7,
            "gross_profit": 411966,
            "gross_margin": 25.44,
            "gross_margin_4q_avg": 24.17,
            "net_income": 197173,
            "net_income_4q": null,
            "revenue": 1619281,
            "revenue_4q": null,
            "common_shares": 1423676,
            "book_valuer_per_share": 61.18,
            "book_valuer_per_share_4q_avg": 58.68,
            "equity": 8716366,
            "current_ratio": 361.46,
            "debt_ratio": 20.38,
            "inventory_turnover_ratio": 3.03,
            "account_receivable_turnover_ratio": 0.6,
            "reinvestment_rate": -3.75,
            "research_to_sale_ratio": 1.13,
            "price_fair": 179.29,
            "eps_avg_yearly": 5.12,
            "eps_latest_yearly": 5.56,
            "eps_growth_yearly": 81.91
        }
    },
    "months": {
        "2010-05": {
            "month": "2010-05",
            "price": "76.69",
            "revenue": 715252
        },
        "2010-06": {
            "month": "2010-06",
            "price": "78.83",
            "revenue": 764382
        },
        "2010-07": {
            "month": "2010-07",
            "price": "78.05",
            "revenue": 711492
        },
        "2010-08": {
            "month": "2010-08",
            "price": "65.47",
            "revenue": 731877
        },
        "2010-09": {
            "month": "2010-09",
            "price": "61.92",
            "revenue": 720619
        },
        "2010-10": {
            "month": "2010-10",
            "price": "60.74",
            "revenue": 703419
        },
        "2010-11": {
            "month": "2010-11",
            "price": "57.62",
            "revenue": 698205
        },
        "2010-12": {
            "month": "2010-12",
            "price": "56.24",
            "revenue": 754685
        },
        "2011-01": {
            "month": "2011-01",
            "price": "56.55",
            "revenue": 483555
        },
        "2011-02": {
            "month": "2011-02",
            "price": "61.09",
            "revenue": 580425
        },
        "2011-03": {
            "month": "2011-03",
            "price": "60.96",
            "revenue": 756440
        },
        "2011-04": {
            "month": "2011-04",
            "price": "61.11",
            "revenue": 617411
        },
        "2011-05": {
            "month": "2011-05",
            "price": "59.09",
            "revenue": 756565
        },
        "2011-06": {
            "month": "2011-06",
            "price": "52.00",
            "revenue": 808637
        },
        "2011-07": {
            "month": "2011-07",
            "price": "49.48",
            "revenue": 663458
        },
        "2011-08": {
            "month": "2011-08",
            "price": "42.62",
            "revenue": 755783
        },
        "2011-09": {
            "month": "2011-09",
            "price": "45.24",
            "revenue": 790774
        },
        "2011-10": {
            "month": "2011-10",
            "price": "42.62",
            "revenue": 694820
        },
        "2011-11": {
            "month": "2011-11",
            "price": "45.51",
            "revenue": 644131
        },
        "2011-12": {
            "month": "2011-12",
            "price": "41.34",
            "revenue": 802631
        },
        "2012-01": {
            "month": "2012-01",
            "price": "42.02",
            "revenue": 506370
        },
        "2012-02": {
            "month": "2012-02",
            "price": "48.49",
            "revenue": 616301
        },
        "2012-03": {
            "month": "2012-03",
            "price": "47.45",
            "revenue": 666100
        },
        "2012-04": {
            "month": "2012-04",
            "price": "40.02",
            "revenue": 644357
        },
        "2012-05": {
            "month": "2012-05",
            "price": "38.33",
            "revenue": 683967
        },
        "2012-06": {
            "month": "2012-06",
            "price": "37.21",
            "revenue": 732123
        },
        "2012-07": {
            "month": "2012-07",
            "price": "35.77",
            "revenue": 554694
        },
        "2012-08": {
            "month": "2012-08",
            "price": "31.79",
            "revenue": 641125
        },
        "2012-09": {
            "month": "2012-09",
            "price": "31.93",
            "revenue": 756566
        },
        "2012-10": {
            "month": "2012-10",
            "price": "30.07",
            "revenue": 741530
        },
        "2012-11": {
            "month": "2012-11",
            "price": "30.96",
            "revenue": 768355
        },
        "2012-12": {
            "month": "2012-12",
            "price": "35.59",
            "revenue": 931570
        },
        "2013-01": {
            "month": "2013-01",
            "price": "40.07",
            "revenue": 811456
        },
        "2013-02": {
            "month": "2013-02",
            "price": "40.63",
            "revenue": 548785
        },
        "2013-03": {
            "month": "2013-03",
            "price": "42.43",
            "revenue": 697486
        },
        "2013-04": {
            "month": "2013-04",
            "price": "39.05",
            "revenue": 647691
        },
        "2013-05": {
            "month": "2013-05",
            "price": "38.88",
            "revenue": 705834
        },
        "2013-06": {
            "month": "2013-06",
            "price": "38.08",
            "revenue": 763034
        },
        "2013-07": {
            "month": "2013-07",
            "price": "37.01",
            "revenue": 867050
        },
        "2013-08": {
            "month": "2013-08",
            "price": "36.44",
            "revenue": 858870
        },
        "2013-09": {
            "month": "2013-09",
            "price": "36.08",
            "revenue": 856868
        },
        "2013-10": {
            "month": "2013-10",
            "price": "38.41",
            "revenue": 884120
        },
        "2013-11": {
            "month": "2013-11",
            "price": "36.51",
            "revenue": 949449
        },
        "2013-12": {
            "month": "2013-12",
            "price": "38.41",
            "revenue": 904803
        },
        "2014-01": {
            "month": "2014-01",
            "price": "39.38",
            "revenue": 697450
        },
        "2014-02": {
            "month": "2014-02",
            "price": "37.09",
            "revenue": 669627
        },
        "2014-03": {
            "month": "2014-03",
            "price": "37.27",
            "revenue": 929473
        },
        "2014-04": {
            "month": "2014-04",
            "price": "37.62",
            "revenue": 783600
        },
        "2014-05": {
            "month": "2014-05",
            "price": "37.24",
            "revenue": 777611
        },
        "2014-06": {
            "month": "2014-06",
            "price": "38.42",
            "revenue": 755398
        },
        "2014-07": {
            "month": "2014-07",
            "price": "38.03",
            "revenue": 856668
        },
        "2014-08": {
            "month": "2014-08",
            "price": "36.28",
            "revenue": 812192
        },
        "2014-09": {
            "month": "2014-09",
            "price": "33.47",
            "revenue": 819990
        },
        "2014-10": {
            "month": "2014-10",
            "price": "30.52",
            "revenue": 818147
        },
        "2014-11": {
            "month": "2014-11",
            "price": "29.75",
            "revenue": 730486
        },
        "2014-12": {
            "month": "2014-12",
            "price": "30.49",
            "revenue": 702191
        },
        "2015-01": {
            "month": "2015-01",
            "price": "30.79",
            "revenue": 701186
        },
        "2015-02": {
            "month": "2015-02",
            "price": "30.39",
            "revenue": 498747
        },
        "2015-03": {
            "month": "2015-03",
            "price": "30.54",
            "revenue": 674402
        },
        "2015-04": {
            "month": "2015-04",
            "price": "30.80",
            "revenue": 610812
        },
        "2015-05": {
            "month": "2015-05",
            "price": "27.96",
            "revenue": 613723
        },
        "2015-06": {
            "month": "2015-06",
            "price": "23.01",
            "revenue": 537624
        },
        "2015-07": {
            "month": "2015-07",
            "price": "21.59",
            "revenue": 503231
        },
        "2015-08": {
            "month": "2015-08",
            "price": "19.51",
            "revenue": 557591
        },
        "2015-09": {
            "month": "2015-09",
            "price": "19.93",
            "revenue": 622841
        },
        "2015-10": {
            "month": "2015-10",
            "price": "23.22",
            "revenue": 625993
        },
        "2015-11": {
            "month": "2015-11",
            "price": "23.56",
            "revenue": 567829
        },
        "2015-12": {
            "month": "2015-12",
            "price": "23.81",
            "revenue": 582537
        },
        "2016-01": {
            "month": "2016-01",
            "price": "22.97",
            "revenue": 501530
        },
        "2016-02": {
            "month": "2016-02",
            "price": "20.10",
            "revenue": 479525
        },
        "2016-03": {
            "month": "2016-03",
            "price": "20.98",
            "revenue": 541584
        },
        "2016-04": {
            "month": "2016-04",
            "price": "23.17",
            "revenue": 525440
        },
        "2016-05": {
            "month": "2016-05",
            "price": "22.90",
            "revenue": 507159
        },
        "2016-06": {
            "month": "2016-06",
            "price": "22.08",
            "revenue": 547409
        },
        "2016-07": {
            "month": "2016-07",
            "price": "22.15",
            "revenue": 452978
        },
        "2016-08": {
            "month": "2016-08",
            "price": "23.38",
            "revenue": 514636
        },
        "2016-09": {
            "month": "2016-09",
            "price": "25.81",
            "revenue": 507226
        },
        "2016-10": {
            "month": "2016-10",
            "price": "24.92",
            "revenue": 527996
        },
        "2016-11": {
            "month": "2016-11",
            "price": "24.33",
            "revenue": 523762
        },
        "2016-12": {
            "month": "2016-12",
            "price": "25.36",
            "revenue": 597289
        },
        "2017-01": {
            "month": "2017-01",
            "price": "26.14",
            "revenue": 431412
        },
        "2017-02": {
            "month": "2017-02",
            "price": "27.04",
            "revenue": 473343
        },
        "2017-03": {
            "month": "2017-03",
            "price": "26.88",
            "revenue": 520528
        },
        "2017-04": {
            "month": "2017-04",
            "price": "25.34",
            "revenue": 497236
        },
        "2017-05": {
            "month": "2017-05",
            "price": "24.93",
            "revenue": 515140
        },
        "2017-06": {
            "month": "2017-06",
            "price": "24.85",
            "revenue": 550422
        },
        "2017-07": {
            "month": "2017-07",
            "price": "24.71",
            "revenue": 475129
        },
        "2017-08": {
            "month": "2017-08",
            "price": "24.24",
            "revenue": 503117
        },
        "2017-09": {
            "month": "2017-09",
            "price": "23.65",
            "revenue": 525430
        },
        "2017-10": {
            "month": "2017-10",
            "price": "23.96",
            "revenue": 553983
        },
        "2017-11": {
            "month": "2017-11",
            "price": "23.50",
            "revenue": 568612
        },
        "2017-12": {
            "month": "2017-12",
            "price": "23.13",
            "revenue": 615076
        },
        "2018-01": {
            "month": "2018-01",
            "price": "23.47",
            "revenue": 492119
        },
        "2018-02": {
            "month": "2018-02",
            "price": "23.22",
            "revenue": 349038
        },
        "2018-03": {
            "month": "2018-03",
            "price": "23.38",
            "revenue": 492635
        },
        "2018-04": {
            "month": "2018-04",
            "price": "23.21",
            "revenue": 531024
        },
        "2018-05": {
            "month": "2018-05",
            "price": "22.76",
            "revenue": 559051
        },
        "2018-06": {
            "month": "2018-06",
            "price": "23.09",
            "revenue": 604525
        },
        "2018-07": {
            "month": "2018-07",
            "price": "25.81",
            "revenue": 551239
        },
        "2018-08": {
            "month": "2018-08",
            "price": "28.75",
            "revenue": 683845
        },
        "2018-09": {
            "month": "2018-09",
            "price": "31.57",
            "revenue": 731693
        },
        "2018-10": {
            "month": "2018-10",
            "price": "28.93",
            "revenue": 724807
        },
        "2018-11": {
            "month": "2018-11",
            "price": "31.45",
            "revenue": 757526
        },
        "2018-12": {
            "month": "2018-12",
            "price": "35.98",
            "revenue": 653060
        },
        "2019-01": {
            "month": "2019-01",
            "price": "34.92",
            "revenue": 627595
        },
        "2019-02": {
            "month": "2019-02",
            "price": "37.82",
            "revenue": 593211
        },
        "2019-03": {
            "month": "2019-03",
            "price": "40.54",
            "revenue": 618743
        },
        "2019-04": {
            "month": "2019-04",
            "price": "43.88",
            "revenue": 575562
        },
        "2019-05": {
            "month": "2019-05",
            "price": "39.96",
            "revenue": 549544
        },
        "2019-06": {
            "month": "2019-06",
            "price": "37.24",
            "revenue": 562892
        },
        "2019-07": {
            "month": "2019-07",
            "price": "38.83",
            "revenue": 657977
        },
        "2019-08": {
            "month": "2019-08",
            "price": "37.74",
            "revenue": 658840
        },
        "2019-09": {
            "month": "2019-09",
            "price": "37.48",
            "revenue": 684967
        },
        "2019-10": {
            "month": "2019-10",
            "price": "37.80",
            "revenue": 758492
        },
        "2019-11": {
            "month": "2019-11",
            "price": "43.70",
            "revenue": 650242
        },
        "2019-12": {
            "month": "2019-12",
            "price": "42.84",
            "revenue": 670849
        },
        "2020-01": {
            "month": "2020-01",
            "price": "41.03",
            "revenue": 491571
        },
        "2020-02": {
            "month": "2020-02",
            "price": "37.63",
            "revenue": 315805
        },
        "2020-03": {
            "month": "2020-03",
            "price": "31.24",
            "revenue": 550507
        },
        "2020-04": {
            "month": "2020-04",
            "price": "31.53",
            "revenue": 553784
        },
        "2020-05": {
            "month": "2020-05",
            "price": "33.72",
            "revenue": 622754
        },
        "2020-06": {
            "month": "2020-06",
            "price": "35.82",
            "revenue": 672173
        },
        "2020-07": {
            "month": "2020-07",
            "price": "37.91",
            "revenue": 591374
        },
        "2020-08": {
            "month": "2020-08",
            "price": "39.76",
            "revenue": 662819
        },
        "2020-09": {
            "month": "2020-09",
            "price": "38.66",
            "revenue": 708999
        },
        "2020-10": {
            "month": "2020-10",
            "price": "38.75",
            "revenue": 703063
        },
        "2020-11": {
            "month": "2020-11",
            "price": "39.01",
            "revenue": 616474
        },
        "2020-12": {
            "month": "2020-12",
            "price": "38.05",
            "revenue": 698065
        },
        "2021-01": {
            "month": "2021-01",
            "price": "37.38",
            "revenue": 713873
        },
        "2021-02": {
            "month": "2021-02",
            "price": "37.56",
            "revenue": 536150
        },
        "2021-03": {
            "month": "2021-03",
            "price": "40.10",
            "revenue": 755752
        },
        "2021-04": {
            "month": "2021-04",
            "price": "46.23",
            "revenue": 708641
        },
        "2021-05": {
            "month": "2021-05",
            "price": "42.64",
            "revenue": 724299
        },
        "2021-06": {
            "month": "2021-06",
            "price": "44.49",
            "revenue": 768333
        },
        "2021-07": {
            "month": "2021-07",
            "price": "50.44",
            "revenue": 714728
        },
        "2021-08": {
            "month": "2021-08",
            "price": "50.22",
            "revenue": 730178
        },
        "2021-09": {
            "month": "2021-09",
            "price": "46.26",
            "revenue": 733239
        },
        "2021-10": {
            "month": "2021-10",
            "price": "45.21",
            "revenue": 731829
        },
        "2021-11": {
            "month": "2021-11",
            "price": "46.69",
            "revenue": 791906
        },
        "2021-12": {
            "month": "2021-12",
            "price": "47.66",
            "revenue": 831609
        },
        "2022-01": {
            "month": "2022-01",
            "price": "50.09",
            "revenue": 710324
        },
        "2022-02": {
            "month": "2022-02",
            "price": "48.56",
            "revenue": 729636
        },
        "2022-03": {
            "month": "2022-03",
            "price": "48.74",
            "revenue": 784139
        },
        "2022-04": {
            "month": "2022-04",
            "price": "46.25",
            "revenue": 752533
        },
        "2022-05": {
            "month": "2022-05",
            "price": "43.55",
            "revenue": 666098
        },
        "2022-06": {
            "month": "2022-06",
            "price": "41.79",
            "revenue": 727193
        },
        "2022-07": {
            "month": "2022-07",
            "price": "38.18",
            "revenue": 620510
        },
        "2022-08": {
            "month": "2022-08",
            "price": "39.06",
            "revenue": 626796
        },
        "2022-09": {
            "month": "2022-09",
            "price": "36.55",
            "revenue": 624162
        },
        "2022-10": {
            "month": "2022-10",
            "price": "33.49",
            "revenue": 524944
        },
        "2022-11": {
            "month": "2022-11",
            "price": "35.21",
            "revenue": 575343
        },
        "2022-12": {
            "month": "2022-12",
            "price": "36.05",
            "revenue": 493315
        },
        "2023-01": {
            "month": "2023-01",
            "price": "35.82",
            "revenue": 455530
        },
        "2023-02": {
            "month": "2023-02",
            "price": "37.46",
            "revenue": 482139
        },
        "2023-03": {
            "month": "2023-03",
            "price": "37.95",
            "revenue": 476980
        },
        "2023-04": {
            "month": "2023-04",
            "price": "37.88",
            "revenue": 478063
        },
        "2023-05": {
            "month": "2023-05",
            "price": "38.70",
            "revenue": 552492
        },
        "2023-06": {
            "month": "2023-06",
            "price": "40.63",
            "revenue": 522223
        },
        "2023-07": {
            "month": "2023-07",
            "price": "41.09",
            "revenue": 539303
        },
        "2023-08": {
            "month": "2023-08",
            "price": "41.15",
            "revenue": 560813
        },
        "2023-09": {
            "month": "2023-09",
            "price": "42.83",
            "revenue": 528625
        },
        "2023-10": {
            "month": "2023-10",
            "price": "41.88",
            "revenue": 484376
        },
        "2023-11": {
            "month": "2023-11",
            "price": "42.65",
            "revenue": 490141
        },
        "2023-12": {
            "month": "2023-12",
            "price": "43.46",
            "revenue": 502586
        }
    }
}
