{
    "summary": {
        "stock_name": "康控-KY",
        "stock_id": "4943",
        "category": "電子零組件",
        "main_business": "電子接插件(連接器)<br>聲學元件",
        "website_url": "http://www.concraft.com.tw",
        "ceo": "李國基",
        "pe_ratio": -4,
        "report_year_from": 2011,
        "report_year_to": 2023,
        "age": 13,
        "eps_negative_percentage": 36,
        "eps_growth_avg": {
            "last_all": 16.47,
            "last_2y": null,
            "last_4y": -81.66,
            "last_8y": null,
            "last_12y": null,
            "last_16y": null,
            "last_20y": null,
            "at_2006_last_3y": null,
            "at_2007_last_3y": null,
            "at_2008_last_3y": null,
            "at_2009_last_3y": null,
            "at_2010_last_3y": null,
            "at_2011_last_3y": null,
            "at_2012_last_3y": null,
            "at_2013_last_3y": null,
            "at_2014_last_3y": null,
            "at_2015_last_3y": null,
            "at_2016_last_3y": null,
            "at_2017_last_3y": null,
            "at_2018_last_3y": null,
            "at_2019_last_3y": 29.72,
            "at_2020_last_3y": -20.28,
            "at_2021_last_3y": -60.37,
            "at_2022_last_3y": -81.66,
            "at_2023_last_3y": -100,
            "at_2024_last_3y": -100,
            "at_2006_last_all": null,
            "at_2007_last_all": null,
            "at_2008_last_all": null,
            "at_2009_last_all": null,
            "at_2010_last_all": null,
            "at_2011_last_all": null,
            "at_2012_last_all": null,
            "at_2013_last_all": null,
            "at_2014_last_all": null,
            "at_2015_last_all": 48.21,
            "at_2016_last_all": 65.47,
            "at_2017_last_all": 74.1,
            "at_2018_last_all": 55.72,
            "at_2019_last_all": 35.88,
            "at_2020_last_all": 16.47,
            "at_2021_last_all": 16.47,
            "at_2022_last_all": 16.47,
            "at_2023_last_all": 16.47,
            "at_2024_last_all": 16.47
        },
        "latest_eps": -6.45,
        "latest_price": 26.3,
        "latest_roe": -235.74,
        "latest_gross_margin": 5.17,
        "latest_equity": 16305,
        "latest_revenue": 460112,
        "latest_gross_profit": 23781,
        "latest_net_income": -76959,
        "latest_debt_ratio": 99.39,
        "latest_current_ratio": 48.04,
        "latest_account_receivable_turnover_ratio": 0.93,
        "latest_inventory_turnover_ratio": 1.48,
        "latest_reinvestment_rate": null,
        "latest_research_to_sale_ratio": 6
    },
    "eps_dividends": {
        "2001": {
            "cash": 0,
            "stock": 0,
            "eps": 0
        },
        "2002": {
            "cash": 0,
            "stock": 0,
            "eps": 0
        },
        "2003": {
            "cash": 0,
            "stock": 0,
            "eps": 0
        },
        "2004": {
            "cash": 0,
            "stock": 0,
            "eps": 0
        },
        "2005": {
            "cash": 0,
            "stock": 0,
            "eps": 0
        },
        "2006": {
            "cash": 0,
            "stock": 0,
            "eps": 0
        },
        "2007": {
            "cash": 0,
            "stock": 0,
            "eps": 0
        },
        "2008": {
            "cash": 0,
            "stock": 0,
            "eps": 0
        },
        "2009": {
            "cash": 0,
            "stock": 0,
            "eps": 0
        },
        "2010": {
            "cash": 0,
            "stock": 0,
            "eps": 0
        },
        "2011": {
            "cash": 3,
            "stock": 3,
            "eps": 0.22
        },
        "2012": {
            "cash": 0,
            "stock": 0,
            "eps": 0.38
        },
        "2013": {
            "cash": 0.52,
            "stock": 0.52,
            "eps": 0
        },
        "2014": {
            "cash": 0.5,
            "stock": 1,
            "eps": 0
        },
        "2015": {
            "cash": 0.5,
            "stock": 1,
            "eps": 0.47
        },
        "2016": {
            "cash": 1,
            "stock": 0,
            "eps": 1.47
        },
        "2017": {
            "cash": 1.54,
            "stock": 0.5,
            "eps": 10.28
        },
        "2018": {
            "cash": 5,
            "stock": 1,
            "eps": 8.45
        },
        "2019": {
            "cash": 5.5,
            "stock": 0.5,
            "eps": 3.1
        },
        "2020": {
            "cash": 0.5,
            "stock": 1.5,
            "eps": -1.07
        },
        "2021": {
            "cash": 0.1,
            "stock": 0,
            "eps": -24.11
        },
        "2022": {
            "cash": 0,
            "stock": 0,
            "eps": -8.23
        },
        "2023": {
            "cash": 0,
            "stock": 0,
            "eps": -2.2
        }
    },
    "dividends": {
        "2011-01-01": {
            "cash": 1,
            "stock": 1
        },
        "2011-03-25": {
            "cash": 2,
            "stock": 2
        },
        "2013-03-26": {
            "cash": 0.52,
            "stock": 0.52
        },
        "2014-08-20": {
            "cash": 0.5,
            "stock": 1
        },
        "2015-09-30": {
            "cash": 0.5,
            "stock": 1
        },
        "2016-09-08": {
            "cash": 1,
            "stock": 0
        },
        "2017-09-22": {
            "cash": 1.54,
            "stock": 0.5
        },
        "2018-08-24": {
            "cash": 5,
            "stock": 1
        },
        "2019-08-26": {
            "cash": 5.5,
            "stock": 0.5
        },
        "2020-09-28": {
            "cash": 0.5,
            "stock": 1.5
        },
        "2021-10-15": {
            "cash": 0.1,
            "stock": 0
        }
    },
    "prices": {
        "200101": "無",
        "200102": "無",
        "200103": "無",
        "200104": "無",
        "200105": "無",
        "200106": "無",
        "200107": "無",
        "200108": "無",
        "200109": "無",
        "200110": "無",
        "200111": "無",
        "200112": "無",
        "200201": "無",
        "200202": "無",
        "200203": "無",
        "200204": "無",
        "200205": "無",
        "200206": "無",
        "200207": "無",
        "200208": "無",
        "200209": "無",
        "200210": "無",
        "200211": "無",
        "200212": "無",
        "200301": "無",
        "200302": "無",
        "200303": "無",
        "200304": "無",
        "200305": "無",
        "200306": "無",
        "200307": "無",
        "200308": "無",
        "200309": "無",
        "200310": "無",
        "200311": "無",
        "200312": "無",
        "200401": "無",
        "200402": "無",
        "200403": "無",
        "200404": "無",
        "200405": "無",
        "200406": "無",
        "200407": "無",
        "200408": "無",
        "200409": "無",
        "200410": "無",
        "200411": "無",
        "200412": "無",
        "200501": "無",
        "200502": "無",
        "200503": "無",
        "200504": "無",
        "200505": "無",
        "200506": "無",
        "200507": "無",
        "200508": "無",
        "200509": "無",
        "200510": "無",
        "200511": "無",
        "200512": "無",
        "200601": "無",
        "200602": "無",
        "200603": "無",
        "200604": "無",
        "200605": "無",
        "200606": "無",
        "200607": "無",
        "200608": "無",
        "200609": "無",
        "200610": "無",
        "200611": "無",
        "200612": "無",
        "200701": "無",
        "200702": "無",
        "200703": "無",
        "200704": "無",
        "200705": "無",
        "200706": "無",
        "200707": "無",
        "200708": "無",
        "200709": "無",
        "200710": "無",
        "200711": "無",
        "200712": "無",
        "200801": "無",
        "200802": "無",
        "200803": "無",
        "200804": "無",
        "200805": "無",
        "200806": "無",
        "200807": "無",
        "200808": "無",
        "200809": "無",
        "200810": "無",
        "200811": "無",
        "200812": "無",
        "200901": "無",
        "200902": "無",
        "200903": "無",
        "200904": "無",
        "200905": "無",
        "200906": "無",
        "200907": "無",
        "200908": "無",
        "200909": "無",
        "200910": "無",
        "200911": "無",
        "200912": "無",
        "201001": "無",
        "201002": "無",
        "201003": "無",
        "201004": "無",
        "201005": "無",
        "201006": "無",
        "201007": "無",
        "201008": "無",
        "201009": "無",
        "201010": "無",
        "201011": "無",
        "201012": "無",
        "201101": "無",
        "201102": "無",
        "201103": "無",
        "201104": "無",
        "201105": "無",
        "201106": "無",
        "201107": "43.68",
        "201108": "無",
        "201109": "42.11",
        "201110": "無",
        "201111": "40.50",
        "201112": "40.84",
        "201201": "41.44",
        "201202": "40.38",
        "201203": "38.17",
        "201204": "34.20",
        "201205": "無",
        "201206": "無",
        "201207": "32.66",
        "201208": "29.43",
        "201209": "26.20",
        "201210": "24.80",
        "201211": "25.14",
        "201212": "24.63",
        "201301": "22.79",
        "201302": "20.01",
        "201303": "20.01",
        "201304": "20.09",
        "201305": "無",
        "201306": "19.40",
        "201307": "19.34",
        "201308": "18.58",
        "201309": "19.21",
        "201310": "19.79",
        "201311": "19.50",
        "201312": "19.29",
        "201401": "19.84",
        "201402": "18.67",
        "201403": "19.75",
        "201404": "19.39",
        "201405": "22.90",
        "201406": "26.16",
        "201407": "31.20",
        "201408": "35.39",
        "201409": "33.89",
        "201410": "37.07",
        "201411": "33.66",
        "201412": "33.74",
        "201501": "34.96",
        "201502": "37.58",
        "201503": "39.41",
        "201504": "38.76",
        "201505": "37.81",
        "201506": "36.01",
        "201507": "37.62",
        "201508": "34.52",
        "201509": "34.72",
        "201510": "35.82",
        "201511": "35.70",
        "201512": "36.84",
        "201601": "36.30",
        "201602": "36.79",
        "201603": "47.34",
        "201604": "42.96",
        "201605": "45.91",
        "201606": "53.88",
        "201607": "63.57",
        "201608": "62.78",
        "201609": "68.58",
        "201610": "72.02",
        "201611": "59.57",
        "201612": "61.91",
        "201701": "66.27",
        "201702": "82.37",
        "201703": "95.06",
        "201704": "125.50",
        "201705": "126.85",
        "201706": "135.07",
        "201707": "188.98",
        "201708": "205.37",
        "201709": "209.75",
        "201710": "271.89",
        "201711": "409.45",
        "201712": "422.10",
        "201801": "284.36",
        "201802": "269.42",
        "201803": "290.35",
        "201804": "279.11",
        "201805": "281.48",
        "201806": "319.85",
        "201807": "294.48",
        "201808": "260.74",
        "201809": "250.45",
        "201810": "162.70",
        "201811": "135.61",
        "201812": "116.02",
        "201901": "105.22",
        "201902": "123.46",
        "201903": "129.08",
        "201904": "143.02",
        "201905": "133.61",
        "201906": "137.68",
        "201907": "170.11",
        "201908": "146.55",
        "201909": "172.71",
        "201910": "181.00",
        "201911": "181.79",
        "201912": "170.50",
        "202001": "157.47",
        "202002": "143.53",
        "202003": "109.64",
        "202004": "111.87",
        "202005": "120.05",
        "202006": "116.40",
        "202007": "127.39",
        "202008": "115.62",
        "202009": "86.04",
        "202010": "84.83",
        "202011": "90.70",
        "202012": "89.42",
        "202101": "80.99",
        "202102": "79.16",
        "202103": "79.79",
        "202104": "71.84",
        "202105": "57.38",
        "202106": "76.15",
        "202107": "73.87",
        "202108": "65.45",
        "202109": "62.20",
        "202110": "54.84",
        "202111": "46.05",
        "202112": "34.26",
        "202201": "29.45",
        "202202": "29.47",
        "202203": "26.12",
        "202204": "24.66",
        "202205": "20.38",
        "202206": "19.37",
        "202207": "17.35",
        "202208": "15.90",
        "202209": "14.33",
        "202210": "10.59",
        "202211": "9.38",
        "202212": "8.72",
        "202301": "14.95",
        "202302": "13.83",
        "202303": "13.19",
        "202304": "12.76",
        "202305": "14.44",
        "202306": "15.58",
        "202307": "14.75",
        "202308": "14.47",
        "202309": "15.54",
        "202310": "14.36",
        "202311": "13.21",
        "202312": "14.98"
    },
    "quarters": {
        "20011": {
            "year_quarter": 20011,
            "year": 2001,
            "quarter": 1,
            "eps": null,
            "eps_growth_year": null,
            "eps_4q": null,
            "eps_4q_growth_year": null,
            "roe": null,
            "roe_4q": 0,
            "gross_profit": null,
            "gross_margin": null,
            "gross_margin_4q_avg": 0,
            "net_income": null,
            "net_income_4q": null,
            "revenue": null,
            "revenue_4q": null,
            "common_shares": null,
            "book_valuer_per_share": null,
            "book_valuer_per_share_4q_avg": 0,
            "equity": null,
            "current_ratio": null,
            "debt_ratio": null,
            "inventory_turnover_ratio": null,
            "account_receivable_turnover_ratio": null,
            "reinvestment_rate": null,
            "research_to_sale_ratio": null,
            "price_fair": 0,
            "eps_avg_yearly": 0,
            "eps_latest_yearly": 0,
            "eps_growth_yearly": 0
        },
        "20012": {
            "year_quarter": 20012,
            "year": 2001,
            "quarter": 2,
            "eps": null,
            "eps_growth_year": null,
            "eps_4q": null,
            "eps_4q_growth_year": null,
            "roe": null,
            "roe_4q": 0,
            "gross_profit": null,
            "gross_margin": null,
            "gross_margin_4q_avg": 0,
            "net_income": null,
            "net_income_4q": null,
            "revenue": null,
            "revenue_4q": null,
            "common_shares": null,
            "book_valuer_per_share": null,
            "book_valuer_per_share_4q_avg": 0,
            "equity": null,
            "current_ratio": null,
            "debt_ratio": null,
            "inventory_turnover_ratio": null,
            "account_receivable_turnover_ratio": null,
            "reinvestment_rate": null,
            "research_to_sale_ratio": null,
            "price_fair": 0,
            "eps_avg_yearly": 0,
            "eps_latest_yearly": 0,
            "eps_growth_yearly": 0
        },
        "20013": {
            "year_quarter": 20013,
            "year": 2001,
            "quarter": 3,
            "eps": null,
            "eps_growth_year": null,
            "eps_4q": null,
            "eps_4q_growth_year": null,
            "roe": null,
            "roe_4q": 0,
            "gross_profit": null,
            "gross_margin": null,
            "gross_margin_4q_avg": 0,
            "net_income": null,
            "net_income_4q": null,
            "revenue": null,
            "revenue_4q": null,
            "common_shares": null,
            "book_valuer_per_share": null,
            "book_valuer_per_share_4q_avg": 0,
            "equity": null,
            "current_ratio": null,
            "debt_ratio": null,
            "inventory_turnover_ratio": null,
            "account_receivable_turnover_ratio": null,
            "reinvestment_rate": null,
            "research_to_sale_ratio": null,
            "price_fair": 0,
            "eps_avg_yearly": 0,
            "eps_latest_yearly": 0,
            "eps_growth_yearly": 0
        },
        "20014": {
            "year_quarter": 20014,
            "year": 2001,
            "quarter": 4,
            "eps": null,
            "eps_growth_year": null,
            "eps_4q": null,
            "eps_4q_growth_year": null,
            "roe": null,
            "roe_4q": 0,
            "gross_profit": null,
            "gross_margin": null,
            "gross_margin_4q_avg": 0,
            "net_income": null,
            "net_income_4q": null,
            "revenue": null,
            "revenue_4q": null,
            "common_shares": null,
            "book_valuer_per_share": null,
            "book_valuer_per_share_4q_avg": 0,
            "equity": null,
            "current_ratio": null,
            "debt_ratio": null,
            "inventory_turnover_ratio": null,
            "account_receivable_turnover_ratio": null,
            "reinvestment_rate": null,
            "research_to_sale_ratio": null,
            "price_fair": 0,
            "eps_avg_yearly": 0,
            "eps_latest_yearly": 0,
            "eps_growth_yearly": 0
        },
        "20021": {
            "year_quarter": 20021,
            "year": 2002,
            "quarter": 1,
            "eps": null,
            "eps_growth_year": null,
            "eps_4q": null,
            "eps_4q_growth_year": null,
            "roe": null,
            "roe_4q": 0,
            "gross_profit": null,
            "gross_margin": null,
            "gross_margin_4q_avg": 0,
            "net_income": null,
            "net_income_4q": null,
            "revenue": null,
            "revenue_4q": null,
            "common_shares": null,
            "book_valuer_per_share": null,
            "book_valuer_per_share_4q_avg": 0,
            "equity": null,
            "current_ratio": null,
            "debt_ratio": null,
            "inventory_turnover_ratio": null,
            "account_receivable_turnover_ratio": null,
            "reinvestment_rate": null,
            "research_to_sale_ratio": null,
            "price_fair": 0,
            "eps_avg_yearly": 0,
            "eps_latest_yearly": 0,
            "eps_growth_yearly": 0
        },
        "20022": {
            "year_quarter": 20022,
            "year": 2002,
            "quarter": 2,
            "eps": null,
            "eps_growth_year": null,
            "eps_4q": null,
            "eps_4q_growth_year": null,
            "roe": null,
            "roe_4q": 0,
            "gross_profit": null,
            "gross_margin": null,
            "gross_margin_4q_avg": 0,
            "net_income": null,
            "net_income_4q": null,
            "revenue": null,
            "revenue_4q": null,
            "common_shares": null,
            "book_valuer_per_share": null,
            "book_valuer_per_share_4q_avg": 0,
            "equity": null,
            "current_ratio": null,
            "debt_ratio": null,
            "inventory_turnover_ratio": null,
            "account_receivable_turnover_ratio": null,
            "reinvestment_rate": null,
            "research_to_sale_ratio": null,
            "price_fair": 0,
            "eps_avg_yearly": 0,
            "eps_latest_yearly": 0,
            "eps_growth_yearly": 0
        },
        "20023": {
            "year_quarter": 20023,
            "year": 2002,
            "quarter": 3,
            "eps": null,
            "eps_growth_year": null,
            "eps_4q": null,
            "eps_4q_growth_year": null,
            "roe": null,
            "roe_4q": 0,
            "gross_profit": null,
            "gross_margin": null,
            "gross_margin_4q_avg": 0,
            "net_income": null,
            "net_income_4q": null,
            "revenue": null,
            "revenue_4q": null,
            "common_shares": null,
            "book_valuer_per_share": null,
            "book_valuer_per_share_4q_avg": 0,
            "equity": null,
            "current_ratio": null,
            "debt_ratio": null,
            "inventory_turnover_ratio": null,
            "account_receivable_turnover_ratio": null,
            "reinvestment_rate": null,
            "research_to_sale_ratio": null,
            "price_fair": 0,
            "eps_avg_yearly": 0,
            "eps_latest_yearly": 0,
            "eps_growth_yearly": 0
        },
        "20024": {
            "year_quarter": 20024,
            "year": 2002,
            "quarter": 4,
            "eps": null,
            "eps_growth_year": null,
            "eps_4q": null,
            "eps_4q_growth_year": null,
            "roe": null,
            "roe_4q": 0,
            "gross_profit": null,
            "gross_margin": null,
            "gross_margin_4q_avg": 0,
            "net_income": null,
            "net_income_4q": null,
            "revenue": null,
            "revenue_4q": null,
            "common_shares": null,
            "book_valuer_per_share": null,
            "book_valuer_per_share_4q_avg": 0,
            "equity": null,
            "current_ratio": null,
            "debt_ratio": null,
            "inventory_turnover_ratio": null,
            "account_receivable_turnover_ratio": null,
            "reinvestment_rate": null,
            "research_to_sale_ratio": null,
            "price_fair": 0,
            "eps_avg_yearly": 0,
            "eps_latest_yearly": 0,
            "eps_growth_yearly": 0
        },
        "20031": {
            "year_quarter": 20031,
            "year": 2003,
            "quarter": 1,
            "eps": null,
            "eps_growth_year": null,
            "eps_4q": null,
            "eps_4q_growth_year": null,
            "roe": null,
            "roe_4q": 0,
            "gross_profit": null,
            "gross_margin": null,
            "gross_margin_4q_avg": 0,
            "net_income": null,
            "net_income_4q": null,
            "revenue": null,
            "revenue_4q": null,
            "common_shares": null,
            "book_valuer_per_share": null,
            "book_valuer_per_share_4q_avg": 0,
            "equity": null,
            "current_ratio": null,
            "debt_ratio": null,
            "inventory_turnover_ratio": null,
            "account_receivable_turnover_ratio": null,
            "reinvestment_rate": null,
            "research_to_sale_ratio": null,
            "price_fair": 0,
            "eps_avg_yearly": 0,
            "eps_latest_yearly": 0,
            "eps_growth_yearly": 0
        },
        "20032": {
            "year_quarter": 20032,
            "year": 2003,
            "quarter": 2,
            "eps": null,
            "eps_growth_year": null,
            "eps_4q": null,
            "eps_4q_growth_year": null,
            "roe": null,
            "roe_4q": 0,
            "gross_profit": null,
            "gross_margin": null,
            "gross_margin_4q_avg": 0,
            "net_income": null,
            "net_income_4q": null,
            "revenue": null,
            "revenue_4q": null,
            "common_shares": null,
            "book_valuer_per_share": null,
            "book_valuer_per_share_4q_avg": 0,
            "equity": null,
            "current_ratio": null,
            "debt_ratio": null,
            "inventory_turnover_ratio": null,
            "account_receivable_turnover_ratio": null,
            "reinvestment_rate": null,
            "research_to_sale_ratio": null,
            "price_fair": 0,
            "eps_avg_yearly": 0,
            "eps_latest_yearly": 0,
            "eps_growth_yearly": 0
        },
        "20033": {
            "year_quarter": 20033,
            "year": 2003,
            "quarter": 3,
            "eps": null,
            "eps_growth_year": null,
            "eps_4q": null,
            "eps_4q_growth_year": null,
            "roe": null,
            "roe_4q": 0,
            "gross_profit": null,
            "gross_margin": null,
            "gross_margin_4q_avg": 0,
            "net_income": null,
            "net_income_4q": null,
            "revenue": null,
            "revenue_4q": null,
            "common_shares": null,
            "book_valuer_per_share": null,
            "book_valuer_per_share_4q_avg": 0,
            "equity": null,
            "current_ratio": null,
            "debt_ratio": null,
            "inventory_turnover_ratio": null,
            "account_receivable_turnover_ratio": null,
            "reinvestment_rate": null,
            "research_to_sale_ratio": null,
            "price_fair": 0,
            "eps_avg_yearly": 0,
            "eps_latest_yearly": 0,
            "eps_growth_yearly": 0
        },
        "20034": {
            "year_quarter": 20034,
            "year": 2003,
            "quarter": 4,
            "eps": null,
            "eps_growth_year": null,
            "eps_4q": null,
            "eps_4q_growth_year": null,
            "roe": null,
            "roe_4q": 0,
            "gross_profit": null,
            "gross_margin": null,
            "gross_margin_4q_avg": 0,
            "net_income": null,
            "net_income_4q": null,
            "revenue": null,
            "revenue_4q": null,
            "common_shares": null,
            "book_valuer_per_share": null,
            "book_valuer_per_share_4q_avg": 0,
            "equity": null,
            "current_ratio": null,
            "debt_ratio": null,
            "inventory_turnover_ratio": null,
            "account_receivable_turnover_ratio": null,
            "reinvestment_rate": null,
            "research_to_sale_ratio": null,
            "price_fair": 0,
            "eps_avg_yearly": 0,
            "eps_latest_yearly": 0,
            "eps_growth_yearly": 0
        },
        "20041": {
            "year_quarter": 20041,
            "year": 2004,
            "quarter": 1,
            "eps": null,
            "eps_growth_year": null,
            "eps_4q": null,
            "eps_4q_growth_year": null,
            "roe": null,
            "roe_4q": 0,
            "gross_profit": null,
            "gross_margin": null,
            "gross_margin_4q_avg": 0,
            "net_income": null,
            "net_income_4q": null,
            "revenue": null,
            "revenue_4q": null,
            "common_shares": null,
            "book_valuer_per_share": null,
            "book_valuer_per_share_4q_avg": 0,
            "equity": null,
            "current_ratio": null,
            "debt_ratio": null,
            "inventory_turnover_ratio": null,
            "account_receivable_turnover_ratio": null,
            "reinvestment_rate": null,
            "research_to_sale_ratio": null,
            "price_fair": 0,
            "eps_avg_yearly": 0,
            "eps_latest_yearly": 0,
            "eps_growth_yearly": 0
        },
        "20042": {
            "year_quarter": 20042,
            "year": 2004,
            "quarter": 2,
            "eps": null,
            "eps_growth_year": null,
            "eps_4q": null,
            "eps_4q_growth_year": null,
            "roe": null,
            "roe_4q": 0,
            "gross_profit": null,
            "gross_margin": null,
            "gross_margin_4q_avg": 0,
            "net_income": null,
            "net_income_4q": null,
            "revenue": null,
            "revenue_4q": null,
            "common_shares": null,
            "book_valuer_per_share": null,
            "book_valuer_per_share_4q_avg": 0,
            "equity": null,
            "current_ratio": null,
            "debt_ratio": null,
            "inventory_turnover_ratio": null,
            "account_receivable_turnover_ratio": null,
            "reinvestment_rate": null,
            "research_to_sale_ratio": null,
            "price_fair": 0,
            "eps_avg_yearly": 0,
            "eps_latest_yearly": 0,
            "eps_growth_yearly": 0
        },
        "20043": {
            "year_quarter": 20043,
            "year": 2004,
            "quarter": 3,
            "eps": null,
            "eps_growth_year": null,
            "eps_4q": null,
            "eps_4q_growth_year": null,
            "roe": null,
            "roe_4q": 0,
            "gross_profit": null,
            "gross_margin": null,
            "gross_margin_4q_avg": 0,
            "net_income": null,
            "net_income_4q": null,
            "revenue": null,
            "revenue_4q": null,
            "common_shares": null,
            "book_valuer_per_share": null,
            "book_valuer_per_share_4q_avg": 0,
            "equity": null,
            "current_ratio": null,
            "debt_ratio": null,
            "inventory_turnover_ratio": null,
            "account_receivable_turnover_ratio": null,
            "reinvestment_rate": null,
            "research_to_sale_ratio": null,
            "price_fair": 0,
            "eps_avg_yearly": 0,
            "eps_latest_yearly": 0,
            "eps_growth_yearly": 0
        },
        "20044": {
            "year_quarter": 20044,
            "year": 2004,
            "quarter": 4,
            "eps": null,
            "eps_growth_year": null,
            "eps_4q": null,
            "eps_4q_growth_year": null,
            "roe": null,
            "roe_4q": 0,
            "gross_profit": null,
            "gross_margin": null,
            "gross_margin_4q_avg": 0,
            "net_income": null,
            "net_income_4q": null,
            "revenue": null,
            "revenue_4q": null,
            "common_shares": null,
            "book_valuer_per_share": null,
            "book_valuer_per_share_4q_avg": 0,
            "equity": null,
            "current_ratio": null,
            "debt_ratio": null,
            "inventory_turnover_ratio": null,
            "account_receivable_turnover_ratio": null,
            "reinvestment_rate": null,
            "research_to_sale_ratio": null,
            "price_fair": 0,
            "eps_avg_yearly": 0,
            "eps_latest_yearly": 0,
            "eps_growth_yearly": 0
        },
        "20051": {
            "year_quarter": 20051,
            "year": 2005,
            "quarter": 1,
            "eps": null,
            "eps_growth_year": null,
            "eps_4q": null,
            "eps_4q_growth_year": null,
            "roe": null,
            "roe_4q": 0,
            "gross_profit": null,
            "gross_margin": null,
            "gross_margin_4q_avg": 0,
            "net_income": null,
            "net_income_4q": null,
            "revenue": null,
            "revenue_4q": null,
            "common_shares": null,
            "book_valuer_per_share": null,
            "book_valuer_per_share_4q_avg": 0,
            "equity": null,
            "current_ratio": null,
            "debt_ratio": null,
            "inventory_turnover_ratio": null,
            "account_receivable_turnover_ratio": null,
            "reinvestment_rate": null,
            "research_to_sale_ratio": null,
            "price_fair": 0,
            "eps_avg_yearly": 0,
            "eps_latest_yearly": 0,
            "eps_growth_yearly": 0
        },
        "20052": {
            "year_quarter": 20052,
            "year": 2005,
            "quarter": 2,
            "eps": null,
            "eps_growth_year": null,
            "eps_4q": null,
            "eps_4q_growth_year": null,
            "roe": null,
            "roe_4q": 0,
            "gross_profit": null,
            "gross_margin": null,
            "gross_margin_4q_avg": 0,
            "net_income": null,
            "net_income_4q": null,
            "revenue": null,
            "revenue_4q": null,
            "common_shares": null,
            "book_valuer_per_share": null,
            "book_valuer_per_share_4q_avg": 0,
            "equity": null,
            "current_ratio": null,
            "debt_ratio": null,
            "inventory_turnover_ratio": null,
            "account_receivable_turnover_ratio": null,
            "reinvestment_rate": null,
            "research_to_sale_ratio": null,
            "price_fair": 0,
            "eps_avg_yearly": 0,
            "eps_latest_yearly": 0,
            "eps_growth_yearly": 0
        },
        "20053": {
            "year_quarter": 20053,
            "year": 2005,
            "quarter": 3,
            "eps": null,
            "eps_growth_year": null,
            "eps_4q": null,
            "eps_4q_growth_year": null,
            "roe": null,
            "roe_4q": 0,
            "gross_profit": null,
            "gross_margin": null,
            "gross_margin_4q_avg": 0,
            "net_income": null,
            "net_income_4q": null,
            "revenue": null,
            "revenue_4q": null,
            "common_shares": null,
            "book_valuer_per_share": null,
            "book_valuer_per_share_4q_avg": 0,
            "equity": null,
            "current_ratio": null,
            "debt_ratio": null,
            "inventory_turnover_ratio": null,
            "account_receivable_turnover_ratio": null,
            "reinvestment_rate": null,
            "research_to_sale_ratio": null,
            "price_fair": 0,
            "eps_avg_yearly": 0,
            "eps_latest_yearly": 0,
            "eps_growth_yearly": 0
        },
        "20054": {
            "year_quarter": 20054,
            "year": 2005,
            "quarter": 4,
            "eps": null,
            "eps_growth_year": null,
            "eps_4q": null,
            "eps_4q_growth_year": null,
            "roe": null,
            "roe_4q": 0,
            "gross_profit": null,
            "gross_margin": null,
            "gross_margin_4q_avg": 0,
            "net_income": null,
            "net_income_4q": null,
            "revenue": null,
            "revenue_4q": null,
            "common_shares": null,
            "book_valuer_per_share": null,
            "book_valuer_per_share_4q_avg": 0,
            "equity": null,
            "current_ratio": null,
            "debt_ratio": null,
            "inventory_turnover_ratio": null,
            "account_receivable_turnover_ratio": null,
            "reinvestment_rate": null,
            "research_to_sale_ratio": null,
            "price_fair": 0,
            "eps_avg_yearly": 0,
            "eps_latest_yearly": 0,
            "eps_growth_yearly": 0
        },
        "20061": {
            "year_quarter": 20061,
            "year": 2006,
            "quarter": 1,
            "eps": null,
            "eps_growth_year": null,
            "eps_4q": null,
            "eps_4q_growth_year": null,
            "roe": null,
            "roe_4q": 0,
            "gross_profit": null,
            "gross_margin": null,
            "gross_margin_4q_avg": 0,
            "net_income": null,
            "net_income_4q": null,
            "revenue": null,
            "revenue_4q": null,
            "common_shares": null,
            "book_valuer_per_share": null,
            "book_valuer_per_share_4q_avg": 0,
            "equity": null,
            "current_ratio": null,
            "debt_ratio": null,
            "inventory_turnover_ratio": null,
            "account_receivable_turnover_ratio": null,
            "reinvestment_rate": null,
            "research_to_sale_ratio": null,
            "price_fair": 0,
            "eps_avg_yearly": 0,
            "eps_latest_yearly": 0,
            "eps_growth_yearly": 0
        },
        "20062": {
            "year_quarter": 20062,
            "year": 2006,
            "quarter": 2,
            "eps": null,
            "eps_growth_year": null,
            "eps_4q": null,
            "eps_4q_growth_year": null,
            "roe": null,
            "roe_4q": 0,
            "gross_profit": null,
            "gross_margin": null,
            "gross_margin_4q_avg": 0,
            "net_income": null,
            "net_income_4q": null,
            "revenue": null,
            "revenue_4q": null,
            "common_shares": null,
            "book_valuer_per_share": null,
            "book_valuer_per_share_4q_avg": 0,
            "equity": null,
            "current_ratio": null,
            "debt_ratio": null,
            "inventory_turnover_ratio": null,
            "account_receivable_turnover_ratio": null,
            "reinvestment_rate": null,
            "research_to_sale_ratio": null,
            "price_fair": 0,
            "eps_avg_yearly": 0,
            "eps_latest_yearly": 0,
            "eps_growth_yearly": 0
        },
        "20063": {
            "year_quarter": 20063,
            "year": 2006,
            "quarter": 3,
            "eps": null,
            "eps_growth_year": null,
            "eps_4q": null,
            "eps_4q_growth_year": null,
            "roe": null,
            "roe_4q": 0,
            "gross_profit": null,
            "gross_margin": null,
            "gross_margin_4q_avg": 0,
            "net_income": null,
            "net_income_4q": null,
            "revenue": null,
            "revenue_4q": null,
            "common_shares": null,
            "book_valuer_per_share": null,
            "book_valuer_per_share_4q_avg": 0,
            "equity": null,
            "current_ratio": null,
            "debt_ratio": null,
            "inventory_turnover_ratio": null,
            "account_receivable_turnover_ratio": null,
            "reinvestment_rate": null,
            "research_to_sale_ratio": null,
            "price_fair": 0,
            "eps_avg_yearly": 0,
            "eps_latest_yearly": 0,
            "eps_growth_yearly": 0
        },
        "20064": {
            "year_quarter": 20064,
            "year": 2006,
            "quarter": 4,
            "eps": null,
            "eps_growth_year": null,
            "eps_4q": null,
            "eps_4q_growth_year": null,
            "roe": null,
            "roe_4q": 0,
            "gross_profit": null,
            "gross_margin": null,
            "gross_margin_4q_avg": 0,
            "net_income": null,
            "net_income_4q": null,
            "revenue": null,
            "revenue_4q": null,
            "common_shares": null,
            "book_valuer_per_share": null,
            "book_valuer_per_share_4q_avg": 0,
            "equity": null,
            "current_ratio": null,
            "debt_ratio": null,
            "inventory_turnover_ratio": null,
            "account_receivable_turnover_ratio": null,
            "reinvestment_rate": null,
            "research_to_sale_ratio": null,
            "price_fair": 0,
            "eps_avg_yearly": 0,
            "eps_latest_yearly": 0,
            "eps_growth_yearly": 0
        },
        "20071": {
            "year_quarter": 20071,
            "year": 2007,
            "quarter": 1,
            "eps": null,
            "eps_growth_year": null,
            "eps_4q": null,
            "eps_4q_growth_year": null,
            "roe": null,
            "roe_4q": 0,
            "gross_profit": null,
            "gross_margin": null,
            "gross_margin_4q_avg": 0,
            "net_income": null,
            "net_income_4q": null,
            "revenue": null,
            "revenue_4q": null,
            "common_shares": null,
            "book_valuer_per_share": null,
            "book_valuer_per_share_4q_avg": 0,
            "equity": null,
            "current_ratio": null,
            "debt_ratio": null,
            "inventory_turnover_ratio": null,
            "account_receivable_turnover_ratio": null,
            "reinvestment_rate": null,
            "research_to_sale_ratio": null,
            "price_fair": 0,
            "eps_avg_yearly": 0,
            "eps_latest_yearly": 0,
            "eps_growth_yearly": 0
        },
        "20072": {
            "year_quarter": 20072,
            "year": 2007,
            "quarter": 2,
            "eps": null,
            "eps_growth_year": null,
            "eps_4q": null,
            "eps_4q_growth_year": null,
            "roe": null,
            "roe_4q": 0,
            "gross_profit": null,
            "gross_margin": null,
            "gross_margin_4q_avg": 0,
            "net_income": null,
            "net_income_4q": null,
            "revenue": null,
            "revenue_4q": null,
            "common_shares": null,
            "book_valuer_per_share": null,
            "book_valuer_per_share_4q_avg": 0,
            "equity": null,
            "current_ratio": null,
            "debt_ratio": null,
            "inventory_turnover_ratio": null,
            "account_receivable_turnover_ratio": null,
            "reinvestment_rate": null,
            "research_to_sale_ratio": null,
            "price_fair": 0,
            "eps_avg_yearly": 0,
            "eps_latest_yearly": 0,
            "eps_growth_yearly": 0
        },
        "20073": {
            "year_quarter": 20073,
            "year": 2007,
            "quarter": 3,
            "eps": null,
            "eps_growth_year": null,
            "eps_4q": null,
            "eps_4q_growth_year": null,
            "roe": null,
            "roe_4q": 0,
            "gross_profit": null,
            "gross_margin": null,
            "gross_margin_4q_avg": 0,
            "net_income": null,
            "net_income_4q": null,
            "revenue": null,
            "revenue_4q": null,
            "common_shares": null,
            "book_valuer_per_share": null,
            "book_valuer_per_share_4q_avg": 0,
            "equity": null,
            "current_ratio": null,
            "debt_ratio": null,
            "inventory_turnover_ratio": null,
            "account_receivable_turnover_ratio": null,
            "reinvestment_rate": null,
            "research_to_sale_ratio": null,
            "price_fair": 0,
            "eps_avg_yearly": 0,
            "eps_latest_yearly": 0,
            "eps_growth_yearly": 0
        },
        "20074": {
            "year_quarter": 20074,
            "year": 2007,
            "quarter": 4,
            "eps": null,
            "eps_growth_year": null,
            "eps_4q": null,
            "eps_4q_growth_year": null,
            "roe": null,
            "roe_4q": 0,
            "gross_profit": null,
            "gross_margin": null,
            "gross_margin_4q_avg": 0,
            "net_income": null,
            "net_income_4q": null,
            "revenue": null,
            "revenue_4q": null,
            "common_shares": null,
            "book_valuer_per_share": null,
            "book_valuer_per_share_4q_avg": 0,
            "equity": null,
            "current_ratio": null,
            "debt_ratio": null,
            "inventory_turnover_ratio": null,
            "account_receivable_turnover_ratio": null,
            "reinvestment_rate": null,
            "research_to_sale_ratio": null,
            "price_fair": 0,
            "eps_avg_yearly": 0,
            "eps_latest_yearly": 0,
            "eps_growth_yearly": 0
        },
        "20081": {
            "year_quarter": 20081,
            "year": 2008,
            "quarter": 1,
            "eps": null,
            "eps_growth_year": null,
            "eps_4q": null,
            "eps_4q_growth_year": null,
            "roe": null,
            "roe_4q": 0,
            "gross_profit": null,
            "gross_margin": null,
            "gross_margin_4q_avg": 0,
            "net_income": null,
            "net_income_4q": null,
            "revenue": null,
            "revenue_4q": null,
            "common_shares": null,
            "book_valuer_per_share": null,
            "book_valuer_per_share_4q_avg": 0,
            "equity": null,
            "current_ratio": null,
            "debt_ratio": null,
            "inventory_turnover_ratio": null,
            "account_receivable_turnover_ratio": null,
            "reinvestment_rate": null,
            "research_to_sale_ratio": null,
            "price_fair": 0,
            "eps_avg_yearly": 0,
            "eps_latest_yearly": 0,
            "eps_growth_yearly": 0
        },
        "20082": {
            "year_quarter": 20082,
            "year": 2008,
            "quarter": 2,
            "eps": null,
            "eps_growth_year": null,
            "eps_4q": null,
            "eps_4q_growth_year": null,
            "roe": null,
            "roe_4q": 0,
            "gross_profit": null,
            "gross_margin": null,
            "gross_margin_4q_avg": 0,
            "net_income": null,
            "net_income_4q": null,
            "revenue": null,
            "revenue_4q": null,
            "common_shares": null,
            "book_valuer_per_share": null,
            "book_valuer_per_share_4q_avg": 0,
            "equity": null,
            "current_ratio": null,
            "debt_ratio": null,
            "inventory_turnover_ratio": null,
            "account_receivable_turnover_ratio": null,
            "reinvestment_rate": null,
            "research_to_sale_ratio": null,
            "price_fair": 0,
            "eps_avg_yearly": 0,
            "eps_latest_yearly": 0,
            "eps_growth_yearly": 0
        },
        "20083": {
            "year_quarter": 20083,
            "year": 2008,
            "quarter": 3,
            "eps": null,
            "eps_growth_year": null,
            "eps_4q": null,
            "eps_4q_growth_year": null,
            "roe": null,
            "roe_4q": 0,
            "gross_profit": null,
            "gross_margin": null,
            "gross_margin_4q_avg": 0,
            "net_income": null,
            "net_income_4q": null,
            "revenue": null,
            "revenue_4q": null,
            "common_shares": null,
            "book_valuer_per_share": null,
            "book_valuer_per_share_4q_avg": 0,
            "equity": null,
            "current_ratio": null,
            "debt_ratio": null,
            "inventory_turnover_ratio": null,
            "account_receivable_turnover_ratio": null,
            "reinvestment_rate": null,
            "research_to_sale_ratio": null,
            "price_fair": 0,
            "eps_avg_yearly": 0,
            "eps_latest_yearly": 0,
            "eps_growth_yearly": 0
        },
        "20084": {
            "year_quarter": 20084,
            "year": 2008,
            "quarter": 4,
            "eps": null,
            "eps_growth_year": null,
            "eps_4q": null,
            "eps_4q_growth_year": null,
            "roe": null,
            "roe_4q": 0,
            "gross_profit": null,
            "gross_margin": null,
            "gross_margin_4q_avg": 0,
            "net_income": null,
            "net_income_4q": null,
            "revenue": null,
            "revenue_4q": null,
            "common_shares": 18000,
            "book_valuer_per_share": 87.77,
            "book_valuer_per_share_4q_avg": 21.94,
            "equity": 157983,
            "current_ratio": 66,
            "debt_ratio": 77.29,
            "inventory_turnover_ratio": null,
            "account_receivable_turnover_ratio": null,
            "reinvestment_rate": null,
            "research_to_sale_ratio": null,
            "price_fair": 0,
            "eps_avg_yearly": 0,
            "eps_latest_yearly": 0,
            "eps_growth_yearly": 0
        },
        "20091": {
            "year_quarter": 20091,
            "year": 2009,
            "quarter": 1,
            "eps": null,
            "eps_growth_year": null,
            "eps_4q": null,
            "eps_4q_growth_year": null,
            "roe": null,
            "roe_4q": 0,
            "gross_profit": null,
            "gross_margin": null,
            "gross_margin_4q_avg": 0,
            "net_income": null,
            "net_income_4q": null,
            "revenue": null,
            "revenue_4q": null,
            "common_shares": null,
            "book_valuer_per_share": null,
            "book_valuer_per_share_4q_avg": 21.94,
            "equity": null,
            "current_ratio": null,
            "debt_ratio": null,
            "inventory_turnover_ratio": null,
            "account_receivable_turnover_ratio": null,
            "reinvestment_rate": null,
            "research_to_sale_ratio": null,
            "price_fair": 0,
            "eps_avg_yearly": 0,
            "eps_latest_yearly": 0,
            "eps_growth_yearly": 0
        },
        "20092": {
            "year_quarter": 20092,
            "year": 2009,
            "quarter": 2,
            "eps": null,
            "eps_growth_year": null,
            "eps_4q": null,
            "eps_4q_growth_year": null,
            "roe": null,
            "roe_4q": 0,
            "gross_profit": null,
            "gross_margin": null,
            "gross_margin_4q_avg": 0,
            "net_income": null,
            "net_income_4q": null,
            "revenue": null,
            "revenue_4q": null,
            "common_shares": null,
            "book_valuer_per_share": null,
            "book_valuer_per_share_4q_avg": 21.94,
            "equity": null,
            "current_ratio": null,
            "debt_ratio": null,
            "inventory_turnover_ratio": null,
            "account_receivable_turnover_ratio": null,
            "reinvestment_rate": null,
            "research_to_sale_ratio": null,
            "price_fair": 0,
            "eps_avg_yearly": 0,
            "eps_latest_yearly": 0,
            "eps_growth_yearly": 0
        },
        "20093": {
            "year_quarter": 20093,
            "year": 2009,
            "quarter": 3,
            "eps": null,
            "eps_growth_year": null,
            "eps_4q": null,
            "eps_4q_growth_year": null,
            "roe": null,
            "roe_4q": 0,
            "gross_profit": null,
            "gross_margin": null,
            "gross_margin_4q_avg": 0,
            "net_income": null,
            "net_income_4q": null,
            "revenue": null,
            "revenue_4q": null,
            "common_shares": null,
            "book_valuer_per_share": null,
            "book_valuer_per_share_4q_avg": 21.94,
            "equity": null,
            "current_ratio": null,
            "debt_ratio": null,
            "inventory_turnover_ratio": null,
            "account_receivable_turnover_ratio": null,
            "reinvestment_rate": null,
            "research_to_sale_ratio": null,
            "price_fair": 0,
            "eps_avg_yearly": 0,
            "eps_latest_yearly": 0,
            "eps_growth_yearly": 0
        },
        "20094": {
            "year_quarter": 20094,
            "year": 2009,
            "quarter": 4,
            "eps": null,
            "eps_growth_year": null,
            "eps_4q": null,
            "eps_4q_growth_year": null,
            "roe": null,
            "roe_4q": 0,
            "gross_profit": null,
            "gross_margin": null,
            "gross_margin_4q_avg": 0,
            "net_income": null,
            "net_income_4q": null,
            "revenue": null,
            "revenue_4q": null,
            "common_shares": 268000,
            "book_valuer_per_share": 24.32,
            "book_valuer_per_share_4q_avg": 6.08,
            "equity": 651775,
            "current_ratio": 172.36,
            "debt_ratio": 34.26,
            "inventory_turnover_ratio": null,
            "account_receivable_turnover_ratio": null,
            "reinvestment_rate": null,
            "research_to_sale_ratio": null,
            "price_fair": 0,
            "eps_avg_yearly": 0,
            "eps_latest_yearly": 0,
            "eps_growth_yearly": 0
        },
        "20101": {
            "year_quarter": 20101,
            "year": 2010,
            "quarter": 1,
            "eps": null,
            "eps_growth_year": null,
            "eps_4q": null,
            "eps_4q_growth_year": null,
            "roe": null,
            "roe_4q": 0,
            "gross_profit": null,
            "gross_margin": null,
            "gross_margin_4q_avg": 0,
            "net_income": null,
            "net_income_4q": null,
            "revenue": null,
            "revenue_4q": null,
            "common_shares": null,
            "book_valuer_per_share": null,
            "book_valuer_per_share_4q_avg": 6.08,
            "equity": null,
            "current_ratio": null,
            "debt_ratio": null,
            "inventory_turnover_ratio": null,
            "account_receivable_turnover_ratio": null,
            "reinvestment_rate": null,
            "research_to_sale_ratio": null,
            "price_fair": 0,
            "eps_avg_yearly": 0,
            "eps_latest_yearly": 0,
            "eps_growth_yearly": 0
        },
        "20102": {
            "year_quarter": 20102,
            "year": 2010,
            "quarter": 2,
            "eps": null,
            "eps_growth_year": null,
            "eps_4q": null,
            "eps_4q_growth_year": null,
            "roe": null,
            "roe_4q": 0,
            "gross_profit": null,
            "gross_margin": null,
            "gross_margin_4q_avg": 0,
            "net_income": null,
            "net_income_4q": null,
            "revenue": null,
            "revenue_4q": null,
            "common_shares": 268000,
            "book_valuer_per_share": null,
            "book_valuer_per_share_4q_avg": 6.08,
            "equity": 702381,
            "current_ratio": null,
            "debt_ratio": null,
            "inventory_turnover_ratio": null,
            "account_receivable_turnover_ratio": null,
            "reinvestment_rate": null,
            "research_to_sale_ratio": null,
            "price_fair": 0,
            "eps_avg_yearly": 0,
            "eps_latest_yearly": 0,
            "eps_growth_yearly": 0
        },
        "20103": {
            "year_quarter": 20103,
            "year": 2010,
            "quarter": 3,
            "eps": null,
            "eps_growth_year": null,
            "eps_4q": null,
            "eps_4q_growth_year": null,
            "roe": null,
            "roe_4q": 0,
            "gross_profit": null,
            "gross_margin": null,
            "gross_margin_4q_avg": 0,
            "net_income": null,
            "net_income_4q": null,
            "revenue": null,
            "revenue_4q": null,
            "common_shares": null,
            "book_valuer_per_share": null,
            "book_valuer_per_share_4q_avg": 6.08,
            "equity": null,
            "current_ratio": null,
            "debt_ratio": null,
            "inventory_turnover_ratio": null,
            "account_receivable_turnover_ratio": null,
            "reinvestment_rate": null,
            "research_to_sale_ratio": null,
            "price_fair": 0,
            "eps_avg_yearly": 0,
            "eps_latest_yearly": 0,
            "eps_growth_yearly": 0
        },
        "20104": {
            "year_quarter": 20104,
            "year": 2010,
            "quarter": 4,
            "eps": null,
            "eps_growth_year": null,
            "eps_4q": null,
            "eps_4q_growth_year": null,
            "roe": null,
            "roe_4q": 0,
            "gross_profit": null,
            "gross_margin": null,
            "gross_margin_4q_avg": 0,
            "net_income": null,
            "net_income_4q": null,
            "revenue": null,
            "revenue_4q": null,
            "common_shares": 348400,
            "book_valuer_per_share": 22.5,
            "book_valuer_per_share_4q_avg": 5.63,
            "equity": 817050,
            "current_ratio": 117.46,
            "debt_ratio": 42.56,
            "inventory_turnover_ratio": null,
            "account_receivable_turnover_ratio": null,
            "reinvestment_rate": null,
            "research_to_sale_ratio": null,
            "price_fair": 0,
            "eps_avg_yearly": 0,
            "eps_latest_yearly": 0,
            "eps_growth_yearly": 0
        },
        "20111": {
            "year_quarter": 20111,
            "year": 2011,
            "quarter": 1,
            "eps": null,
            "eps_growth_year": null,
            "eps_4q": null,
            "eps_4q_growth_year": null,
            "roe": null,
            "roe_4q": 0,
            "gross_profit": 95386,
            "gross_margin": null,
            "gross_margin_4q_avg": 0,
            "net_income": 30150,
            "net_income_4q": null,
            "revenue": 377701,
            "revenue_4q": null,
            "common_shares": 363150,
            "book_valuer_per_share": 21.64,
            "book_valuer_per_share_4q_avg": 11.04,
            "equity": 785945,
            "current_ratio": 116.44,
            "debt_ratio": 52.75,
            "inventory_turnover_ratio": null,
            "account_receivable_turnover_ratio": null,
            "reinvestment_rate": null,
            "research_to_sale_ratio": null,
            "price_fair": 0,
            "eps_avg_yearly": 0,
            "eps_latest_yearly": 0,
            "eps_growth_yearly": 0
        },
        "20112": {
            "year_quarter": 20112,
            "year": 2011,
            "quarter": 2,
            "eps": 0.22,
            "eps_growth_year": null,
            "eps_4q": null,
            "eps_4q_growth_year": null,
            "roe": 1.2,
            "roe_4q": 1.2,
            "gross_profit": 83781,
            "gross_margin": 24.68,
            "gross_margin_4q_avg": 6.17,
            "net_income": 9419,
            "net_income_4q": null,
            "revenue": 339415,
            "revenue_4q": null,
            "common_shares": 435780,
            "book_valuer_per_share": 18.06,
            "book_valuer_per_share_4q_avg": 15.55,
            "equity": 786947,
            "current_ratio": 129.16,
            "debt_ratio": 53.13,
            "inventory_turnover_ratio": 1.76,
            "account_receivable_turnover_ratio": 1.81,
            "reinvestment_rate": null,
            "research_to_sale_ratio": null,
            "price_fair": 0,
            "eps_avg_yearly": 0,
            "eps_latest_yearly": 0,
            "eps_growth_yearly": 0
        },
        "20113": {
            "year_quarter": 20113,
            "year": 2011,
            "quarter": 3,
            "eps": null,
            "eps_growth_year": null,
            "eps_4q": null,
            "eps_4q_growth_year": null,
            "roe": null,
            "roe_4q": 1.2,
            "gross_profit": null,
            "gross_margin": null,
            "gross_margin_4q_avg": 6.17,
            "net_income": null,
            "net_income_4q": null,
            "revenue": null,
            "revenue_4q": null,
            "common_shares": null,
            "book_valuer_per_share": null,
            "book_valuer_per_share_4q_avg": 15.55,
            "equity": null,
            "current_ratio": null,
            "debt_ratio": null,
            "inventory_turnover_ratio": null,
            "account_receivable_turnover_ratio": null,
            "reinvestment_rate": null,
            "research_to_sale_ratio": null,
            "price_fair": 0,
            "eps_avg_yearly": 0,
            "eps_latest_yearly": 0,
            "eps_growth_yearly": 0
        },
        "20114": {
            "year_quarter": 20114,
            "year": 2011,
            "quarter": 4,
            "eps": null,
            "eps_growth_year": null,
            "eps_4q": null,
            "eps_4q_growth_year": null,
            "roe": null,
            "roe_4q": 1.2,
            "gross_profit": null,
            "gross_margin": null,
            "gross_margin_4q_avg": 6.17,
            "net_income": null,
            "net_income_4q": null,
            "revenue": null,
            "revenue_4q": null,
            "common_shares": 435780,
            "book_valuer_per_share": 20.16,
            "book_valuer_per_share_4q_avg": 14.97,
            "equity": 878742,
            "current_ratio": 113.01,
            "debt_ratio": 50.22,
            "inventory_turnover_ratio": null,
            "account_receivable_turnover_ratio": null,
            "reinvestment_rate": null,
            "research_to_sale_ratio": null,
            "price_fair": 0,
            "eps_avg_yearly": 0,
            "eps_latest_yearly": 0,
            "eps_growth_yearly": 0
        },
        "20121": {
            "year_quarter": 20121,
            "year": 2012,
            "quarter": 1,
            "eps": 0.36,
            "eps_growth_year": null,
            "eps_4q": null,
            "eps_4q_growth_year": null,
            "roe": 1.79,
            "roe_4q": 2.99,
            "gross_profit": 71527,
            "gross_margin": 20.57,
            "gross_margin_4q_avg": 11.31,
            "net_income": 15668,
            "net_income_4q": null,
            "revenue": 347720,
            "revenue_4q": null,
            "common_shares": 435780,
            "book_valuer_per_share": 20.04,
            "book_valuer_per_share_4q_avg": 14.57,
            "equity": 873272,
            "current_ratio": 82.75,
            "debt_ratio": 53.47,
            "inventory_turnover_ratio": 2.03,
            "account_receivable_turnover_ratio": 0.79,
            "reinvestment_rate": null,
            "research_to_sale_ratio": 1.32,
            "price_fair": 0,
            "eps_avg_yearly": 0,
            "eps_latest_yearly": 0,
            "eps_growth_yearly": 0
        },
        "20122": {
            "year_quarter": 20122,
            "year": 2012,
            "quarter": 2,
            "eps": 0.02,
            "eps_growth_year": -90.41,
            "eps_4q": null,
            "eps_4q_growth_year": null,
            "roe": 0.11,
            "roe_4q": 1.9000000000000001,
            "gross_profit": 61774,
            "gross_margin": 15.67,
            "gross_margin_4q_avg": 9.06,
            "net_income": 903,
            "net_income_4q": null,
            "revenue": 394284,
            "revenue_4q": null,
            "common_shares": 435780,
            "book_valuer_per_share": 19.21,
            "book_valuer_per_share_4q_avg": 14.85,
            "equity": 837351,
            "current_ratio": 87.28,
            "debt_ratio": 57.48,
            "inventory_turnover_ratio": 2.15,
            "account_receivable_turnover_ratio": 0.81,
            "reinvestment_rate": null,
            "research_to_sale_ratio": 1.19,
            "price_fair": 0.24,
            "eps_avg_yearly": 0.08,
            "eps_latest_yearly": 0.08,
            "eps_growth_yearly": -377.78
        },
        "20123": {
            "year_quarter": 20123,
            "year": 2012,
            "quarter": 3,
            "eps": null,
            "eps_growth_year": null,
            "eps_4q": null,
            "eps_4q_growth_year": null,
            "roe": null,
            "roe_4q": 1.9000000000000001,
            "gross_profit": null,
            "gross_margin": null,
            "gross_margin_4q_avg": 9.06,
            "net_income": null,
            "net_income_4q": null,
            "revenue": null,
            "revenue_4q": null,
            "common_shares": null,
            "book_valuer_per_share": null,
            "book_valuer_per_share_4q_avg": 14.85,
            "equity": null,
            "current_ratio": null,
            "debt_ratio": null,
            "inventory_turnover_ratio": null,
            "account_receivable_turnover_ratio": null,
            "reinvestment_rate": null,
            "research_to_sale_ratio": null,
            "price_fair": 0.24,
            "eps_avg_yearly": 0.08,
            "eps_latest_yearly": 0.08,
            "eps_growth_yearly": -377.78
        },
        "20124": {
            "year_quarter": 20124,
            "year": 2012,
            "quarter": 4,
            "eps": null,
            "eps_growth_year": null,
            "eps_4q": null,
            "eps_4q_growth_year": null,
            "roe": null,
            "roe_4q": 1.9000000000000001,
            "gross_profit": null,
            "gross_margin": null,
            "gross_margin_4q_avg": 9.06,
            "net_income": null,
            "net_income_4q": null,
            "revenue": null,
            "revenue_4q": null,
            "common_shares": 479358,
            "book_valuer_per_share": 17.24,
            "book_valuer_per_share_4q_avg": 14.12,
            "equity": 826520,
            "current_ratio": 101.08,
            "debt_ratio": 60.1,
            "inventory_turnover_ratio": null,
            "account_receivable_turnover_ratio": null,
            "reinvestment_rate": null,
            "research_to_sale_ratio": null,
            "price_fair": 0.24,
            "eps_avg_yearly": 0.08,
            "eps_latest_yearly": 0.08,
            "eps_growth_yearly": -377.78
        },
        "20131": {
            "year_quarter": 20131,
            "year": 2013,
            "quarter": 1,
            "eps": null,
            "eps_growth_year": null,
            "eps_4q": null,
            "eps_4q_growth_year": null,
            "roe": null,
            "roe_4q": 0.11,
            "gross_profit": null,
            "gross_margin": null,
            "gross_margin_4q_avg": 3.92,
            "net_income": null,
            "net_income_4q": null,
            "revenue": null,
            "revenue_4q": null,
            "common_shares": null,
            "book_valuer_per_share": null,
            "book_valuer_per_share_4q_avg": 9.11,
            "equity": null,
            "current_ratio": null,
            "debt_ratio": null,
            "inventory_turnover_ratio": null,
            "account_receivable_turnover_ratio": null,
            "reinvestment_rate": null,
            "research_to_sale_ratio": null,
            "price_fair": 0.24,
            "eps_avg_yearly": 0.08,
            "eps_latest_yearly": 0.08,
            "eps_growth_yearly": -377.78
        },
        "20132": {
            "year_quarter": 20132,
            "year": 2013,
            "quarter": 2,
            "eps": null,
            "eps_growth_year": null,
            "eps_4q": null,
            "eps_4q_growth_year": null,
            "roe": null,
            "roe_4q": 0,
            "gross_profit": null,
            "gross_margin": null,
            "gross_margin_4q_avg": 0,
            "net_income": null,
            "net_income_4q": null,
            "revenue": null,
            "revenue_4q": null,
            "common_shares": 479358,
            "book_valuer_per_share": 16.96,
            "book_valuer_per_share_4q_avg": 8.55,
            "equity": 813054,
            "current_ratio": 67.96,
            "debt_ratio": 65.79,
            "inventory_turnover_ratio": null,
            "account_receivable_turnover_ratio": null,
            "reinvestment_rate": null,
            "research_to_sale_ratio": null,
            "price_fair": 0.24,
            "eps_avg_yearly": 0.08,
            "eps_latest_yearly": 0.08,
            "eps_growth_yearly": -377.78
        },
        "20133": {
            "year_quarter": 20133,
            "year": 2013,
            "quarter": 3,
            "eps": null,
            "eps_growth_year": null,
            "eps_4q": null,
            "eps_4q_growth_year": null,
            "roe": null,
            "roe_4q": 0,
            "gross_profit": null,
            "gross_margin": null,
            "gross_margin_4q_avg": 0,
            "net_income": null,
            "net_income_4q": null,
            "revenue": null,
            "revenue_4q": null,
            "common_shares": null,
            "book_valuer_per_share": null,
            "book_valuer_per_share_4q_avg": 8.55,
            "equity": null,
            "current_ratio": null,
            "debt_ratio": null,
            "inventory_turnover_ratio": null,
            "account_receivable_turnover_ratio": null,
            "reinvestment_rate": null,
            "research_to_sale_ratio": null,
            "price_fair": 0.24,
            "eps_avg_yearly": 0.08,
            "eps_latest_yearly": 0.08,
            "eps_growth_yearly": -377.78
        },
        "20134": {
            "year_quarter": 20134,
            "year": 2013,
            "quarter": 4,
            "eps": null,
            "eps_growth_year": null,
            "eps_4q": null,
            "eps_4q_growth_year": null,
            "roe": null,
            "roe_4q": 0,
            "gross_profit": null,
            "gross_margin": null,
            "gross_margin_4q_avg": 0,
            "net_income": null,
            "net_income_4q": null,
            "revenue": null,
            "revenue_4q": null,
            "common_shares": 524326,
            "book_valuer_per_share": 17.43,
            "book_valuer_per_share_4q_avg": 8.6,
            "equity": 913675,
            "current_ratio": 71.25,
            "debt_ratio": 62.86,
            "inventory_turnover_ratio": null,
            "account_receivable_turnover_ratio": null,
            "reinvestment_rate": null,
            "research_to_sale_ratio": null,
            "price_fair": 0.24,
            "eps_avg_yearly": 0.08,
            "eps_latest_yearly": 0.08,
            "eps_growth_yearly": -377.78
        },
        "20141": {
            "year_quarter": 20141,
            "year": 2014,
            "quarter": 1,
            "eps": null,
            "eps_growth_year": null,
            "eps_4q": null,
            "eps_4q_growth_year": null,
            "roe": null,
            "roe_4q": 0,
            "gross_profit": null,
            "gross_margin": null,
            "gross_margin_4q_avg": 0,
            "net_income": null,
            "net_income_4q": null,
            "revenue": null,
            "revenue_4q": null,
            "common_shares": null,
            "book_valuer_per_share": null,
            "book_valuer_per_share_4q_avg": 8.6,
            "equity": null,
            "current_ratio": null,
            "debt_ratio": null,
            "inventory_turnover_ratio": null,
            "account_receivable_turnover_ratio": null,
            "reinvestment_rate": null,
            "research_to_sale_ratio": null,
            "price_fair": 0.24,
            "eps_avg_yearly": 0.08,
            "eps_latest_yearly": 0.08,
            "eps_growth_yearly": -377.78
        },
        "20142": {
            "year_quarter": 20142,
            "year": 2014,
            "quarter": 2,
            "eps": null,
            "eps_growth_year": null,
            "eps_4q": null,
            "eps_4q_growth_year": null,
            "roe": null,
            "roe_4q": 0,
            "gross_profit": null,
            "gross_margin": null,
            "gross_margin_4q_avg": 0,
            "net_income": null,
            "net_income_4q": null,
            "revenue": null,
            "revenue_4q": null,
            "common_shares": 524326,
            "book_valuer_per_share": 17.05,
            "book_valuer_per_share_4q_avg": 8.62,
            "equity": 893797,
            "current_ratio": 67.61,
            "debt_ratio": 64.24,
            "inventory_turnover_ratio": null,
            "account_receivable_turnover_ratio": null,
            "reinvestment_rate": null,
            "research_to_sale_ratio": null,
            "price_fair": 0.24,
            "eps_avg_yearly": 0.08,
            "eps_latest_yearly": 0.08,
            "eps_growth_yearly": -377.78
        },
        "20143": {
            "year_quarter": 20143,
            "year": 2014,
            "quarter": 3,
            "eps": null,
            "eps_growth_year": null,
            "eps_4q": null,
            "eps_4q_growth_year": null,
            "roe": null,
            "roe_4q": 0,
            "gross_profit": null,
            "gross_margin": null,
            "gross_margin_4q_avg": 0,
            "net_income": null,
            "net_income_4q": null,
            "revenue": null,
            "revenue_4q": null,
            "common_shares": null,
            "book_valuer_per_share": null,
            "book_valuer_per_share_4q_avg": 8.62,
            "equity": null,
            "current_ratio": null,
            "debt_ratio": null,
            "inventory_turnover_ratio": null,
            "account_receivable_turnover_ratio": null,
            "reinvestment_rate": null,
            "research_to_sale_ratio": null,
            "price_fair": 0.24,
            "eps_avg_yearly": 0.08,
            "eps_latest_yearly": 0.08,
            "eps_growth_yearly": -377.78
        },
        "20144": {
            "year_quarter": 20144,
            "year": 2014,
            "quarter": 4,
            "eps": null,
            "eps_growth_year": null,
            "eps_4q": null,
            "eps_4q_growth_year": null,
            "roe": null,
            "roe_4q": 0,
            "gross_profit": null,
            "gross_margin": null,
            "gross_margin_4q_avg": 0,
            "net_income": null,
            "net_income_4q": null,
            "revenue": null,
            "revenue_4q": null,
            "common_shares": 676759,
            "book_valuer_per_share": 17.68,
            "book_valuer_per_share_4q_avg": 8.68,
            "equity": 1196500,
            "current_ratio": 88.79,
            "debt_ratio": 60.4,
            "inventory_turnover_ratio": null,
            "account_receivable_turnover_ratio": null,
            "reinvestment_rate": null,
            "research_to_sale_ratio": null,
            "price_fair": 0.24,
            "eps_avg_yearly": 0.08,
            "eps_latest_yearly": 0.08,
            "eps_growth_yearly": -377.78
        },
        "20151": {
            "year_quarter": 20151,
            "year": 2015,
            "quarter": 1,
            "eps": null,
            "eps_growth_year": null,
            "eps_4q": null,
            "eps_4q_growth_year": null,
            "roe": null,
            "roe_4q": 0,
            "gross_profit": 146565,
            "gross_margin": null,
            "gross_margin_4q_avg": 0,
            "net_income": 35416,
            "net_income_4q": null,
            "revenue": 597167,
            "revenue_4q": null,
            "common_shares": 676759,
            "book_valuer_per_share": 18.06,
            "book_valuer_per_share_4q_avg": 13.2,
            "equity": 1222565,
            "current_ratio": 92.49,
            "debt_ratio": 58.18,
            "inventory_turnover_ratio": null,
            "account_receivable_turnover_ratio": null,
            "reinvestment_rate": null,
            "research_to_sale_ratio": null,
            "price_fair": 0.24,
            "eps_avg_yearly": 0.08,
            "eps_latest_yearly": 0.08,
            "eps_growth_yearly": -377.78
        },
        "20152": {
            "year_quarter": 20152,
            "year": 2015,
            "quarter": 2,
            "eps": 0.47,
            "eps_growth_year": null,
            "eps_4q": null,
            "eps_4q_growth_year": null,
            "roe": 2.89,
            "roe_4q": 2.89,
            "gross_profit": 140170,
            "gross_margin": 26.32,
            "gross_margin_4q_avg": 6.58,
            "net_income": 35155,
            "net_income_4q": null,
            "revenue": 532661,
            "revenue_4q": null,
            "common_shares": 676759,
            "book_valuer_per_share": 17.86,
            "book_valuer_per_share_4q_avg": 13.4,
            "equity": 1208983,
            "current_ratio": 100.03,
            "debt_ratio": 56.96,
            "inventory_turnover_ratio": 1.91,
            "account_receivable_turnover_ratio": 1.2,
            "reinvestment_rate": null,
            "research_to_sale_ratio": null,
            "price_fair": 0.24,
            "eps_avg_yearly": 0.08,
            "eps_latest_yearly": 0.08,
            "eps_growth_yearly": -377.78
        },
        "20153": {
            "year_quarter": 20153,
            "year": 2015,
            "quarter": 3,
            "eps": null,
            "eps_growth_year": null,
            "eps_4q": null,
            "eps_4q_growth_year": null,
            "roe": null,
            "roe_4q": 2.89,
            "gross_profit": 147176,
            "gross_margin": null,
            "gross_margin_4q_avg": 6.58,
            "net_income": 40943,
            "net_income_4q": null,
            "revenue": 670667,
            "revenue_4q": null,
            "common_shares": 744435,
            "book_valuer_per_share": 17.38,
            "book_valuer_per_share_4q_avg": 17.75,
            "equity": 1293651,
            "current_ratio": 103.95,
            "debt_ratio": 59.16,
            "inventory_turnover_ratio": null,
            "account_receivable_turnover_ratio": null,
            "reinvestment_rate": null,
            "research_to_sale_ratio": null,
            "price_fair": 0.24,
            "eps_avg_yearly": 0.08,
            "eps_latest_yearly": 0.08,
            "eps_growth_yearly": -377.78
        },
        "20154": {
            "year_quarter": 20154,
            "year": 2015,
            "quarter": 4,
            "eps": null,
            "eps_growth_year": null,
            "eps_4q": null,
            "eps_4q_growth_year": null,
            "roe": null,
            "roe_4q": 2.89,
            "gross_profit": 174263,
            "gross_margin": null,
            "gross_margin_4q_avg": 6.58,
            "net_income": 53778,
            "net_income_4q": null,
            "revenue": 621667,
            "revenue_4q": null,
            "common_shares": 744435,
            "book_valuer_per_share": 17.44,
            "book_valuer_per_share_4q_avg": 17.69,
            "equity": 1298405,
            "current_ratio": 114.39,
            "debt_ratio": 56.25,
            "inventory_turnover_ratio": null,
            "account_receivable_turnover_ratio": null,
            "reinvestment_rate": null,
            "research_to_sale_ratio": null,
            "price_fair": 0.24,
            "eps_avg_yearly": 0.08,
            "eps_latest_yearly": 0.08,
            "eps_growth_yearly": -377.78
        },
        "20161": {
            "year_quarter": 20161,
            "year": 2016,
            "quarter": 1,
            "eps": 0.31,
            "eps_growth_year": null,
            "eps_4q": 0.74,
            "eps_4q_growth_year": null,
            "roe": 1.69,
            "roe_4q": 4.58,
            "gross_profit": 123301,
            "gross_margin": 31.59,
            "gross_margin_4q_avg": 14.48,
            "net_income": 23586,
            "net_income_4q": null,
            "revenue": 390273,
            "revenue_4q": null,
            "common_shares": 794435,
            "book_valuer_per_share": 18.74,
            "book_valuer_per_share_4q_avg": 17.86,
            "equity": 1489062,
            "current_ratio": 139.85,
            "debt_ratio": 48.98,
            "inventory_turnover_ratio": 1.18,
            "account_receivable_turnover_ratio": 0.51,
            "reinvestment_rate": null,
            "research_to_sale_ratio": 5.27,
            "price_fair": 0.24,
            "eps_avg_yearly": 0.08,
            "eps_latest_yearly": 0.08,
            "eps_growth_yearly": -377.78
        },
        "20162": {
            "year_quarter": 20162,
            "year": 2016,
            "quarter": 2,
            "eps": 0.17,
            "eps_growth_year": -64,
            "eps_4q": 0.47,
            "eps_4q_growth_year": null,
            "roe": 0.96,
            "roe_4q": 2.65,
            "gross_profit": 106899,
            "gross_margin": 25.73,
            "gross_margin_4q_avg": 14.33,
            "net_income": 13798,
            "net_income_4q": null,
            "revenue": 415390,
            "revenue_4q": null,
            "common_shares": 794435,
            "book_valuer_per_share": 17.46,
            "book_valuer_per_share_4q_avg": 17.76,
            "equity": 1386821,
            "current_ratio": 107.34,
            "debt_ratio": 54.65,
            "inventory_turnover_ratio": 1.21,
            "account_receivable_turnover_ratio": 0.65,
            "reinvestment_rate": null,
            "research_to_sale_ratio": 3.94,
            "price_fair": 2.04,
            "eps_avg_yearly": 0.68,
            "eps_latest_yearly": 0.68,
            "eps_growth_yearly": -180.65
        },
        "20163": {
            "year_quarter": 20163,
            "year": 2016,
            "quarter": 3,
            "eps": 0.51,
            "eps_growth_year": null,
            "eps_4q": 0.98,
            "eps_4q_growth_year": null,
            "roe": 2.95,
            "roe_4q": 5.6,
            "gross_profit": 171092,
            "gross_margin": 21.44,
            "gross_margin_4q_avg": 19.69,
            "net_income": 40843,
            "net_income_4q": null,
            "revenue": 798153,
            "revenue_4q": null,
            "common_shares": 794435,
            "book_valuer_per_share": 17.44,
            "book_valuer_per_share_4q_avg": 17.77,
            "equity": 1385266,
            "current_ratio": 107.56,
            "debt_ratio": 63.2,
            "inventory_turnover_ratio": 2.02,
            "account_receivable_turnover_ratio": 1.01,
            "reinvestment_rate": null,
            "research_to_sale_ratio": 2.46,
            "price_fair": 47.6,
            "eps_avg_yearly": 1.36,
            "eps_latest_yearly": 2.04,
            "eps_growth_yearly": 309.68
        },
        "20164": {
            "year_quarter": 20164,
            "year": 2016,
            "quarter": 4,
            "eps": 0.48,
            "eps_growth_year": null,
            "eps_4q": 1.36,
            "eps_4q_growth_year": null,
            "roe": 2.55,
            "roe_4q": 8.15,
            "gross_profit": 195054,
            "gross_margin": 21.94,
            "gross_margin_4q_avg": 25.18,
            "net_income": 43422,
            "net_income_4q": null,
            "revenue": 888908,
            "revenue_4q": null,
            "common_shares": 896784,
            "book_valuer_per_share": 22.5,
            "book_valuer_per_share_4q_avg": 19.04,
            "equity": 2017573,
            "current_ratio": 142.45,
            "debt_ratio": 48.81,
            "inventory_turnover_ratio": 2.18,
            "account_receivable_turnover_ratio": 0.82,
            "reinvestment_rate": null,
            "research_to_sale_ratio": 5.17,
            "price_fair": 54.13,
            "eps_avg_yearly": 1.55,
            "eps_latest_yearly": 1.92,
            "eps_growth_yearly": 198.61
        },
        "20171": {
            "year_quarter": 20171,
            "year": 2017,
            "quarter": 1,
            "eps": 0.19,
            "eps_growth_year": -38.71,
            "eps_4q": 1.16,
            "eps_4q_growth_year": 57.01,
            "roe": 0.76,
            "roe_4q": 7.22,
            "gross_profit": 193066,
            "gross_margin": 33.7,
            "gross_margin_4q_avg": 25.7,
            "net_income": 17658,
            "net_income_4q": null,
            "revenue": 572931,
            "revenue_4q": null,
            "common_shares": 996784,
            "book_valuer_per_share": 26.6,
            "book_valuer_per_share_4q_avg": 21,
            "equity": 2651131,
            "current_ratio": 147.05,
            "debt_ratio": 40.48,
            "inventory_turnover_ratio": 1.27,
            "account_receivable_turnover_ratio": 0.55,
            "reinvestment_rate": null,
            "research_to_sale_ratio": 11.41,
            "price_fair": 47.25,
            "eps_avg_yearly": 1.35,
            "eps_latest_yearly": 0.76,
            "eps_growth_yearly": 88.54
        },
        "20172": {
            "year_quarter": 20172,
            "year": 2017,
            "quarter": 2,
            "eps": 0.25,
            "eps_growth_year": 47.06,
            "eps_4q": 1.18,
            "eps_4q_growth_year": 150.92,
            "roe": 0.93,
            "roe_4q": 7.19,
            "gross_profit": 210324,
            "gross_margin": 30.18,
            "gross_margin_4q_avg": 26.82,
            "net_income": 24387,
            "net_income_4q": null,
            "revenue": 696866,
            "revenue_4q": null,
            "common_shares": 1018684,
            "book_valuer_per_share": 25.71,
            "book_valuer_per_share_4q_avg": 23.06,
            "equity": 2618870,
            "current_ratio": 106.85,
            "debt_ratio": 47.8,
            "inventory_turnover_ratio": 1.18,
            "account_receivable_turnover_ratio": 0.63,
            "reinvestment_rate": null,
            "research_to_sale_ratio": 12.79,
            "price_fair": 44.8,
            "eps_avg_yearly": 1.28,
            "eps_latest_yearly": 1,
            "eps_growth_yearly": 96.09
        },
        "20173": {
            "year_quarter": 20173,
            "year": 2017,
            "quarter": 3,
            "eps": 4.96,
            "eps_growth_year": 872.55,
            "eps_4q": 5.75,
            "eps_4q_growth_year": 483.92,
            "roe": 18.27,
            "roe_4q": 22.51,
            "gross_profit": 945637,
            "gross_margin": 47.01,
            "gross_margin_4q_avg": 33.21,
            "net_income": 530746,
            "net_income_4q": null,
            "revenue": 2011512,
            "revenue_4q": null,
            "common_shares": 1071719,
            "book_valuer_per_share": 29.78,
            "book_valuer_per_share_4q_avg": 26.15,
            "equity": 3191466,
            "current_ratio": 181.19,
            "debt_ratio": 53.71,
            "inventory_turnover_ratio": 2.15,
            "account_receivable_turnover_ratio": 1.05,
            "reinvestment_rate": null,
            "research_to_sale_ratio": 6.37,
            "price_fair": 153.07,
            "eps_avg_yearly": 4.37,
            "eps_latest_yearly": 19.84,
            "eps_growth_yearly": 1336.08
        },
        "20174": {
            "year_quarter": 20174,
            "year": 2017,
            "quarter": 4,
            "eps": 4.88,
            "eps_growth_year": 908.45,
            "eps_4q": 10.23,
            "eps_4q_growth_year": 653.96,
            "roe": 15.12,
            "roe_4q": 35.08,
            "gross_profit": 926883,
            "gross_margin": 46.5,
            "gross_margin_4q_avg": 39.35,
            "net_income": 523309,
            "net_income_4q": null,
            "revenue": 1993125,
            "revenue_4q": null,
            "common_shares": 1071719,
            "book_valuer_per_share": 34.83,
            "book_valuer_per_share_4q_avg": 29.23,
            "equity": 3732854,
            "current_ratio": 219.4,
            "debt_ratio": 48.21,
            "inventory_turnover_ratio": 2.3,
            "account_receivable_turnover_ratio": 0.71,
            "reinvestment_rate": null,
            "research_to_sale_ratio": 4.78,
            "price_fair": 228.8,
            "eps_avg_yearly": 6.54,
            "eps_latest_yearly": 19.52,
            "eps_growth_yearly": 1144.29
        },
        "20181": {
            "year_quarter": 20181,
            "year": 2018,
            "quarter": 1,
            "eps": 0.26,
            "eps_growth_year": 36.84,
            "eps_4q": 10.33,
            "eps_4q_growth_year": 789.48,
            "roe": 0.75,
            "roe_4q": 35.07,
            "gross_profit": 198936,
            "gross_margin": 21.35,
            "gross_margin_4q_avg": 36.26,
            "net_income": 28260,
            "net_income_4q": null,
            "revenue": 931822,
            "revenue_4q": null,
            "common_shares": 1071719,
            "book_valuer_per_share": 35.86,
            "book_valuer_per_share_4q_avg": 31.55,
            "equity": 3842846,
            "current_ratio": 312.85,
            "debt_ratio": 42.58,
            "inventory_turnover_ratio": 1.99,
            "account_receivable_turnover_ratio": 0.39,
            "reinvestment_rate": null,
            "research_to_sale_ratio": 9.34,
            "price_fair": 204.75,
            "eps_avg_yearly": 5.85,
            "eps_latest_yearly": 1.04,
            "eps_growth_yearly": 953.92
        },
        "20182": {
            "year_quarter": 20182,
            "year": 2018,
            "quarter": 2,
            "eps": 1.55,
            "eps_growth_year": 520,
            "eps_4q": 10.59,
            "eps_4q_growth_year": 796.72,
            "roe": 4.58,
            "roe_4q": 38.72,
            "gross_profit": 568163,
            "gross_margin": 38.61,
            "gross_margin_4q_avg": 38.37,
            "net_income": 165928,
            "net_income_4q": null,
            "revenue": 1471553,
            "revenue_4q": null,
            "common_shares": 1071719,
            "book_valuer_per_share": 31.7,
            "book_valuer_per_share_4q_avg": 33.04,
            "equity": 3397059,
            "current_ratio": 208.69,
            "debt_ratio": 52.26,
            "inventory_turnover_ratio": 2.83,
            "account_receivable_turnover_ratio": 0.66,
            "reinvestment_rate": null,
            "research_to_sale_ratio": 9.12,
            "price_fair": 206.11,
            "eps_avg_yearly": 5.89,
            "eps_latest_yearly": 6.2,
            "eps_growth_yearly": 1068.44
        },
        "20183": {
            "year_quarter": 20183,
            "year": 2018,
            "quarter": 3,
            "eps": 4.4,
            "eps_growth_year": -11.29,
            "eps_4q": 10.48,
            "eps_4q_growth_year": 82.34,
            "roe": 14.51,
            "roe_4q": 34.96,
            "gross_profit": 966176,
            "gross_margin": 47.93,
            "gross_margin_4q_avg": 38.6,
            "net_income": 518441,
            "net_income_4q": null,
            "revenue": 2015867,
            "revenue_4q": null,
            "common_shares": 1178891,
            "book_valuer_per_share": 31.78,
            "book_valuer_per_share_4q_avg": 33.54,
            "equity": 3747085,
            "current_ratio": 162.08,
            "debt_ratio": 51.34,
            "inventory_turnover_ratio": 2.84,
            "account_receivable_turnover_ratio": 0.64,
            "reinvestment_rate": null,
            "research_to_sale_ratio": 5.66,
            "price_fair": 247.1,
            "eps_avg_yearly": 7.06,
            "eps_latest_yearly": 17.6,
            "eps_growth_yearly": 1035.14
        },
        "20184": {
            "year_quarter": 20184,
            "year": 2018,
            "quarter": 4,
            "eps": 2.24,
            "eps_growth_year": -54.11,
            "eps_4q": 8.29,
            "eps_4q_growth_year": -18.94,
            "roe": 6.83,
            "roe_4q": 26.67,
            "gross_profit": 635974,
            "gross_margin": 47.51,
            "gross_margin_4q_avg": 38.85,
            "net_income": 263916,
            "net_income_4q": null,
            "revenue": 1338660,
            "revenue_4q": null,
            "common_shares": 1184191,
            "book_valuer_per_share": 33.8,
            "book_valuer_per_share_4q_avg": 33.29,
            "equity": 3981359,
            "current_ratio": 155.99,
            "debt_ratio": 51.29,
            "inventory_turnover_ratio": 1.71,
            "account_receivable_turnover_ratio": 0.35,
            "reinvestment_rate": 59.41,
            "research_to_sale_ratio": 8.78,
            "price_fair": 253.15,
            "eps_avg_yearly": 7.23,
            "eps_latest_yearly": 8.96,
            "eps_growth_yearly": 923.19
        },
        "20191": {
            "year_quarter": 20191,
            "year": 2019,
            "quarter": 1,
            "eps": -1.33,
            "eps_growth_year": -611.54,
            "eps_4q": 6.73,
            "eps_4q_growth_year": -34.87,
            "roe": -3.93,
            "roe_4q": 21.990000000000002,
            "gross_profit": 86688,
            "gross_margin": 14.66,
            "gross_margin_4q_avg": 37.18,
            "net_income": -156137,
            "net_income_4q": null,
            "revenue": 591346,
            "revenue_4q": null,
            "common_shares": 1184191,
            "book_valuer_per_share": 33.61,
            "book_valuer_per_share_4q_avg": 32.72,
            "equity": 3958948,
            "current_ratio": 143.24,
            "debt_ratio": 53.57,
            "inventory_turnover_ratio": 1.1,
            "account_receivable_turnover_ratio": 0.15,
            "reinvestment_rate": 75.3,
            "research_to_sale_ratio": 15.08,
            "price_fair": 253.15,
            "eps_avg_yearly": 7.23,
            "eps_latest_yearly": 8.96,
            "eps_growth_yearly": 923.19
        },
        "20192": {
            "year_quarter": 20192,
            "year": 2019,
            "quarter": 2,
            "eps": 1.09,
            "eps_growth_year": -29.68,
            "eps_4q": 6.15,
            "eps_4q_growth_year": -41.87,
            "roe": 3.51,
            "roe_4q": 20.92,
            "gross_profit": 420585,
            "gross_margin": 34.61,
            "gross_margin_4q_avg": 36.18,
            "net_income": 133265,
            "net_income_4q": null,
            "revenue": 1215314,
            "revenue_4q": null,
            "common_shares": 1184160,
            "book_valuer_per_share": 29.48,
            "book_valuer_per_share_4q_avg": 32.17,
            "equity": 3635067,
            "current_ratio": 175.12,
            "debt_ratio": 64.19,
            "inventory_turnover_ratio": 1.46,
            "account_receivable_turnover_ratio": 0.32,
            "reinvestment_rate": 83.8,
            "research_to_sale_ratio": 9.88,
            "price_fair": 253.15,
            "eps_avg_yearly": 7.23,
            "eps_latest_yearly": 8.96,
            "eps_growth_yearly": 923.19
        },
        "20193": {
            "year_quarter": 20193,
            "year": 2019,
            "quarter": 3,
            "eps": 1.85,
            "eps_growth_year": -57.95,
            "eps_4q": 3.57,
            "eps_4q_growth_year": -65.91,
            "roe": 5.06,
            "roe_4q": 11.47,
            "gross_profit": 565466,
            "gross_margin": 37.09,
            "gross_margin_4q_avg": 33.47,
            "net_income": 218972,
            "net_income_4q": null,
            "revenue": 1524644,
            "revenue_4q": null,
            "common_shares": 1353721,
            "book_valuer_per_share": 35.19,
            "book_valuer_per_share_4q_avg": 33.02,
            "equity": 5018064,
            "current_ratio": 194.24,
            "debt_ratio": 50.01,
            "inventory_turnover_ratio": 1.34,
            "account_receivable_turnover_ratio": 0.38,
            "reinvestment_rate": 97.57,
            "research_to_sale_ratio": 11.13,
            "price_fair": 253.63,
            "eps_avg_yearly": 7.25,
            "eps_latest_yearly": 7.4,
            "eps_growth_yearly": 869.5
        },
        "20194": {
            "year_quarter": 20194,
            "year": 2019,
            "quarter": 4,
            "eps": 1.49,
            "eps_growth_year": -33.66,
            "eps_4q": 3.09,
            "eps_4q_growth_year": -62.77,
            "roe": 3.79,
            "roe_4q": 8.43,
            "gross_profit": 579185,
            "gross_margin": 32.3,
            "gross_margin_4q_avg": 29.67,
            "net_income": 195568,
            "net_income_4q": null,
            "revenue": 1793214,
            "revenue_4q": null,
            "common_shares": 1366843,
            "book_valuer_per_share": 37,
            "book_valuer_per_share_4q_avg": 33.82,
            "equity": 5300334,
            "current_ratio": 174.01,
            "debt_ratio": 48.32,
            "inventory_turnover_ratio": 1.75,
            "account_receivable_turnover_ratio": 0.42,
            "reinvestment_rate": 106.48,
            "research_to_sale_ratio": 11.73,
            "price_fair": 250.17,
            "eps_avg_yearly": 7.15,
            "eps_latest_yearly": 5.96,
            "eps_growth_yearly": 796.63
        },
        "20201": {
            "year_quarter": 20201,
            "year": 2020,
            "quarter": 1,
            "eps": -0.64,
            "eps_growth_year": null,
            "eps_4q": 3.59,
            "eps_4q_growth_year": -46.68,
            "roe": -1.82,
            "roe_4q": 10.54,
            "gross_profit": 167811,
            "gross_margin": 18.2,
            "gross_margin_4q_avg": 30.55,
            "net_income": -95085,
            "net_income_4q": null,
            "revenue": 922141,
            "revenue_4q": null,
            "common_shares": 1367990,
            "book_valuer_per_share": 35.96,
            "book_valuer_per_share_4q_avg": 34.41,
            "equity": 5155394,
            "current_ratio": 187.11,
            "debt_ratio": 46.72,
            "inventory_turnover_ratio": 1.34,
            "account_receivable_turnover_ratio": 0.23,
            "reinvestment_rate": 99.39,
            "research_to_sale_ratio": 16.4,
            "price_fair": 250.17,
            "eps_avg_yearly": 7.15,
            "eps_latest_yearly": 5.96,
            "eps_growth_yearly": 796.63
        },
        "20202": {
            "year_quarter": 20202,
            "year": 2020,
            "quarter": 2,
            "eps": -0.48,
            "eps_growth_year": -144.04,
            "eps_4q": 1.84,
            "eps_4q_growth_year": -70.09,
            "roe": -1.57,
            "roe_4q": 5.459999999999999,
            "gross_profit": 292717,
            "gross_margin": 31.22,
            "gross_margin_4q_avg": 29.7,
            "net_income": -79065,
            "net_income_4q": null,
            "revenue": 937444,
            "revenue_4q": null,
            "common_shares": 1367900,
            "book_valuer_per_share": 34.44,
            "book_valuer_per_share_4q_avg": 35.65,
            "equity": 4930766,
            "current_ratio": 192.99,
            "debt_ratio": 47.1,
            "inventory_turnover_ratio": 1.2,
            "account_receivable_turnover_ratio": 0.25,
            "reinvestment_rate": 93.79,
            "research_to_sale_ratio": 20.16,
            "price_fair": 269.03,
            "eps_avg_yearly": 7.69,
            "eps_latest_yearly": 5.96,
            "eps_growth_yearly": 878.06
        },
        "20203": {
            "year_quarter": 20203,
            "year": 2020,
            "quarter": 3,
            "eps": 0.42,
            "eps_growth_year": -77.3,
            "eps_4q": 0.74,
            "eps_4q_growth_year": -79.39,
            "roe": 1.41,
            "roe_4q": 1.8099999999999998,
            "gross_profit": 392075,
            "gross_margin": 30.13,
            "gross_margin_4q_avg": 27.96,
            "net_income": 70974,
            "net_income_4q": null,
            "revenue": 1301200,
            "revenue_4q": null,
            "common_shares": 1572236,
            "book_valuer_per_share": 31.25,
            "book_valuer_per_share_4q_avg": 34.66,
            "equity": 5141555,
            "current_ratio": 166.82,
            "debt_ratio": 48.36,
            "inventory_turnover_ratio": 1.52,
            "account_receivable_turnover_ratio": 0.33,
            "reinvestment_rate": 97.07,
            "research_to_sale_ratio": 9.83,
            "price_fair": 287,
            "eps_avg_yearly": 8.2,
            "eps_latest_yearly": 5.96,
            "eps_growth_yearly": 885.16
        },
        "20204": {
            "year_quarter": 20204,
            "year": 2020,
            "quarter": 4,
            "eps": -0.37,
            "eps_growth_year": -125.15,
            "eps_4q": -0.93,
            "eps_4q_growth_year": -130.1,
            "roe": -1.59,
            "roe_4q": -3.5700000000000003,
            "gross_profit": 218775,
            "gross_margin": 19.13,
            "gross_margin_4q_avg": 24.67,
            "net_income": -82471,
            "net_income_4q": null,
            "revenue": 1143761,
            "revenue_4q": null,
            "common_shares": 1572126,
            "book_valuer_per_share": 32.06,
            "book_valuer_per_share_4q_avg": 33.43,
            "equity": 5240760,
            "current_ratio": 158.94,
            "debt_ratio": 46.55,
            "inventory_turnover_ratio": 1.36,
            "account_receivable_turnover_ratio": 0.28,
            "reinvestment_rate": 98.91,
            "research_to_sale_ratio": 8.81,
            "price_fair": 308.98,
            "eps_avg_yearly": 8.83,
            "eps_latest_yearly": 5.96,
            "eps_growth_yearly": 976.03
        },
        "20211": {
            "year_quarter": 20211,
            "year": 2021,
            "quarter": 1,
            "eps": -1.18,
            "eps_growth_year": null,
            "eps_4q": -1.55,
            "eps_4q_growth_year": -143.13,
            "roe": -3.77,
            "roe_4q": -5.5200000000000005,
            "gross_profit": 28563,
            "gross_margin": 4.23,
            "gross_margin_4q_avg": 21.18,
            "net_income": -193355,
            "net_income_4q": null,
            "revenue": 675123,
            "revenue_4q": null,
            "common_shares": 1572086,
            "book_valuer_per_share": 30.62,
            "book_valuer_per_share_4q_avg": 32.09,
            "equity": 5005904,
            "current_ratio": 150,
            "debt_ratio": 45.67,
            "inventory_turnover_ratio": 0.91,
            "account_receivable_turnover_ratio": 0.18,
            "reinvestment_rate": 88.07,
            "research_to_sale_ratio": 22.93,
            "price_fair": 340.36,
            "eps_avg_yearly": 9.72,
            "eps_latest_yearly": 5.96,
            "eps_growth_yearly": 1111.33
        },
        "20212": {
            "year_quarter": 20212,
            "year": 2021,
            "quarter": 2,
            "eps": -1.46,
            "eps_growth_year": null,
            "eps_4q": -2.59,
            "eps_4q_growth_year": -240.88,
            "roe": -4.92,
            "roe_4q": -8.87,
            "gross_profit": -21322,
            "gross_margin": -3.41,
            "gross_margin_4q_avg": 12.52,
            "net_income": -239679,
            "net_income_4q": null,
            "revenue": 625298,
            "revenue_4q": null,
            "common_shares": 1572006,
            "book_valuer_per_share": 28.98,
            "book_valuer_per_share_4q_avg": 30.73,
            "equity": 4736804,
            "current_ratio": 143.8,
            "debt_ratio": 46.49,
            "inventory_turnover_ratio": 0.79,
            "account_receivable_turnover_ratio": 0.18,
            "reinvestment_rate": 71.54,
            "research_to_sale_ratio": 17.73,
            "price_fair": 378.53,
            "eps_avg_yearly": 10.82,
            "eps_latest_yearly": 5.96,
            "eps_growth_yearly": 1234.46
        },
        "20213": {
            "year_quarter": 20213,
            "year": 2021,
            "quarter": 3,
            "eps": -17.49,
            "eps_growth_year": -4264.29,
            "eps_4q": -20.51,
            "eps_4q_growth_year": -2884.16,
            "roe": -81.21,
            "roe_4q": -91.49,
            "gross_profit": 86676,
            "gross_margin": 8.34,
            "gross_margin_4q_avg": 7.07,
            "net_income": -2740838,
            "net_income_4q": null,
            "revenue": 1039023,
            "revenue_4q": null,
            "common_shares": 1572006,
            "book_valuer_per_share": 11.61,
            "book_valuer_per_share_4q_avg": 25.82,
            "equity": 2013478,
            "current_ratio": 62.74,
            "debt_ratio": 67.99,
            "inventory_turnover_ratio": 1.11,
            "account_receivable_turnover_ratio": 0.48,
            "reinvestment_rate": null,
            "research_to_sale_ratio": 13.66,
            "price_fair": 333.4,
            "eps_avg_yearly": 9.53,
            "eps_latest_yearly": 5.96,
            "eps_growth_yearly": 334.24
        },
        "20214": {
            "year_quarter": 20214,
            "year": 2021,
            "quarter": 4,
            "eps": -3.98,
            "eps_growth_year": null,
            "eps_4q": -24.13,
            "eps_4q_growth_year": null,
            "roe": -43.18,
            "roe_4q": -133.07999999999998,
            "gross_profit": -174474,
            "gross_margin": -18.79,
            "gross_margin_4q_avg": -2.41,
            "net_income": -718366,
            "net_income_4q": null,
            "revenue": 928734,
            "revenue_4q": null,
            "common_shares": 1571856,
            "book_valuer_per_share": 7.76,
            "book_valuer_per_share_4q_avg": 19.74,
            "equity": 1314119,
            "current_ratio": 58.02,
            "debt_ratio": 76.5,
            "inventory_turnover_ratio": 1.58,
            "account_receivable_turnover_ratio": 0.91,
            "reinvestment_rate": null,
            "research_to_sale_ratio": 17.17,
            "price_fair": 275.1,
            "eps_avg_yearly": 7.86,
            "eps_latest_yearly": 5.96,
            "eps_growth_yearly": 391.02
        },
        "20221": {
            "year_quarter": 20221,
            "year": 2022,
            "quarter": 1,
            "eps": -1.77,
            "eps_growth_year": null,
            "eps_4q": -24.72,
            "eps_4q_growth_year": null,
            "roe": -25.1,
            "roe_4q": -154.41,
            "gross_profit": -118735,
            "gross_margin": -20.57,
            "gross_margin_4q_avg": -8.61,
            "net_income": -288236,
            "net_income_4q": null,
            "revenue": 577312,
            "revenue_4q": null,
            "common_shares": 1571836,
            "book_valuer_per_share": 6.28,
            "book_valuer_per_share_4q_avg": 13.66,
            "equity": 982918,
            "current_ratio": 51.78,
            "debt_ratio": 79.02,
            "inventory_turnover_ratio": 1.29,
            "account_receivable_turnover_ratio": 0.61,
            "reinvestment_rate": null,
            "research_to_sale_ratio": 23.27,
            "price_fair": 322.84,
            "eps_avg_yearly": 9.22,
            "eps_latest_yearly": 5.96,
            "eps_growth_yearly": 544.96
        },
        "20222": {
            "year_quarter": 20222,
            "year": 2022,
            "quarter": 2,
            "eps": -2.42,
            "eps_growth_year": null,
            "eps_4q": -25.68,
            "eps_4q_growth_year": null,
            "roe": -42.76,
            "roe_4q": -192.25,
            "gross_profit": -159082,
            "gross_margin": -44.51,
            "gross_margin_4q_avg": -18.88,
            "net_income": -379061,
            "net_income_4q": null,
            "revenue": 357414,
            "revenue_4q": null,
            "common_shares": 1570466,
            "book_valuer_per_share": 5.05,
            "book_valuer_per_share_4q_avg": 7.68,
            "equity": 789979,
            "current_ratio": 48.73,
            "debt_ratio": 80.57,
            "inventory_turnover_ratio": 1.12,
            "account_receivable_turnover_ratio": 0.46,
            "reinvestment_rate": null,
            "research_to_sale_ratio": 32.67,
            "price_fair": 349.3,
            "eps_avg_yearly": 9.98,
            "eps_latest_yearly": 5.96,
            "eps_growth_yearly": 185.05
        },
        "20223": {
            "year_quarter": 20223,
            "year": 2022,
            "quarter": 3,
            "eps": -1.68,
            "eps_growth_year": null,
            "eps_4q": -9.85,
            "eps_4q_growth_year": null,
            "roe": -42.12,
            "roe_4q": -153.16,
            "gross_profit": -105855,
            "gross_margin": -23.43,
            "gross_margin_4q_avg": -26.83,
            "net_income": -262900,
            "net_income_4q": null,
            "revenue": 451796,
            "revenue_4q": null,
            "common_shares": 1570466,
            "book_valuer_per_share": 2.93,
            "book_valuer_per_share_4q_avg": 5.51,
            "equity": 458385,
            "current_ratio": 46.68,
            "debt_ratio": 88.29,
            "inventory_turnover_ratio": 1.35,
            "account_receivable_turnover_ratio": 0.62,
            "reinvestment_rate": null,
            "research_to_sale_ratio": 20.95,
            "price_fair": 86.05,
            "eps_avg_yearly": 7.44,
            "eps_latest_yearly": 5.96,
            "eps_growth_yearly": 1.57
        },
        "20224": {
            "year_quarter": 20224,
            "year": 2022,
            "quarter": 4,
            "eps": -2.36,
            "eps_growth_year": null,
            "eps_4q": -8.23,
            "eps_4q_growth_year": null,
            "roe": -131.12,
            "roe_4q": -241.1,
            "gross_profit": -238326,
            "gross_margin": -60.49,
            "gross_margin_4q_avg": -37.25,
            "net_income": -368942,
            "net_income_4q": null,
            "revenue": 394001,
            "revenue_4q": null,
            "common_shares": 1564176,
            "book_valuer_per_share": 0.67,
            "book_valuer_per_share_4q_avg": 3.73,
            "equity": 104378,
            "current_ratio": 48.45,
            "debt_ratio": 96.85,
            "inventory_turnover_ratio": 1.61,
            "account_receivable_turnover_ratio": 0.61,
            "reinvestment_rate": null,
            "research_to_sale_ratio": 6.68,
            "price_fair": 233.8,
            "eps_avg_yearly": 6.68,
            "eps_latest_yearly": 5.96,
            "eps_growth_yearly": 100.53
        },
        "20231": {
            "year_quarter": 20231,
            "year": 2023,
            "quarter": 1,
            "eps": 0.17,
            "eps_growth_year": null,
            "eps_4q": -11.48,
            "eps_4q_growth_year": null,
            "roe": 12.82,
            "roe_4q": -203.18,
            "gross_profit": -19825,
            "gross_margin": -5.21,
            "gross_margin_4q_avg": -33.41,
            "net_income": 15042,
            "net_income_4q": null,
            "revenue": 380519,
            "revenue_4q": null,
            "common_shares": 867504,
            "book_valuer_per_share": 1.5,
            "book_valuer_per_share_4q_avg": 2.54,
            "equity": 130370,
            "current_ratio": 46.89,
            "debt_ratio": 95.54,
            "inventory_turnover_ratio": 1.05,
            "account_receivable_turnover_ratio": 0.74,
            "reinvestment_rate": null,
            "research_to_sale_ratio": 7.83,
            "price_fair": 233.8,
            "eps_avg_yearly": 6.68,
            "eps_latest_yearly": 5.96,
            "eps_growth_yearly": 100.53
        },
        "20232": {
            "year_quarter": 20232,
            "year": 2023,
            "quarter": 2,
            "eps": -1.48,
            "eps_growth_year": null,
            "eps_4q": -8.59,
            "eps_4q_growth_year": null,
            "roe": -174.49,
            "roe_4q": -334.91,
            "gross_profit": -43372,
            "gross_margin": -11.79,
            "gross_margin_4q_avg": -25.23,
            "net_income": -128659,
            "net_income_4q": null,
            "revenue": 367808,
            "revenue_4q": null,
            "common_shares": 867504,
            "book_valuer_per_share": 0.2,
            "book_valuer_per_share_4q_avg": 1.33,
            "equity": 17101,
            "current_ratio": 45.93,
            "debt_ratio": 99.38,
            "inventory_turnover_ratio": 1.15,
            "account_receivable_turnover_ratio": 0.77,
            "reinvestment_rate": null,
            "research_to_sale_ratio": 6.65,
            "price_fair": 233.8,
            "eps_avg_yearly": 6.68,
            "eps_latest_yearly": 5.96,
            "eps_growth_yearly": 100.53
        },
        "20233": {
            "year_quarter": 20233,
            "year": 2023,
            "quarter": 3,
            "eps": -0.89,
            "eps_growth_year": null,
            "eps_4q": -6.45,
            "eps_4q_growth_year": null,
            "roe": -460.75,
            "roe_4q": -753.54,
            "gross_profit": 23781,
            "gross_margin": 5.17,
            "gross_margin_4q_avg": -18.08,
            "net_income": -76959,
            "net_income_4q": null,
            "revenue": 460112,
            "revenue_4q": null,
            "common_shares": 867504,
            "book_valuer_per_share": 0.3,
            "book_valuer_per_share_4q_avg": 0.67,
            "equity": 16305,
            "current_ratio": 48.04,
            "debt_ratio": 99.39,
            "inventory_turnover_ratio": 1.48,
            "account_receivable_turnover_ratio": 0.93,
            "reinvestment_rate": null,
            "research_to_sale_ratio": 6,
            "price_fair": 17.88,
            "eps_avg_yearly": 5.96,
            "eps_latest_yearly": 5.96,
            "eps_growth_yearly": -77.84
        }
    },
    "months": {
        "2011-07": {
            "month": "2011-07",
            "price": "43.68",
            "revenue": 113432
        },
        "2011-09": {
            "month": "2011-09",
            "price": "42.11",
            "revenue": 159928
        },
        "2011-11": {
            "month": "2011-11",
            "price": "40.50",
            "revenue": 107702
        },
        "2011-12": {
            "month": "2011-12",
            "price": "40.84",
            "revenue": 135765
        },
        "2012-01": {
            "month": "2012-01",
            "price": "41.44",
            "revenue": 78797
        },
        "2012-02": {
            "month": "2012-02",
            "price": "40.38",
            "revenue": 102355
        },
        "2012-03": {
            "month": "2012-03",
            "price": "38.17",
            "revenue": 165862
        },
        "2012-04": {
            "month": "2012-04",
            "price": "34.20",
            "revenue": 118250
        },
        "2012-07": {
            "month": "2012-07",
            "price": "32.66",
            "revenue": 101651
        },
        "2012-08": {
            "month": "2012-08",
            "price": "29.43",
            "revenue": 129513
        },
        "2012-09": {
            "month": "2012-09",
            "price": "26.20",
            "revenue": 160316
        },
        "2012-10": {
            "month": "2012-10",
            "price": "24.80",
            "revenue": 109483
        },
        "2012-11": {
            "month": "2012-11",
            "price": "25.14",
            "revenue": 143830
        },
        "2012-12": {
            "month": "2012-12",
            "price": "24.63",
            "revenue": 171571
        },
        "2013-01": {
            "month": "2013-01",
            "price": "22.79",
            "revenue": 132169
        },
        "2013-02": {
            "month": "2013-02",
            "price": "20.01",
            "revenue": 95470
        },
        "2013-03": {
            "month": "2013-03",
            "price": "20.01",
            "revenue": 179847
        },
        "2013-04": {
            "month": "2013-04",
            "price": "20.09",
            "revenue": 126145
        },
        "2013-06": {
            "month": "2013-06",
            "price": "19.40",
            "revenue": 168845
        },
        "2013-07": {
            "month": "2013-07",
            "price": "19.34",
            "revenue": 165323
        },
        "2013-08": {
            "month": "2013-08",
            "price": "18.58",
            "revenue": 155540
        },
        "2013-09": {
            "month": "2013-09",
            "price": "19.21",
            "revenue": 153108
        },
        "2013-10": {
            "month": "2013-10",
            "price": "19.79",
            "revenue": 145186
        },
        "2013-11": {
            "month": "2013-11",
            "price": "19.50",
            "revenue": 158319
        },
        "2013-12": {
            "month": "2013-12",
            "price": "19.29",
            "revenue": 153865
        },
        "2014-01": {
            "month": "2014-01",
            "price": "19.84",
            "revenue": 140605
        },
        "2014-02": {
            "month": "2014-02",
            "price": "18.67",
            "revenue": 104959
        },
        "2014-03": {
            "month": "2014-03",
            "price": "19.75",
            "revenue": 158786
        },
        "2014-04": {
            "month": "2014-04",
            "price": "19.39",
            "revenue": 202096
        },
        "2014-05": {
            "month": "2014-05",
            "price": "22.90",
            "revenue": 148438
        },
        "2014-06": {
            "month": "2014-06",
            "price": "26.16",
            "revenue": 156224
        },
        "2014-07": {
            "month": "2014-07",
            "price": "31.20",
            "revenue": 203643
        },
        "2014-08": {
            "month": "2014-08",
            "price": "35.39",
            "revenue": 200681
        },
        "2014-09": {
            "month": "2014-09",
            "price": "33.89",
            "revenue": 225329
        },
        "2014-10": {
            "month": "2014-10",
            "price": "37.07",
            "revenue": 210123
        },
        "2014-11": {
            "month": "2014-11",
            "price": "33.66",
            "revenue": 203502
        },
        "2014-12": {
            "month": "2014-12",
            "price": "33.74",
            "revenue": 198827
        },
        "2015-01": {
            "month": "2015-01",
            "price": "34.96",
            "revenue": 234845
        },
        "2015-02": {
            "month": "2015-02",
            "price": "37.58",
            "revenue": 145226
        },
        "2015-03": {
            "month": "2015-03",
            "price": "39.41",
            "revenue": 219778
        },
        "2015-04": {
            "month": "2015-04",
            "price": "38.76",
            "revenue": 171744
        },
        "2015-05": {
            "month": "2015-05",
            "price": "37.81",
            "revenue": 180414
        },
        "2015-06": {
            "month": "2015-06",
            "price": "36.01",
            "revenue": 184690
        },
        "2015-07": {
            "month": "2015-07",
            "price": "37.62",
            "revenue": 173477
        },
        "2015-08": {
            "month": "2015-08",
            "price": "34.52",
            "revenue": 233303
        },
        "2015-09": {
            "month": "2015-09",
            "price": "34.72",
            "revenue": 257593
        },
        "2015-10": {
            "month": "2015-10",
            "price": "35.82",
            "revenue": 224490
        },
        "2015-11": {
            "month": "2015-11",
            "price": "35.70",
            "revenue": 214350
        },
        "2015-12": {
            "month": "2015-12",
            "price": "36.84",
            "revenue": 175663
        },
        "2016-01": {
            "month": "2016-01",
            "price": "36.30",
            "revenue": 168108
        },
        "2016-02": {
            "month": "2016-02",
            "price": "36.79",
            "revenue": 80311
        },
        "2016-03": {
            "month": "2016-03",
            "price": "47.34",
            "revenue": 143137
        },
        "2016-04": {
            "month": "2016-04",
            "price": "42.96",
            "revenue": 132485
        },
        "2016-05": {
            "month": "2016-05",
            "price": "45.91",
            "revenue": 127765
        },
        "2016-06": {
            "month": "2016-06",
            "price": "53.88",
            "revenue": 159812
        },
        "2016-07": {
            "month": "2016-07",
            "price": "63.57",
            "revenue": 237069
        },
        "2016-08": {
            "month": "2016-08",
            "price": "62.78",
            "revenue": 271893
        },
        "2016-09": {
            "month": "2016-09",
            "price": "68.58",
            "revenue": 303134
        },
        "2016-10": {
            "month": "2016-10",
            "price": "72.02",
            "revenue": 312548
        },
        "2016-11": {
            "month": "2016-11",
            "price": "59.57",
            "revenue": 313647
        },
        "2016-12": {
            "month": "2016-12",
            "price": "61.91",
            "revenue": 272176
        },
        "2017-01": {
            "month": "2017-01",
            "price": "66.27",
            "revenue": 199022
        },
        "2017-02": {
            "month": "2017-02",
            "price": "82.37",
            "revenue": 172322
        },
        "2017-03": {
            "month": "2017-03",
            "price": "95.06",
            "revenue": 202591
        },
        "2017-04": {
            "month": "2017-04",
            "price": "125.50",
            "revenue": 165222
        },
        "2017-05": {
            "month": "2017-05",
            "price": "126.85",
            "revenue": 198510
        },
        "2017-06": {
            "month": "2017-06",
            "price": "135.07",
            "revenue": 348471
        },
        "2017-07": {
            "month": "2017-07",
            "price": "188.98",
            "revenue": 615154
        },
        "2017-08": {
            "month": "2017-08",
            "price": "205.37",
            "revenue": 666694
        },
        "2017-09": {
            "month": "2017-09",
            "price": "209.75",
            "revenue": 721910
        },
        "2017-10": {
            "month": "2017-10",
            "price": "271.89",
            "revenue": 821980
        },
        "2017-11": {
            "month": "2017-11",
            "price": "409.45",
            "revenue": 902910
        },
        "2017-12": {
            "month": "2017-12",
            "price": "422.10",
            "revenue": 482168
        },
        "2018-01": {
            "month": "2018-01",
            "price": "284.36",
            "revenue": 387360
        },
        "2018-02": {
            "month": "2018-02",
            "price": "269.42",
            "revenue": 85643
        },
        "2018-03": {
            "month": "2018-03",
            "price": "290.35",
            "revenue": 487719
        },
        "2018-04": {
            "month": "2018-04",
            "price": "279.11",
            "revenue": 474358
        },
        "2018-05": {
            "month": "2018-05",
            "price": "281.48",
            "revenue": 464625
        },
        "2018-06": {
            "month": "2018-06",
            "price": "319.85",
            "revenue": 505699
        },
        "2018-07": {
            "month": "2018-07",
            "price": "294.48",
            "revenue": 545828
        },
        "2018-08": {
            "month": "2018-08",
            "price": "260.74",
            "revenue": 719134
        },
        "2018-09": {
            "month": "2018-09",
            "price": "250.45",
            "revenue": 750774
        },
        "2018-10": {
            "month": "2018-10",
            "price": "162.70",
            "revenue": 755567
        },
        "2018-11": {
            "month": "2018-11",
            "price": "135.61",
            "revenue": 449856
        },
        "2018-12": {
            "month": "2018-12",
            "price": "116.02",
            "revenue": 229427
        },
        "2019-01": {
            "month": "2019-01",
            "price": "105.22",
            "revenue": 202892
        },
        "2019-02": {
            "month": "2019-02",
            "price": "123.46",
            "revenue": 118199
        },
        "2019-03": {
            "month": "2019-03",
            "price": "129.08",
            "revenue": 270369
        },
        "2019-04": {
            "month": "2019-04",
            "price": "143.02",
            "revenue": 456177
        },
        "2019-05": {
            "month": "2019-05",
            "price": "133.61",
            "revenue": 409718
        },
        "2019-06": {
            "month": "2019-06",
            "price": "137.68",
            "revenue": 412110
        },
        "2019-07": {
            "month": "2019-07",
            "price": "170.11",
            "revenue": 454714
        },
        "2019-08": {
            "month": "2019-08",
            "price": "146.55",
            "revenue": 496533
        },
        "2019-09": {
            "month": "2019-09",
            "price": "172.71",
            "revenue": 613045
        },
        "2019-10": {
            "month": "2019-10",
            "price": "181.00",
            "revenue": 707671
        },
        "2019-11": {
            "month": "2019-11",
            "price": "181.79",
            "revenue": 712777
        },
        "2019-12": {
            "month": "2019-12",
            "price": "170.50",
            "revenue": 401183
        },
        "2020-01": {
            "month": "2020-01",
            "price": "157.47",
            "revenue": 562144
        },
        "2020-02": {
            "month": "2020-02",
            "price": "143.53",
            "revenue": 126205
        },
        "2020-03": {
            "month": "2020-03",
            "price": "109.64",
            "revenue": 287759
        },
        "2020-04": {
            "month": "2020-04",
            "price": "111.87",
            "revenue": 322049
        },
        "2020-05": {
            "month": "2020-05",
            "price": "120.05",
            "revenue": 301815
        },
        "2020-06": {
            "month": "2020-06",
            "price": "116.40",
            "revenue": 303782
        },
        "2020-07": {
            "month": "2020-07",
            "price": "127.39",
            "revenue": 393942
        },
        "2020-08": {
            "month": "2020-08",
            "price": "115.62",
            "revenue": 403744
        },
        "2020-09": {
            "month": "2020-09",
            "price": "86.04",
            "revenue": 536516
        },
        "2020-10": {
            "month": "2020-10",
            "price": "84.83",
            "revenue": 459550
        },
        "2020-11": {
            "month": "2020-11",
            "price": "90.70",
            "revenue": 410987
        },
        "2020-12": {
            "month": "2020-12",
            "price": "89.42",
            "revenue": 277090
        },
        "2021-01": {
            "month": "2021-01",
            "price": "80.99",
            "revenue": 435593
        },
        "2021-02": {
            "month": "2021-02",
            "price": "79.16",
            "revenue": 144362
        },
        "2021-03": {
            "month": "2021-03",
            "price": "79.79",
            "revenue": 161973
        },
        "2021-04": {
            "month": "2021-04",
            "price": "71.84",
            "revenue": 206896
        },
        "2021-05": {
            "month": "2021-05",
            "price": "57.38",
            "revenue": 200812
        },
        "2021-06": {
            "month": "2021-06",
            "price": "76.15",
            "revenue": 241524
        },
        "2021-07": {
            "month": "2021-07",
            "price": "73.87",
            "revenue": 308335
        },
        "2021-08": {
            "month": "2021-08",
            "price": "65.45",
            "revenue": 370837
        },
        "2021-09": {
            "month": "2021-09",
            "price": "62.20",
            "revenue": 346565
        },
        "2021-10": {
            "month": "2021-10",
            "price": "54.84",
            "revenue": 399881
        },
        "2021-11": {
            "month": "2021-11",
            "price": "46.05",
            "revenue": 259981
        },
        "2021-12": {
            "month": "2021-12",
            "price": "34.26",
            "revenue": 303959
        },
        "2022-01": {
            "month": "2022-01",
            "price": "29.45",
            "revenue": 293537
        },
        "2022-02": {
            "month": "2022-02",
            "price": "29.47",
            "revenue": 98018
        },
        "2022-03": {
            "month": "2022-03",
            "price": "26.12",
            "revenue": 185507
        },
        "2022-04": {
            "month": "2022-04",
            "price": "24.66",
            "revenue": 34052
        },
        "2022-05": {
            "month": "2022-05",
            "price": "20.38",
            "revenue": 160160
        },
        "2022-06": {
            "month": "2022-06",
            "price": "19.37",
            "revenue": 171324
        },
        "2022-07": {
            "month": "2022-07",
            "price": "17.35",
            "revenue": 101049
        },
        "2022-08": {
            "month": "2022-08",
            "price": "15.90",
            "revenue": 144081
        },
        "2022-09": {
            "month": "2022-09",
            "price": "14.33",
            "revenue": 186310
        },
        "2022-10": {
            "month": "2022-10",
            "price": "10.59",
            "revenue": 135478
        },
        "2022-11": {
            "month": "2022-11",
            "price": "9.38",
            "revenue": 152796
        },
        "2022-12": {
            "month": "2022-12",
            "price": "8.72",
            "revenue": 116965
        },
        "2023-01": {
            "month": "2023-01",
            "price": "14.95",
            "revenue": 103403
        },
        "2023-02": {
            "month": "2023-02",
            "price": "13.83",
            "revenue": 158917
        },
        "2023-03": {
            "month": "2023-03",
            "price": "13.19",
            "revenue": 118199
        },
        "2023-04": {
            "month": "2023-04",
            "price": "12.76",
            "revenue": 108844
        },
        "2023-05": {
            "month": "2023-05",
            "price": "14.44",
            "revenue": 123452
        },
        "2023-06": {
            "month": "2023-06",
            "price": "15.58",
            "revenue": 135512
        },
        "2023-07": {
            "month": "2023-07",
            "price": "14.75",
            "revenue": 158551
        },
        "2023-08": {
            "month": "2023-08",
            "price": "14.47",
            "revenue": 145486
        },
        "2023-09": {
            "month": "2023-09",
            "price": "15.54",
            "revenue": 155567
        },
        "2023-10": {
            "month": "2023-10",
            "price": "14.36",
            "revenue": 160214
        },
        "2023-11": {
            "month": "2023-11",
            "price": "13.21",
            "revenue": 160437
        },
        "2023-12": {
            "month": "2023-12",
            "price": "14.98",
            "revenue": 155233
        }
    }
}
