{
    "summary": {
        "stock_name": "兆遠",
        "stock_id": "4944",
        "category": "光電",
        "main_business": "光電材料基板",
        "website_url": "http://www.crystalwise.com",
        "ceo": "鄭松森",
        "pe_ratio": 5,
        "report_year_from": 2009,
        "report_year_to": 2023,
        "age": 14,
        "eps_negative_percentage": 73,
        "eps_growth_avg": {
            "last_all": -73.47,
            "last_2y": null,
            "last_4y": null,
            "last_8y": -100,
            "last_12y": -73.47,
            "last_16y": null,
            "last_20y": null,
            "at_2006_last_3y": null,
            "at_2007_last_3y": null,
            "at_2008_last_3y": null,
            "at_2009_last_3y": null,
            "at_2010_last_3y": null,
            "at_2011_last_3y": null,
            "at_2012_last_3y": null,
            "at_2013_last_3y": -60.21,
            "at_2014_last_3y": -100,
            "at_2015_last_3y": -100,
            "at_2016_last_3y": -100,
            "at_2017_last_3y": -100,
            "at_2018_last_3y": -100,
            "at_2019_last_3y": null,
            "at_2020_last_3y": null,
            "at_2021_last_3y": null,
            "at_2022_last_3y": null,
            "at_2023_last_3y": null,
            "at_2006_last_all": null,
            "at_2007_last_all": null,
            "at_2008_last_all": null,
            "at_2009_last_all": null,
            "at_2010_last_all": null,
            "at_2011_last_all": -60.21,
            "at_2012_last_all": -60.21,
            "at_2013_last_all": -60.21,
            "at_2014_last_all": -60.21,
            "at_2015_last_all": -73.47,
            "at_2016_last_all": -73.47,
            "at_2017_last_all": -73.47,
            "at_2018_last_all": -73.47,
            "at_2019_last_all": -73.47,
            "at_2020_last_all": -73.47,
            "at_2021_last_all": -73.47,
            "at_2022_last_all": -73.47,
            "at_2023_last_all": -73.47
        },
        "latest_eps": 2.87,
        "latest_price": 15.05,
        "latest_roe": 67.24,
        "latest_gross_margin": -98.86,
        "latest_equity": 255547,
        "latest_revenue": 20366,
        "latest_gross_profit": -20133,
        "latest_net_income": 213014,
        "latest_debt_ratio": 61.43,
        "latest_current_ratio": 97.3,
        "latest_account_receivable_turnover_ratio": 1.15,
        "latest_inventory_turnover_ratio": 3,
        "latest_reinvestment_rate": null,
        "latest_research_to_sale_ratio": 34.37
    },
    "eps_dividends": {
        "2001": {
            "cash": 0,
            "stock": 0,
            "eps": 0
        },
        "2002": {
            "cash": 0,
            "stock": 0,
            "eps": 0
        },
        "2003": {
            "cash": 0,
            "stock": 0,
            "eps": 0
        },
        "2004": {
            "cash": 0,
            "stock": 0,
            "eps": 0
        },
        "2005": {
            "cash": 0,
            "stock": 0,
            "eps": 0
        },
        "2006": {
            "cash": 0,
            "stock": 0,
            "eps": 0
        },
        "2007": {
            "cash": 0,
            "stock": 0,
            "eps": 0
        },
        "2008": {
            "cash": 0,
            "stock": 0,
            "eps": 0
        },
        "2009": {
            "cash": 0,
            "stock": 0.53,
            "eps": 1.91
        },
        "2010": {
            "cash": 0.1,
            "stock": 0.9,
            "eps": 1.52
        },
        "2011": {
            "cash": 1.32,
            "stock": 0.88,
            "eps": -6.51
        },
        "2012": {
            "cash": 0,
            "stock": 0,
            "eps": -3
        },
        "2013": {
            "cash": 0,
            "stock": 0,
            "eps": -2.66
        },
        "2014": {
            "cash": 0,
            "stock": 0,
            "eps": 0.11
        },
        "2015": {
            "cash": 0.12,
            "stock": 0,
            "eps": -4.28
        },
        "2016": {
            "cash": 0,
            "stock": 0,
            "eps": -3.48
        },
        "2017": {
            "cash": 0,
            "stock": 0,
            "eps": -2.95
        },
        "2018": {
            "cash": 0,
            "stock": 0,
            "eps": -2.43
        },
        "2019": {
            "cash": 0,
            "stock": 0,
            "eps": -3.76
        },
        "2020": {
            "cash": 0,
            "stock": 0,
            "eps": -1.18
        },
        "2021": {
            "cash": 0,
            "stock": 0,
            "eps": -3.55
        },
        "2022": {
            "cash": 0,
            "stock": 0,
            "eps": -2.44
        },
        "2023": {
            "cash": 0,
            "stock": 0,
            "eps": 4.44
        }
    },
    "dividends": {
        "2009-06-26": {
            "cash": 0,
            "stock": 0.53
        },
        "2010-05-04": {
            "cash": 0.1,
            "stock": 0.9
        },
        "2011-04-15": {
            "cash": 1.32,
            "stock": 0.88
        },
        "2015-09-02": {
            "cash": 0.12,
            "stock": 0
        }
    },
    "prices": {
        "200101": "無",
        "200102": "無",
        "200103": "無",
        "200104": "無",
        "200105": "無",
        "200106": "無",
        "200107": "無",
        "200108": "無",
        "200109": "無",
        "200110": "無",
        "200111": "無",
        "200112": "無",
        "200201": "無",
        "200202": "無",
        "200203": "無",
        "200204": "無",
        "200205": "無",
        "200206": "無",
        "200207": "無",
        "200208": "無",
        "200209": "無",
        "200210": "無",
        "200211": "無",
        "200212": "無",
        "200301": "無",
        "200302": "無",
        "200303": "無",
        "200304": "無",
        "200305": "無",
        "200306": "無",
        "200307": "無",
        "200308": "無",
        "200309": "無",
        "200310": "無",
        "200311": "無",
        "200312": "無",
        "200401": "無",
        "200402": "無",
        "200403": "無",
        "200404": "無",
        "200405": "無",
        "200406": "無",
        "200407": "無",
        "200408": "無",
        "200409": "無",
        "200410": "無",
        "200411": "無",
        "200412": "無",
        "200501": "無",
        "200502": "無",
        "200503": "無",
        "200504": "無",
        "200505": "無",
        "200506": "無",
        "200507": "無",
        "200508": "無",
        "200509": "無",
        "200510": "無",
        "200511": "無",
        "200512": "無",
        "200601": "無",
        "200602": "無",
        "200603": "無",
        "200604": "無",
        "200605": "無",
        "200606": "無",
        "200607": "無",
        "200608": "無",
        "200609": "無",
        "200610": "無",
        "200611": "無",
        "200612": "無",
        "200701": "無",
        "200702": "無",
        "200703": "無",
        "200704": "無",
        "200705": "無",
        "200706": "無",
        "200707": "無",
        "200708": "無",
        "200709": "無",
        "200710": "無",
        "200711": "無",
        "200712": "無",
        "200801": "無",
        "200802": "無",
        "200803": "無",
        "200804": "無",
        "200805": "無",
        "200806": "無",
        "200807": "無",
        "200808": "無",
        "200809": "無",
        "200810": "無",
        "200811": "無",
        "200812": "無",
        "200901": "無",
        "200902": "無",
        "200903": "無",
        "200904": "無",
        "200905": "無",
        "200906": "無",
        "200907": "無",
        "200908": "無",
        "200909": "無",
        "200910": "無",
        "200911": "無",
        "200912": "無",
        "201001": "無",
        "201002": "無",
        "201003": "無",
        "201004": "無",
        "201005": "無",
        "201006": "65.18",
        "201007": "68.09",
        "201008": "62.91",
        "201009": "63.88",
        "201010": "59.56",
        "201011": "60.22",
        "201012": "77.22",
        "201101": "91.28",
        "201102": "89.07",
        "201103": "90.75",
        "201104": "89.00",
        "201105": "72.50",
        "201106": "59.21",
        "201107": "45.24",
        "201108": "28.94",
        "201109": "20.98",
        "201110": "22.84",
        "201111": "18.34",
        "201112": "17.25",
        "201201": "22.23",
        "201202": "32.62",
        "201203": "33.15",
        "201204": "30.49",
        "201205": "30.89",
        "201206": "27.88",
        "201207": "24.85",
        "201208": "22.51",
        "201209": "27.26",
        "201210": "24.63",
        "201211": "21.56",
        "201212": "22.86",
        "201301": "25.20",
        "201302": "24.98",
        "201303": "27.37",
        "201304": "27.32",
        "201305": "28.21",
        "201306": "29.21",
        "201307": "27.70",
        "201308": "24.94",
        "201309": "25.40",
        "201310": "24.49",
        "201311": "22.32",
        "201312": "25.42",
        "201401": "28.79",
        "201402": "36.18",
        "201403": "38.07",
        "201404": "35.23",
        "201405": "31.13",
        "201406": "35.27",
        "201407": "34.20",
        "201408": "30.30",
        "201409": "29.40",
        "201410": "24.99",
        "201411": "23.78",
        "201412": "25.80",
        "201501": "25.59",
        "201502": "24.22",
        "201503": "29.50",
        "201504": "26.88",
        "201505": "20.70",
        "201506": "17.78",
        "201507": "16.21",
        "201508": "10.79",
        "201509": "11.07",
        "201510": "12.35",
        "201511": "12.50",
        "201512": "12.40",
        "201601": "10.71",
        "201602": "10.68",
        "201603": "10.52",
        "201604": "8.98",
        "201605": "7.30",
        "201606": "7.21",
        "201607": "7.72",
        "201608": "7.29",
        "201609": "8.05",
        "201610": "8.56",
        "201611": "7.39",
        "201612": "7.97",
        "201701": "8.95",
        "201702": "10.20",
        "201703": "10.01",
        "201704": "10.74",
        "201705": "9.65",
        "201706": "9.19",
        "201707": "8.91",
        "201708": "8.46",
        "201709": "10.40",
        "201710": "16.37",
        "201711": "16.00",
        "201712": "14.60",
        "201801": "15.21",
        "201802": "14.44",
        "201803": "15.04",
        "201804": "15.10",
        "201805": "14.01",
        "201806": "20.69",
        "201807": "19.90",
        "201808": "16.82",
        "201809": "15.56",
        "201810": "12.99",
        "201811": "13.34",
        "201812": "12.86",
        "201901": "12.21",
        "201902": "12.80",
        "201903": "13.18",
        "201904": "12.28",
        "201905": "11.31",
        "201906": "12.15",
        "201907": "12.12",
        "201908": "11.00",
        "201909": "10.93",
        "201910": "10.36",
        "201911": "10.08",
        "201912": "11.17",
        "202001": "11.20",
        "202002": "13.88",
        "202003": "12.89",
        "202004": "8.64",
        "202005": "8.89",
        "202006": "9.05",
        "202007": "11.37",
        "202008": "12.73",
        "202009": "16.46",
        "202010": "28.69",
        "202011": "26.92",
        "202012": "33.08",
        "202101": "32.18",
        "202102": "33.11",
        "202103": "40.73",
        "202104": "38.84",
        "202105": "31.06",
        "202106": "28.13",
        "202107": "28.76",
        "202108": "24.54",
        "202109": "26.06",
        "202110": "20.30",
        "202111": "21.06",
        "202112": "26.75",
        "202201": "26.92",
        "202202": "27.60",
        "202203": "22.46",
        "202204": "16.00",
        "202205": "11.34",
        "202206": "11.13",
        "202207": "9.00",
        "202208": "9.75",
        "202209": "18.38",
        "202210": "16.53",
        "202211": "12.41",
        "202212": "12.07",
        "202301": "12.51",
        "202302": "12.82",
        "202303": "12.26",
        "202304": "12.52",
        "202305": "9.62",
        "202306": "9.58",
        "202307": "9.70",
        "202308": "11.81",
        "202309": "16.87"
    },
    "quarters": {
        "20011": {
            "year_quarter": 20011,
            "year": 2001,
            "quarter": 1,
            "eps": null,
            "eps_growth_year": null,
            "eps_4q": null,
            "eps_4q_growth_year": null,
            "roe": null,
            "roe_4q": 0,
            "gross_profit": null,
            "gross_margin": null,
            "gross_margin_4q_avg": 0,
            "net_income": null,
            "revenue": null,
            "common_shares": null,
            "book_valuer_per_share": null,
            "book_valuer_per_share_4q_avg": 0,
            "equity": null,
            "current_ratio": null,
            "debt_ratio": null,
            "inventory_turnover_ratio": null,
            "account_receivable_turnover_ratio": null,
            "reinvestment_rate": null,
            "research_to_sale_ratio": null,
            "price_fair": 0,
            "eps_avg_yearly": 0,
            "eps_latest_yearly": 0,
            "eps_growth_yearly": 0
        },
        "20012": {
            "year_quarter": 20012,
            "year": 2001,
            "quarter": 2,
            "eps": null,
            "eps_growth_year": null,
            "eps_4q": null,
            "eps_4q_growth_year": null,
            "roe": null,
            "roe_4q": 0,
            "gross_profit": null,
            "gross_margin": null,
            "gross_margin_4q_avg": 0,
            "net_income": null,
            "revenue": null,
            "common_shares": null,
            "book_valuer_per_share": null,
            "book_valuer_per_share_4q_avg": 0,
            "equity": null,
            "current_ratio": null,
            "debt_ratio": null,
            "inventory_turnover_ratio": null,
            "account_receivable_turnover_ratio": null,
            "reinvestment_rate": null,
            "research_to_sale_ratio": null,
            "price_fair": 0,
            "eps_avg_yearly": 0,
            "eps_latest_yearly": 0,
            "eps_growth_yearly": 0
        },
        "20013": {
            "year_quarter": 20013,
            "year": 2001,
            "quarter": 3,
            "eps": null,
            "eps_growth_year": null,
            "eps_4q": null,
            "eps_4q_growth_year": null,
            "roe": null,
            "roe_4q": 0,
            "gross_profit": null,
            "gross_margin": null,
            "gross_margin_4q_avg": 0,
            "net_income": null,
            "revenue": null,
            "common_shares": null,
            "book_valuer_per_share": null,
            "book_valuer_per_share_4q_avg": 0,
            "equity": null,
            "current_ratio": null,
            "debt_ratio": null,
            "inventory_turnover_ratio": null,
            "account_receivable_turnover_ratio": null,
            "reinvestment_rate": null,
            "research_to_sale_ratio": null,
            "price_fair": 0,
            "eps_avg_yearly": 0,
            "eps_latest_yearly": 0,
            "eps_growth_yearly": 0
        },
        "20014": {
            "year_quarter": 20014,
            "year": 2001,
            "quarter": 4,
            "eps": null,
            "eps_growth_year": null,
            "eps_4q": null,
            "eps_4q_growth_year": null,
            "roe": null,
            "roe_4q": 0,
            "gross_profit": null,
            "gross_margin": null,
            "gross_margin_4q_avg": 0,
            "net_income": null,
            "revenue": null,
            "common_shares": null,
            "book_valuer_per_share": null,
            "book_valuer_per_share_4q_avg": 0,
            "equity": null,
            "current_ratio": null,
            "debt_ratio": null,
            "inventory_turnover_ratio": null,
            "account_receivable_turnover_ratio": null,
            "reinvestment_rate": null,
            "research_to_sale_ratio": null,
            "price_fair": 0,
            "eps_avg_yearly": 0,
            "eps_latest_yearly": 0,
            "eps_growth_yearly": 0
        },
        "20021": {
            "year_quarter": 20021,
            "year": 2002,
            "quarter": 1,
            "eps": null,
            "eps_growth_year": null,
            "eps_4q": null,
            "eps_4q_growth_year": null,
            "roe": null,
            "roe_4q": 0,
            "gross_profit": null,
            "gross_margin": null,
            "gross_margin_4q_avg": 0,
            "net_income": null,
            "revenue": null,
            "common_shares": null,
            "book_valuer_per_share": null,
            "book_valuer_per_share_4q_avg": 0,
            "equity": null,
            "current_ratio": null,
            "debt_ratio": null,
            "inventory_turnover_ratio": null,
            "account_receivable_turnover_ratio": null,
            "reinvestment_rate": null,
            "research_to_sale_ratio": null,
            "price_fair": 0,
            "eps_avg_yearly": 0,
            "eps_latest_yearly": 0,
            "eps_growth_yearly": 0
        },
        "20022": {
            "year_quarter": 20022,
            "year": 2002,
            "quarter": 2,
            "eps": null,
            "eps_growth_year": null,
            "eps_4q": null,
            "eps_4q_growth_year": null,
            "roe": null,
            "roe_4q": 0,
            "gross_profit": null,
            "gross_margin": null,
            "gross_margin_4q_avg": 0,
            "net_income": null,
            "revenue": null,
            "common_shares": null,
            "book_valuer_per_share": null,
            "book_valuer_per_share_4q_avg": 0,
            "equity": null,
            "current_ratio": null,
            "debt_ratio": null,
            "inventory_turnover_ratio": null,
            "account_receivable_turnover_ratio": null,
            "reinvestment_rate": null,
            "research_to_sale_ratio": null,
            "price_fair": 0,
            "eps_avg_yearly": 0,
            "eps_latest_yearly": 0,
            "eps_growth_yearly": 0
        },
        "20023": {
            "year_quarter": 20023,
            "year": 2002,
            "quarter": 3,
            "eps": null,
            "eps_growth_year": null,
            "eps_4q": null,
            "eps_4q_growth_year": null,
            "roe": null,
            "roe_4q": 0,
            "gross_profit": null,
            "gross_margin": null,
            "gross_margin_4q_avg": 0,
            "net_income": null,
            "revenue": null,
            "common_shares": null,
            "book_valuer_per_share": null,
            "book_valuer_per_share_4q_avg": 0,
            "equity": null,
            "current_ratio": null,
            "debt_ratio": null,
            "inventory_turnover_ratio": null,
            "account_receivable_turnover_ratio": null,
            "reinvestment_rate": null,
            "research_to_sale_ratio": null,
            "price_fair": 0,
            "eps_avg_yearly": 0,
            "eps_latest_yearly": 0,
            "eps_growth_yearly": 0
        },
        "20024": {
            "year_quarter": 20024,
            "year": 2002,
            "quarter": 4,
            "eps": null,
            "eps_growth_year": null,
            "eps_4q": null,
            "eps_4q_growth_year": null,
            "roe": null,
            "roe_4q": 0,
            "gross_profit": null,
            "gross_margin": null,
            "gross_margin_4q_avg": 0,
            "net_income": null,
            "revenue": null,
            "common_shares": null,
            "book_valuer_per_share": null,
            "book_valuer_per_share_4q_avg": 0,
            "equity": null,
            "current_ratio": null,
            "debt_ratio": null,
            "inventory_turnover_ratio": null,
            "account_receivable_turnover_ratio": null,
            "reinvestment_rate": null,
            "research_to_sale_ratio": null,
            "price_fair": 0,
            "eps_avg_yearly": 0,
            "eps_latest_yearly": 0,
            "eps_growth_yearly": 0
        },
        "20031": {
            "year_quarter": 20031,
            "year": 2003,
            "quarter": 1,
            "eps": null,
            "eps_growth_year": null,
            "eps_4q": null,
            "eps_4q_growth_year": null,
            "roe": null,
            "roe_4q": 0,
            "gross_profit": null,
            "gross_margin": null,
            "gross_margin_4q_avg": 0,
            "net_income": null,
            "revenue": null,
            "common_shares": null,
            "book_valuer_per_share": null,
            "book_valuer_per_share_4q_avg": 0,
            "equity": null,
            "current_ratio": null,
            "debt_ratio": null,
            "inventory_turnover_ratio": null,
            "account_receivable_turnover_ratio": null,
            "reinvestment_rate": null,
            "research_to_sale_ratio": null,
            "price_fair": 0,
            "eps_avg_yearly": 0,
            "eps_latest_yearly": 0,
            "eps_growth_yearly": 0
        },
        "20032": {
            "year_quarter": 20032,
            "year": 2003,
            "quarter": 2,
            "eps": null,
            "eps_growth_year": null,
            "eps_4q": null,
            "eps_4q_growth_year": null,
            "roe": null,
            "roe_4q": 0,
            "gross_profit": null,
            "gross_margin": null,
            "gross_margin_4q_avg": 0,
            "net_income": null,
            "revenue": null,
            "common_shares": null,
            "book_valuer_per_share": null,
            "book_valuer_per_share_4q_avg": 0,
            "equity": null,
            "current_ratio": null,
            "debt_ratio": null,
            "inventory_turnover_ratio": null,
            "account_receivable_turnover_ratio": null,
            "reinvestment_rate": null,
            "research_to_sale_ratio": null,
            "price_fair": 0,
            "eps_avg_yearly": 0,
            "eps_latest_yearly": 0,
            "eps_growth_yearly": 0
        },
        "20033": {
            "year_quarter": 20033,
            "year": 2003,
            "quarter": 3,
            "eps": null,
            "eps_growth_year": null,
            "eps_4q": null,
            "eps_4q_growth_year": null,
            "roe": null,
            "roe_4q": 0,
            "gross_profit": null,
            "gross_margin": null,
            "gross_margin_4q_avg": 0,
            "net_income": null,
            "revenue": null,
            "common_shares": null,
            "book_valuer_per_share": null,
            "book_valuer_per_share_4q_avg": 0,
            "equity": null,
            "current_ratio": null,
            "debt_ratio": null,
            "inventory_turnover_ratio": null,
            "account_receivable_turnover_ratio": null,
            "reinvestment_rate": null,
            "research_to_sale_ratio": null,
            "price_fair": 0,
            "eps_avg_yearly": 0,
            "eps_latest_yearly": 0,
            "eps_growth_yearly": 0
        },
        "20034": {
            "year_quarter": 20034,
            "year": 2003,
            "quarter": 4,
            "eps": null,
            "eps_growth_year": null,
            "eps_4q": null,
            "eps_4q_growth_year": null,
            "roe": null,
            "roe_4q": 0,
            "gross_profit": null,
            "gross_margin": null,
            "gross_margin_4q_avg": 0,
            "net_income": null,
            "revenue": null,
            "common_shares": null,
            "book_valuer_per_share": null,
            "book_valuer_per_share_4q_avg": 0,
            "equity": null,
            "current_ratio": null,
            "debt_ratio": null,
            "inventory_turnover_ratio": null,
            "account_receivable_turnover_ratio": null,
            "reinvestment_rate": null,
            "research_to_sale_ratio": null,
            "price_fair": 0,
            "eps_avg_yearly": 0,
            "eps_latest_yearly": 0,
            "eps_growth_yearly": 0
        },
        "20041": {
            "year_quarter": 20041,
            "year": 2004,
            "quarter": 1,
            "eps": null,
            "eps_growth_year": null,
            "eps_4q": null,
            "eps_4q_growth_year": null,
            "roe": null,
            "roe_4q": 0,
            "gross_profit": null,
            "gross_margin": null,
            "gross_margin_4q_avg": 0,
            "net_income": null,
            "revenue": null,
            "common_shares": null,
            "book_valuer_per_share": null,
            "book_valuer_per_share_4q_avg": 0,
            "equity": null,
            "current_ratio": null,
            "debt_ratio": null,
            "inventory_turnover_ratio": null,
            "account_receivable_turnover_ratio": null,
            "reinvestment_rate": null,
            "research_to_sale_ratio": null,
            "price_fair": 0,
            "eps_avg_yearly": 0,
            "eps_latest_yearly": 0,
            "eps_growth_yearly": 0
        },
        "20042": {
            "year_quarter": 20042,
            "year": 2004,
            "quarter": 2,
            "eps": null,
            "eps_growth_year": null,
            "eps_4q": null,
            "eps_4q_growth_year": null,
            "roe": null,
            "roe_4q": 0,
            "gross_profit": null,
            "gross_margin": null,
            "gross_margin_4q_avg": 0,
            "net_income": null,
            "revenue": null,
            "common_shares": null,
            "book_valuer_per_share": null,
            "book_valuer_per_share_4q_avg": 0,
            "equity": null,
            "current_ratio": null,
            "debt_ratio": null,
            "inventory_turnover_ratio": null,
            "account_receivable_turnover_ratio": null,
            "reinvestment_rate": null,
            "research_to_sale_ratio": null,
            "price_fair": 0,
            "eps_avg_yearly": 0,
            "eps_latest_yearly": 0,
            "eps_growth_yearly": 0
        },
        "20043": {
            "year_quarter": 20043,
            "year": 2004,
            "quarter": 3,
            "eps": null,
            "eps_growth_year": null,
            "eps_4q": null,
            "eps_4q_growth_year": null,
            "roe": null,
            "roe_4q": 0,
            "gross_profit": null,
            "gross_margin": null,
            "gross_margin_4q_avg": 0,
            "net_income": null,
            "revenue": null,
            "common_shares": null,
            "book_valuer_per_share": null,
            "book_valuer_per_share_4q_avg": 0,
            "equity": null,
            "current_ratio": null,
            "debt_ratio": null,
            "inventory_turnover_ratio": null,
            "account_receivable_turnover_ratio": null,
            "reinvestment_rate": null,
            "research_to_sale_ratio": null,
            "price_fair": 0,
            "eps_avg_yearly": 0,
            "eps_latest_yearly": 0,
            "eps_growth_yearly": 0
        },
        "20044": {
            "year_quarter": 20044,
            "year": 2004,
            "quarter": 4,
            "eps": null,
            "eps_growth_year": null,
            "eps_4q": null,
            "eps_4q_growth_year": null,
            "roe": null,
            "roe_4q": 0,
            "gross_profit": null,
            "gross_margin": null,
            "gross_margin_4q_avg": 0,
            "net_income": null,
            "revenue": null,
            "common_shares": null,
            "book_valuer_per_share": null,
            "book_valuer_per_share_4q_avg": 0,
            "equity": null,
            "current_ratio": null,
            "debt_ratio": null,
            "inventory_turnover_ratio": null,
            "account_receivable_turnover_ratio": null,
            "reinvestment_rate": null,
            "research_to_sale_ratio": null,
            "price_fair": 0,
            "eps_avg_yearly": 0,
            "eps_latest_yearly": 0,
            "eps_growth_yearly": 0
        },
        "20051": {
            "year_quarter": 20051,
            "year": 2005,
            "quarter": 1,
            "eps": null,
            "eps_growth_year": null,
            "eps_4q": null,
            "eps_4q_growth_year": null,
            "roe": null,
            "roe_4q": 0,
            "gross_profit": null,
            "gross_margin": null,
            "gross_margin_4q_avg": 0,
            "net_income": null,
            "revenue": null,
            "common_shares": null,
            "book_valuer_per_share": null,
            "book_valuer_per_share_4q_avg": 0,
            "equity": null,
            "current_ratio": null,
            "debt_ratio": null,
            "inventory_turnover_ratio": null,
            "account_receivable_turnover_ratio": null,
            "reinvestment_rate": null,
            "research_to_sale_ratio": null,
            "price_fair": 0,
            "eps_avg_yearly": 0,
            "eps_latest_yearly": 0,
            "eps_growth_yearly": 0
        },
        "20052": {
            "year_quarter": 20052,
            "year": 2005,
            "quarter": 2,
            "eps": null,
            "eps_growth_year": null,
            "eps_4q": null,
            "eps_4q_growth_year": null,
            "roe": null,
            "roe_4q": 0,
            "gross_profit": null,
            "gross_margin": null,
            "gross_margin_4q_avg": 0,
            "net_income": null,
            "revenue": null,
            "common_shares": null,
            "book_valuer_per_share": null,
            "book_valuer_per_share_4q_avg": 0,
            "equity": null,
            "current_ratio": null,
            "debt_ratio": null,
            "inventory_turnover_ratio": null,
            "account_receivable_turnover_ratio": null,
            "reinvestment_rate": null,
            "research_to_sale_ratio": null,
            "price_fair": 0,
            "eps_avg_yearly": 0,
            "eps_latest_yearly": 0,
            "eps_growth_yearly": 0
        },
        "20053": {
            "year_quarter": 20053,
            "year": 2005,
            "quarter": 3,
            "eps": null,
            "eps_growth_year": null,
            "eps_4q": null,
            "eps_4q_growth_year": null,
            "roe": null,
            "roe_4q": 0,
            "gross_profit": null,
            "gross_margin": null,
            "gross_margin_4q_avg": 0,
            "net_income": null,
            "revenue": null,
            "common_shares": null,
            "book_valuer_per_share": null,
            "book_valuer_per_share_4q_avg": 0,
            "equity": null,
            "current_ratio": null,
            "debt_ratio": null,
            "inventory_turnover_ratio": null,
            "account_receivable_turnover_ratio": null,
            "reinvestment_rate": null,
            "research_to_sale_ratio": null,
            "price_fair": 0,
            "eps_avg_yearly": 0,
            "eps_latest_yearly": 0,
            "eps_growth_yearly": 0
        },
        "20054": {
            "year_quarter": 20054,
            "year": 2005,
            "quarter": 4,
            "eps": null,
            "eps_growth_year": null,
            "eps_4q": null,
            "eps_4q_growth_year": null,
            "roe": null,
            "roe_4q": 0,
            "gross_profit": null,
            "gross_margin": null,
            "gross_margin_4q_avg": 0,
            "net_income": null,
            "revenue": null,
            "common_shares": 207250,
            "book_valuer_per_share": 8.69,
            "book_valuer_per_share_4q_avg": 2.17,
            "equity": 180084,
            "current_ratio": 387.09,
            "debt_ratio": 17.37,
            "inventory_turnover_ratio": null,
            "account_receivable_turnover_ratio": null,
            "reinvestment_rate": null,
            "research_to_sale_ratio": null,
            "price_fair": 0,
            "eps_avg_yearly": 0,
            "eps_latest_yearly": 0,
            "eps_growth_yearly": 0
        },
        "20061": {
            "year_quarter": 20061,
            "year": 2006,
            "quarter": 1,
            "eps": null,
            "eps_growth_year": null,
            "eps_4q": null,
            "eps_4q_growth_year": null,
            "roe": null,
            "roe_4q": 0,
            "gross_profit": null,
            "gross_margin": null,
            "gross_margin_4q_avg": 0,
            "net_income": null,
            "revenue": null,
            "common_shares": null,
            "book_valuer_per_share": null,
            "book_valuer_per_share_4q_avg": 2.17,
            "equity": null,
            "current_ratio": null,
            "debt_ratio": null,
            "inventory_turnover_ratio": null,
            "account_receivable_turnover_ratio": null,
            "reinvestment_rate": null,
            "research_to_sale_ratio": null,
            "price_fair": 0,
            "eps_avg_yearly": 0,
            "eps_latest_yearly": 0,
            "eps_growth_yearly": 0
        },
        "20062": {
            "year_quarter": 20062,
            "year": 2006,
            "quarter": 2,
            "eps": null,
            "eps_growth_year": null,
            "eps_4q": null,
            "eps_4q_growth_year": null,
            "roe": null,
            "roe_4q": 0,
            "gross_profit": null,
            "gross_margin": null,
            "gross_margin_4q_avg": 0,
            "net_income": null,
            "revenue": null,
            "common_shares": null,
            "book_valuer_per_share": null,
            "book_valuer_per_share_4q_avg": 2.17,
            "equity": null,
            "current_ratio": null,
            "debt_ratio": null,
            "inventory_turnover_ratio": null,
            "account_receivable_turnover_ratio": null,
            "reinvestment_rate": null,
            "research_to_sale_ratio": null,
            "price_fair": 0,
            "eps_avg_yearly": 0,
            "eps_latest_yearly": 0,
            "eps_growth_yearly": 0
        },
        "20063": {
            "year_quarter": 20063,
            "year": 2006,
            "quarter": 3,
            "eps": null,
            "eps_growth_year": null,
            "eps_4q": null,
            "eps_4q_growth_year": null,
            "roe": null,
            "roe_4q": 0,
            "gross_profit": null,
            "gross_margin": null,
            "gross_margin_4q_avg": 0,
            "net_income": null,
            "revenue": null,
            "common_shares": null,
            "book_valuer_per_share": null,
            "book_valuer_per_share_4q_avg": 2.17,
            "equity": null,
            "current_ratio": null,
            "debt_ratio": null,
            "inventory_turnover_ratio": null,
            "account_receivable_turnover_ratio": null,
            "reinvestment_rate": null,
            "research_to_sale_ratio": null,
            "price_fair": 0,
            "eps_avg_yearly": 0,
            "eps_latest_yearly": 0,
            "eps_growth_yearly": 0
        },
        "20064": {
            "year_quarter": 20064,
            "year": 2006,
            "quarter": 4,
            "eps": null,
            "eps_growth_year": null,
            "eps_4q": null,
            "eps_4q_growth_year": null,
            "roe": null,
            "roe_4q": 0,
            "gross_profit": null,
            "gross_margin": null,
            "gross_margin_4q_avg": 0,
            "net_income": null,
            "revenue": null,
            "common_shares": 207250,
            "book_valuer_per_share": 12.44,
            "book_valuer_per_share_4q_avg": 3.11,
            "equity": 257895,
            "current_ratio": 286.75,
            "debt_ratio": 33.2,
            "inventory_turnover_ratio": null,
            "account_receivable_turnover_ratio": null,
            "reinvestment_rate": null,
            "research_to_sale_ratio": null,
            "price_fair": 0,
            "eps_avg_yearly": 0,
            "eps_latest_yearly": 0,
            "eps_growth_yearly": 0
        },
        "20071": {
            "year_quarter": 20071,
            "year": 2007,
            "quarter": 1,
            "eps": null,
            "eps_growth_year": null,
            "eps_4q": null,
            "eps_4q_growth_year": null,
            "roe": null,
            "roe_4q": 0,
            "gross_profit": null,
            "gross_margin": null,
            "gross_margin_4q_avg": 0,
            "net_income": null,
            "revenue": null,
            "common_shares": null,
            "book_valuer_per_share": null,
            "book_valuer_per_share_4q_avg": 3.11,
            "equity": null,
            "current_ratio": null,
            "debt_ratio": null,
            "inventory_turnover_ratio": null,
            "account_receivable_turnover_ratio": null,
            "reinvestment_rate": null,
            "research_to_sale_ratio": null,
            "price_fair": 0,
            "eps_avg_yearly": 0,
            "eps_latest_yearly": 0,
            "eps_growth_yearly": 0
        },
        "20072": {
            "year_quarter": 20072,
            "year": 2007,
            "quarter": 2,
            "eps": null,
            "eps_growth_year": null,
            "eps_4q": null,
            "eps_4q_growth_year": null,
            "roe": null,
            "roe_4q": 0,
            "gross_profit": null,
            "gross_margin": null,
            "gross_margin_4q_avg": 0,
            "net_income": null,
            "revenue": null,
            "common_shares": null,
            "book_valuer_per_share": null,
            "book_valuer_per_share_4q_avg": 3.11,
            "equity": null,
            "current_ratio": null,
            "debt_ratio": null,
            "inventory_turnover_ratio": null,
            "account_receivable_turnover_ratio": null,
            "reinvestment_rate": null,
            "research_to_sale_ratio": null,
            "price_fair": 0,
            "eps_avg_yearly": 0,
            "eps_latest_yearly": 0,
            "eps_growth_yearly": 0
        },
        "20073": {
            "year_quarter": 20073,
            "year": 2007,
            "quarter": 3,
            "eps": null,
            "eps_growth_year": null,
            "eps_4q": null,
            "eps_4q_growth_year": null,
            "roe": null,
            "roe_4q": 0,
            "gross_profit": null,
            "gross_margin": null,
            "gross_margin_4q_avg": 0,
            "net_income": null,
            "revenue": null,
            "common_shares": null,
            "book_valuer_per_share": null,
            "book_valuer_per_share_4q_avg": 3.11,
            "equity": null,
            "current_ratio": null,
            "debt_ratio": null,
            "inventory_turnover_ratio": null,
            "account_receivable_turnover_ratio": null,
            "reinvestment_rate": null,
            "research_to_sale_ratio": null,
            "price_fair": 0,
            "eps_avg_yearly": 0,
            "eps_latest_yearly": 0,
            "eps_growth_yearly": 0
        },
        "20074": {
            "year_quarter": 20074,
            "year": 2007,
            "quarter": 4,
            "eps": null,
            "eps_growth_year": null,
            "eps_4q": null,
            "eps_4q_growth_year": null,
            "roe": null,
            "roe_4q": 0,
            "gross_profit": null,
            "gross_margin": null,
            "gross_margin_4q_avg": 0,
            "net_income": null,
            "revenue": null,
            "common_shares": 253076,
            "book_valuer_per_share": 16.2,
            "book_valuer_per_share_4q_avg": 4.05,
            "equity": 409988,
            "current_ratio": 407.52,
            "debt_ratio": 18.29,
            "inventory_turnover_ratio": null,
            "account_receivable_turnover_ratio": null,
            "reinvestment_rate": null,
            "research_to_sale_ratio": null,
            "price_fair": 0,
            "eps_avg_yearly": 0,
            "eps_latest_yearly": 0,
            "eps_growth_yearly": 0
        },
        "20081": {
            "year_quarter": 20081,
            "year": 2008,
            "quarter": 1,
            "eps": null,
            "eps_growth_year": null,
            "eps_4q": null,
            "eps_4q_growth_year": null,
            "roe": null,
            "roe_4q": 0,
            "gross_profit": null,
            "gross_margin": null,
            "gross_margin_4q_avg": 0,
            "net_income": null,
            "revenue": null,
            "common_shares": null,
            "book_valuer_per_share": null,
            "book_valuer_per_share_4q_avg": 4.05,
            "equity": null,
            "current_ratio": null,
            "debt_ratio": null,
            "inventory_turnover_ratio": null,
            "account_receivable_turnover_ratio": null,
            "reinvestment_rate": null,
            "research_to_sale_ratio": null,
            "price_fair": 0,
            "eps_avg_yearly": 0,
            "eps_latest_yearly": 0,
            "eps_growth_yearly": 0
        },
        "20082": {
            "year_quarter": 20082,
            "year": 2008,
            "quarter": 2,
            "eps": null,
            "eps_growth_year": null,
            "eps_4q": null,
            "eps_4q_growth_year": null,
            "roe": null,
            "roe_4q": 0,
            "gross_profit": null,
            "gross_margin": null,
            "gross_margin_4q_avg": 0,
            "net_income": null,
            "revenue": null,
            "common_shares": null,
            "book_valuer_per_share": null,
            "book_valuer_per_share_4q_avg": 4.05,
            "equity": null,
            "current_ratio": null,
            "debt_ratio": null,
            "inventory_turnover_ratio": null,
            "account_receivable_turnover_ratio": null,
            "reinvestment_rate": null,
            "research_to_sale_ratio": null,
            "price_fair": 0,
            "eps_avg_yearly": 0,
            "eps_latest_yearly": 0,
            "eps_growth_yearly": 0
        },
        "20083": {
            "year_quarter": 20083,
            "year": 2008,
            "quarter": 3,
            "eps": null,
            "eps_growth_year": null,
            "eps_4q": null,
            "eps_4q_growth_year": null,
            "roe": null,
            "roe_4q": 0,
            "gross_profit": null,
            "gross_margin": null,
            "gross_margin_4q_avg": 0,
            "net_income": null,
            "revenue": null,
            "common_shares": null,
            "book_valuer_per_share": null,
            "book_valuer_per_share_4q_avg": 4.05,
            "equity": null,
            "current_ratio": null,
            "debt_ratio": null,
            "inventory_turnover_ratio": null,
            "account_receivable_turnover_ratio": null,
            "reinvestment_rate": null,
            "research_to_sale_ratio": null,
            "price_fair": 0,
            "eps_avg_yearly": 0,
            "eps_latest_yearly": 0,
            "eps_growth_yearly": 0
        },
        "20084": {
            "year_quarter": 20084,
            "year": 2008,
            "quarter": 4,
            "eps": null,
            "eps_growth_year": null,
            "eps_4q": null,
            "eps_4q_growth_year": null,
            "roe": null,
            "roe_4q": 0,
            "gross_profit": null,
            "gross_margin": null,
            "gross_margin_4q_avg": 0,
            "net_income": null,
            "revenue": null,
            "common_shares": 295351,
            "book_valuer_per_share": 14.26,
            "book_valuer_per_share_4q_avg": 3.57,
            "equity": 421151,
            "current_ratio": 381.02,
            "debt_ratio": 19.07,
            "inventory_turnover_ratio": null,
            "account_receivable_turnover_ratio": null,
            "reinvestment_rate": null,
            "research_to_sale_ratio": null,
            "price_fair": 0,
            "eps_avg_yearly": 0,
            "eps_latest_yearly": 0,
            "eps_growth_yearly": 0
        },
        "20091": {
            "year_quarter": 20091,
            "year": 2009,
            "quarter": 1,
            "eps": null,
            "eps_growth_year": null,
            "eps_4q": null,
            "eps_4q_growth_year": null,
            "roe": null,
            "roe_4q": 0,
            "gross_profit": null,
            "gross_margin": null,
            "gross_margin_4q_avg": 0,
            "net_income": null,
            "revenue": null,
            "common_shares": null,
            "book_valuer_per_share": null,
            "book_valuer_per_share_4q_avg": 3.57,
            "equity": null,
            "current_ratio": null,
            "debt_ratio": null,
            "inventory_turnover_ratio": null,
            "account_receivable_turnover_ratio": null,
            "reinvestment_rate": null,
            "research_to_sale_ratio": null,
            "price_fair": 0,
            "eps_avg_yearly": 0,
            "eps_latest_yearly": 0,
            "eps_growth_yearly": 0
        },
        "20092": {
            "year_quarter": 20092,
            "year": 2009,
            "quarter": 2,
            "eps": null,
            "eps_growth_year": null,
            "eps_4q": null,
            "eps_4q_growth_year": null,
            "roe": null,
            "roe_4q": 0,
            "gross_profit": null,
            "gross_margin": null,
            "gross_margin_4q_avg": 0,
            "net_income": null,
            "revenue": null,
            "common_shares": 0,
            "book_valuer_per_share": null,
            "book_valuer_per_share_4q_avg": 3.57,
            "equity": 0,
            "current_ratio": null,
            "debt_ratio": null,
            "inventory_turnover_ratio": null,
            "account_receivable_turnover_ratio": null,
            "reinvestment_rate": null,
            "research_to_sale_ratio": null,
            "price_fair": 0,
            "eps_avg_yearly": 0,
            "eps_latest_yearly": 0,
            "eps_growth_yearly": 0
        },
        "20093": {
            "year_quarter": 20093,
            "year": 2009,
            "quarter": 3,
            "eps": 0.47,
            "eps_growth_year": null,
            "eps_4q": null,
            "eps_4q_growth_year": null,
            "roe": 4.42,
            "roe_4q": 4.42,
            "gross_profit": 36774,
            "gross_margin": 20.76,
            "gross_margin_4q_avg": 5.19,
            "net_income": 16105,
            "revenue": 177107,
            "common_shares": 312252,
            "book_valuer_per_share": 23.31,
            "book_valuer_per_share_4q_avg": 9.39,
            "equity": 727979,
            "current_ratio": 389.02,
            "debt_ratio": 19.75,
            "inventory_turnover_ratio": 3.36,
            "account_receivable_turnover_ratio": 1.83,
            "reinvestment_rate": null,
            "research_to_sale_ratio": null,
            "price_fair": 0,
            "eps_avg_yearly": 0,
            "eps_latest_yearly": 0,
            "eps_growth_yearly": 0
        },
        "20094": {
            "year_quarter": 20094,
            "year": 2009,
            "quarter": 4,
            "eps": 1.44,
            "eps_growth_year": null,
            "eps_4q": null,
            "eps_4q_growth_year": null,
            "roe": 6.5,
            "roe_4q": 10.92,
            "gross_profit": 56747,
            "gross_margin": 30.82,
            "gross_margin_4q_avg": 12.9,
            "net_income": 48899,
            "revenue": 184136,
            "common_shares": 463272,
            "book_valuer_per_share": 16.78,
            "book_valuer_per_share_4q_avg": 10.02,
            "equity": 777419,
            "current_ratio": 261.6,
            "debt_ratio": 28.06,
            "inventory_turnover_ratio": 0.99,
            "account_receivable_turnover_ratio": 1.69,
            "reinvestment_rate": null,
            "research_to_sale_ratio": null,
            "price_fair": 201.6,
            "eps_avg_yearly": 5.76,
            "eps_latest_yearly": 5.76,
            "eps_growth_yearly": 825.53
        },
        "20101": {
            "year_quarter": 20101,
            "year": 2010,
            "quarter": 1,
            "eps": null,
            "eps_growth_year": null,
            "eps_4q": null,
            "eps_4q_growth_year": null,
            "roe": null,
            "roe_4q": 10.92,
            "gross_profit": 41854,
            "gross_margin": null,
            "gross_margin_4q_avg": 12.9,
            "net_income": 24169,
            "revenue": 262899,
            "common_shares": 468802,
            "book_valuer_per_share": 17.19,
            "book_valuer_per_share_4q_avg": 14.32,
            "equity": 806034,
            "current_ratio": 255.82,
            "debt_ratio": 28.19,
            "inventory_turnover_ratio": null,
            "account_receivable_turnover_ratio": null,
            "reinvestment_rate": null,
            "research_to_sale_ratio": null,
            "price_fair": 201.6,
            "eps_avg_yearly": 5.76,
            "eps_latest_yearly": 5.76,
            "eps_growth_yearly": 825.53
        },
        "20102": {
            "year_quarter": 20102,
            "year": 2010,
            "quarter": 2,
            "eps": 1.52,
            "eps_growth_year": null,
            "eps_4q": 2.79,
            "eps_4q_growth_year": null,
            "roe": 9.21,
            "roe_4q": 20.130000000000003,
            "gross_profit": 115523,
            "gross_margin": 29.22,
            "gross_margin_4q_avg": 20.2,
            "net_income": 78210,
            "revenue": 395368,
            "common_shares": 513883,
            "book_valuer_per_share": 17.35,
            "book_valuer_per_share_4q_avg": 18.66,
            "equity": 891651,
            "current_ratio": 215.14,
            "debt_ratio": 32.03,
            "inventory_turnover_ratio": 1.8,
            "account_receivable_turnover_ratio": 1.83,
            "reinvestment_rate": null,
            "research_to_sale_ratio": null,
            "price_fair": 201.6,
            "eps_avg_yearly": 5.76,
            "eps_latest_yearly": 5.76,
            "eps_growth_yearly": 825.53
        },
        "20103": {
            "year_quarter": 20103,
            "year": 2010,
            "quarter": 3,
            "eps": null,
            "eps_growth_year": null,
            "eps_4q": null,
            "eps_4q_growth_year": null,
            "roe": null,
            "roe_4q": 15.71,
            "gross_profit": 194379,
            "gross_margin": null,
            "gross_margin_4q_avg": 15.01,
            "net_income": 121200,
            "revenue": 567707,
            "common_shares": 738283,
            "book_valuer_per_share": 22.29,
            "book_valuer_per_share_4q_avg": 18.4,
            "equity": 1645492,
            "current_ratio": 325.34,
            "debt_ratio": 21.8,
            "inventory_turnover_ratio": null,
            "account_receivable_turnover_ratio": null,
            "reinvestment_rate": null,
            "research_to_sale_ratio": null,
            "price_fair": 201.6,
            "eps_avg_yearly": 5.76,
            "eps_latest_yearly": 5.76,
            "eps_growth_yearly": 825.53
        },
        "20104": {
            "year_quarter": 20104,
            "year": 2010,
            "quarter": 4,
            "eps": null,
            "eps_growth_year": null,
            "eps_4q": null,
            "eps_4q_growth_year": null,
            "roe": null,
            "roe_4q": 9.21,
            "gross_profit": 172335,
            "gross_margin": null,
            "gross_margin_4q_avg": 7.31,
            "net_income": 91987,
            "revenue": 684965,
            "common_shares": 738283,
            "book_valuer_per_share": 23.26,
            "book_valuer_per_share_4q_avg": 20.02,
            "equity": 1753053,
            "current_ratio": 197.79,
            "debt_ratio": 36.7,
            "inventory_turnover_ratio": null,
            "account_receivable_turnover_ratio": null,
            "reinvestment_rate": null,
            "research_to_sale_ratio": null,
            "price_fair": 201.6,
            "eps_avg_yearly": 5.76,
            "eps_latest_yearly": 5.76,
            "eps_growth_yearly": 825.53
        },
        "20111": {
            "year_quarter": 20111,
            "year": 2011,
            "quarter": 1,
            "eps": 1,
            "eps_growth_year": null,
            "eps_4q": 2.05,
            "eps_4q_growth_year": null,
            "roe": 4.18,
            "roe_4q": 13.39,
            "gross_profit": 128741,
            "gross_margin": 13.66,
            "gross_margin_4q_avg": 10.72,
            "net_income": 75202,
            "revenue": 942492,
            "common_shares": 744723,
            "book_valuer_per_share": 24.3,
            "book_valuer_per_share_4q_avg": 21.8,
            "equity": 1847125,
            "current_ratio": 158.67,
            "debt_ratio": 43.06,
            "inventory_turnover_ratio": 1.02,
            "account_receivable_turnover_ratio": 1.45,
            "reinvestment_rate": null,
            "research_to_sale_ratio": 0.95,
            "price_fair": 201.6,
            "eps_avg_yearly": 5.76,
            "eps_latest_yearly": 5.76,
            "eps_growth_yearly": 825.53
        },
        "20112": {
            "year_quarter": 20112,
            "year": 2011,
            "quarter": 2,
            "eps": -4.72,
            "eps_growth_year": -410.43,
            "eps_4q": -3.91,
            "eps_4q_growth_year": -240.33,
            "roe": -23.17,
            "roe_4q": -18.990000000000002,
            "gross_profit": -397262,
            "gross_margin": -61.9,
            "gross_margin_4q_avg": -12.06,
            "net_income": -433895,
            "revenue": 641789,
            "common_shares": 845163,
            "book_valuer_per_share": 22.01,
            "book_valuer_per_share_4q_avg": 22.97,
            "equity": 1897808,
            "current_ratio": 149.77,
            "debt_ratio": 42.65,
            "inventory_turnover_ratio": 1.24,
            "account_receivable_turnover_ratio": 0.87,
            "reinvestment_rate": null,
            "research_to_sale_ratio": 1.22,
            "price_fair": 201.6,
            "eps_avg_yearly": 5.76,
            "eps_latest_yearly": 5.76,
            "eps_growth_yearly": 825.53
        },
        "20113": {
            "year_quarter": 20113,
            "year": 2011,
            "quarter": 3,
            "eps": -1.96,
            "eps_growth_year": null,
            "eps_4q": -5.87,
            "eps_4q_growth_year": null,
            "roe": -9.59,
            "roe_4q": -28.580000000000005,
            "gross_profit": -176015,
            "gross_margin": -43.58,
            "gross_margin_4q_avg": -22.96,
            "net_income": -175142,
            "revenue": 403932,
            "common_shares": 919635,
            "book_valuer_per_share": 18.59,
            "book_valuer_per_share_4q_avg": 22.04,
            "equity": 1754731,
            "current_ratio": 149.37,
            "debt_ratio": 35.28,
            "inventory_turnover_ratio": 1.11,
            "account_receivable_turnover_ratio": 0.73,
            "reinvestment_rate": null,
            "research_to_sale_ratio": 1.89,
            "price_fair": 201.6,
            "eps_avg_yearly": 5.76,
            "eps_latest_yearly": 5.76,
            "eps_growth_yearly": 825.53
        },
        "20114": {
            "year_quarter": 20114,
            "year": 2011,
            "quarter": 4,
            "eps": -0.83,
            "eps_growth_year": null,
            "eps_4q": -6.7,
            "eps_4q_growth_year": null,
            "roe": -4.35,
            "roe_4q": -32.93,
            "gross_profit": -45508,
            "gross_margin": -12.82,
            "gross_margin_4q_avg": -26.16,
            "net_income": -74798,
            "revenue": 354868,
            "common_shares": 919635,
            "book_valuer_per_share": 17.77,
            "book_valuer_per_share_4q_avg": 20.67,
            "equity": 1680978,
            "current_ratio": 227.89,
            "debt_ratio": 35.64,
            "inventory_turnover_ratio": 1.27,
            "account_receivable_turnover_ratio": 0.88,
            "reinvestment_rate": null,
            "research_to_sale_ratio": 2.78,
            "price_fair": 201.6,
            "eps_avg_yearly": 5.76,
            "eps_latest_yearly": 5.76,
            "eps_growth_yearly": 825.53
        },
        "20121": {
            "year_quarter": 20121,
            "year": 2012,
            "quarter": 1,
            "eps": -0.08,
            "eps_growth_year": -108,
            "eps_4q": -7.59,
            "eps_4q_growth_year": -469.48,
            "roe": -0.43,
            "roe_4q": -37.54,
            "gross_profit": 39584,
            "gross_margin": 10.13,
            "gross_margin_4q_avg": -27.04,
            "net_income": -7259,
            "revenue": 390716,
            "common_shares": 919635,
            "book_valuer_per_share": 17.83,
            "book_valuer_per_share_4q_avg": 19.05,
            "equity": 1684810,
            "current_ratio": 263.32,
            "debt_ratio": 44.43,
            "inventory_turnover_ratio": 1.37,
            "account_receivable_turnover_ratio": 0.95,
            "reinvestment_rate": null,
            "research_to_sale_ratio": 4.79,
            "price_fair": 201.6,
            "eps_avg_yearly": 5.76,
            "eps_latest_yearly": 5.76,
            "eps_growth_yearly": 825.53
        },
        "20122": {
            "year_quarter": 20122,
            "year": 2012,
            "quarter": 2,
            "eps": 0.21,
            "eps_growth_year": null,
            "eps_4q": -2.63,
            "eps_4q_growth_year": null,
            "roe": 1.22,
            "roe_4q": -13.149999999999999,
            "gross_profit": 63255,
            "gross_margin": 12.69,
            "gross_margin_4q_avg": -8.4,
            "net_income": 20818,
            "revenue": 498338,
            "common_shares": 926780,
            "book_valuer_per_share": 18.08,
            "book_valuer_per_share_4q_avg": 18.07,
            "equity": 1722087,
            "current_ratio": 197.65,
            "debt_ratio": 51.1,
            "inventory_turnover_ratio": 1.3,
            "account_receivable_turnover_ratio": 1.05,
            "reinvestment_rate": null,
            "research_to_sale_ratio": 2.46,
            "price_fair": 201.6,
            "eps_avg_yearly": 5.76,
            "eps_latest_yearly": 5.76,
            "eps_growth_yearly": 825.53
        },
        "20123": {
            "year_quarter": 20123,
            "year": 2012,
            "quarter": 3,
            "eps": -0.81,
            "eps_growth_year": null,
            "eps_4q": -1.5,
            "eps_4q_growth_year": null,
            "roe": -4.47,
            "roe_4q": -8.03,
            "gross_profit": -22425,
            "gross_margin": -6.72,
            "gross_margin_4q_avg": 0.82,
            "net_income": -75203,
            "revenue": 333533,
            "common_shares": 926780,
            "book_valuer_per_share": 17.26,
            "book_valuer_per_share_4q_avg": 17.74,
            "equity": 1646326,
            "current_ratio": 190.18,
            "debt_ratio": 50.5,
            "inventory_turnover_ratio": 0.78,
            "account_receivable_turnover_ratio": 0.73,
            "reinvestment_rate": null,
            "research_to_sale_ratio": 5.34,
            "price_fair": 201.6,
            "eps_avg_yearly": 5.76,
            "eps_latest_yearly": 5.76,
            "eps_growth_yearly": 825.53
        },
        "20124": {
            "year_quarter": 20124,
            "year": 2012,
            "quarter": 4,
            "eps": -2.32,
            "eps_growth_year": null,
            "eps_4q": -3,
            "eps_4q_growth_year": null,
            "roe": -13.84,
            "roe_4q": -17.52,
            "gross_profit": -147460,
            "gross_margin": -70.54,
            "gross_margin_4q_avg": -13.61,
            "net_income": -213879,
            "revenue": 209040,
            "common_shares": 926880,
            "book_valuer_per_share": 15.06,
            "book_valuer_per_share_4q_avg": 17.06,
            "equity": 1443391,
            "current_ratio": 188.36,
            "debt_ratio": 51.51,
            "inventory_turnover_ratio": 0.81,
            "account_receivable_turnover_ratio": 0.61,
            "reinvestment_rate": null,
            "research_to_sale_ratio": 9.17,
            "price_fair": 201.6,
            "eps_avg_yearly": 5.76,
            "eps_latest_yearly": 5.76,
            "eps_growth_yearly": 825.53
        },
        "20131": {
            "year_quarter": 20131,
            "year": 2013,
            "quarter": 1,
            "eps": -0.58,
            "eps_growth_year": null,
            "eps_4q": -2.19,
            "eps_4q_growth_year": null,
            "roe": -4.2,
            "roe_4q": -21.29,
            "gross_profit": -248750,
            "gross_margin": -59.6,
            "gross_margin_4q_avg": -31.04,
            "net_income": -97639,
            "revenue": 417348,
            "common_shares": 1685610,
            "book_valuer_per_share": 18.72,
            "book_valuer_per_share_4q_avg": 17.28,
            "equity": 3205478,
            "current_ratio": 226.49,
            "debt_ratio": 32.57,
            "inventory_turnover_ratio": 1.8,
            "account_receivable_turnover_ratio": 1.05,
            "reinvestment_rate": null,
            "research_to_sale_ratio": 7.29,
            "price_fair": 201.6,
            "eps_avg_yearly": 5.76,
            "eps_latest_yearly": 5.76,
            "eps_growth_yearly": 825.53
        },
        "20132": {
            "year_quarter": 20132,
            "year": 2013,
            "quarter": 2,
            "eps": -0.56,
            "eps_growth_year": -363.73,
            "eps_4q": -2.86,
            "eps_4q_growth_year": null,
            "roe": -2.9,
            "roe_4q": -25.409999999999997,
            "gross_profit": 9371,
            "gross_margin": 1.61,
            "gross_margin_4q_avg": -33.81,
            "net_income": -91793,
            "revenue": 583794,
            "common_shares": 1686250,
            "book_valuer_per_share": 18.23,
            "book_valuer_per_share_4q_avg": 17.32,
            "equity": 3134754,
            "current_ratio": 212.28,
            "debt_ratio": 34.14,
            "inventory_turnover_ratio": 1.51,
            "account_receivable_turnover_ratio": 1.05,
            "reinvestment_rate": null,
            "research_to_sale_ratio": 4.68,
            "price_fair": 201.6,
            "eps_avg_yearly": 5.76,
            "eps_latest_yearly": 5.76,
            "eps_growth_yearly": 825.53
        },
        "20133": {
            "year_quarter": 20133,
            "year": 2013,
            "quarter": 3,
            "eps": -0.55,
            "eps_growth_year": null,
            "eps_4q": -2.94,
            "eps_4q_growth_year": null,
            "roe": -3,
            "roe_4q": -23.94,
            "gross_profit": 1996,
            "gross_margin": 0.39,
            "gross_margin_4q_avg": -32.04,
            "net_income": -92774,
            "revenue": 508956,
            "common_shares": 1704962,
            "book_valuer_per_share": 17.53,
            "book_valuer_per_share_4q_avg": 17.39,
            "equity": 3042772,
            "current_ratio": 201.82,
            "debt_ratio": 34.47,
            "inventory_turnover_ratio": 1.23,
            "account_receivable_turnover_ratio": 0.84,
            "reinvestment_rate": null,
            "research_to_sale_ratio": 7.81,
            "price_fair": 201.6,
            "eps_avg_yearly": 5.76,
            "eps_latest_yearly": 5.76,
            "eps_growth_yearly": 825.53
        },
        "20134": {
            "year_quarter": 20134,
            "year": 2013,
            "quarter": 4,
            "eps": -0.97,
            "eps_growth_year": null,
            "eps_4q": -2.65,
            "eps_4q_growth_year": null,
            "roe": -5.7,
            "roe_4q": -15.8,
            "gross_profit": -59058,
            "gross_margin": -13.11,
            "gross_margin_4q_avg": -17.68,
            "net_income": -169304,
            "revenue": 450389,
            "common_shares": 1709812,
            "book_valuer_per_share": 16.64,
            "book_valuer_per_share_4q_avg": 17.78,
            "equity": 2897208,
            "current_ratio": 210.24,
            "debt_ratio": 32.72,
            "inventory_turnover_ratio": 1.23,
            "account_receivable_turnover_ratio": 0.84,
            "reinvestment_rate": null,
            "research_to_sale_ratio": 11.09,
            "price_fair": 0,
            "eps_avg_yearly": 0,
            "eps_latest_yearly": 0,
            "eps_growth_yearly": 0
        },
        "20141": {
            "year_quarter": 20141,
            "year": 2014,
            "quarter": 1,
            "eps": -0.22,
            "eps_growth_year": null,
            "eps_4q": -1.91,
            "eps_4q_growth_year": null,
            "roe": -1.14,
            "roe_4q": -12.74,
            "gross_profit": 16073,
            "gross_margin": 2.63,
            "gross_margin_4q_avg": -2.12,
            "net_income": -38219,
            "revenue": 611832,
            "common_shares": 2062699,
            "book_valuer_per_share": 18.11,
            "book_valuer_per_share_4q_avg": 17.63,
            "equity": 3799625,
            "current_ratio": 232.93,
            "debt_ratio": 26.62,
            "inventory_turnover_ratio": 1.46,
            "account_receivable_turnover_ratio": 1.14,
            "reinvestment_rate": null,
            "research_to_sale_ratio": 6.43,
            "price_fair": 0,
            "eps_avg_yearly": 0,
            "eps_latest_yearly": 0,
            "eps_growth_yearly": 0
        },
        "20142": {
            "year_quarter": 20142,
            "year": 2014,
            "quarter": 2,
            "eps": 0.27,
            "eps_growth_year": null,
            "eps_4q": -1.16,
            "eps_4q_growth_year": null,
            "roe": 1.57,
            "roe_4q": -8.27,
            "gross_profit": 76421,
            "gross_margin": 10.96,
            "gross_margin_4q_avg": 0.22,
            "net_income": 60640,
            "revenue": 697176,
            "common_shares": 2083967,
            "book_valuer_per_share": 18.48,
            "book_valuer_per_share_4q_avg": 17.69,
            "equity": 3922576,
            "current_ratio": 230.76,
            "debt_ratio": 25.39,
            "inventory_turnover_ratio": 1.28,
            "account_receivable_turnover_ratio": 1,
            "reinvestment_rate": null,
            "research_to_sale_ratio": 5.93,
            "price_fair": 0,
            "eps_avg_yearly": 0,
            "eps_latest_yearly": 0,
            "eps_growth_yearly": 0
        },
        "20143": {
            "year_quarter": 20143,
            "year": 2014,
            "quarter": 3,
            "eps": 0.15,
            "eps_growth_year": null,
            "eps_4q": -0.56,
            "eps_4q_growth_year": null,
            "roe": 0.88,
            "roe_4q": -4.39,
            "gross_profit": 78647,
            "gross_margin": 10.62,
            "gross_margin_4q_avg": 2.78,
            "net_income": 34872,
            "revenue": 740677,
            "common_shares": 2092417,
            "book_valuer_per_share": 18.73,
            "book_valuer_per_share_4q_avg": 17.99,
            "equity": 3984755,
            "current_ratio": 218.2,
            "debt_ratio": 25.11,
            "inventory_turnover_ratio": 1.17,
            "account_receivable_turnover_ratio": 0.93,
            "reinvestment_rate": null,
            "research_to_sale_ratio": 4.52,
            "price_fair": 1.8,
            "eps_avg_yearly": 0.6,
            "eps_latest_yearly": 0.6,
            "eps_growth_yearly": -177.78
        },
        "20144": {
            "year_quarter": 20144,
            "year": 2014,
            "quarter": 4,
            "eps": -0.09,
            "eps_growth_year": null,
            "eps_4q": 0.15,
            "eps_4q_growth_year": null,
            "roe": -0.38,
            "roe_4q": 0.9300000000000004,
            "gross_profit": -5551,
            "gross_margin": -1.17,
            "gross_margin_4q_avg": 5.76,
            "net_income": -15014,
            "revenue": 473236,
            "common_shares": 2097831,
            "book_valuer_per_share": 18.81,
            "book_valuer_per_share_4q_avg": 18.53,
            "equity": 3994403,
            "current_ratio": 162.25,
            "debt_ratio": 27.78,
            "inventory_turnover_ratio": 0.81,
            "account_receivable_turnover_ratio": 0.72,
            "reinvestment_rate": null,
            "research_to_sale_ratio": 5.72,
            "price_fair": 1.8,
            "eps_avg_yearly": 0.6,
            "eps_latest_yearly": 0.6,
            "eps_growth_yearly": -177.78
        },
        "20151": {
            "year_quarter": 20151,
            "year": 2015,
            "quarter": 1,
            "eps": -0.87,
            "eps_growth_year": null,
            "eps_4q": -0.53,
            "eps_4q_growth_year": null,
            "roe": -4.52,
            "roe_4q": -2.4499999999999993,
            "gross_profit": -73738,
            "gross_margin": -12.48,
            "gross_margin_4q_avg": 1.98,
            "net_income": -176983,
            "revenue": 590813,
            "common_shares": 2099011,
            "book_valuer_per_share": 18,
            "book_valuer_per_share_4q_avg": 18.51,
            "equity": 3827985,
            "current_ratio": 149.48,
            "debt_ratio": 30.91,
            "inventory_turnover_ratio": 1.19,
            "account_receivable_turnover_ratio": 0.98,
            "reinvestment_rate": null,
            "research_to_sale_ratio": 6.56,
            "price_fair": 1.8,
            "eps_avg_yearly": 0.6,
            "eps_latest_yearly": 0.6,
            "eps_growth_yearly": -177.78
        },
        "20152": {
            "year_quarter": 20152,
            "year": 2015,
            "quarter": 2,
            "eps": -0.59,
            "eps_growth_year": -318.52,
            "eps_4q": -1.38,
            "eps_4q_growth_year": null,
            "roe": -3.14,
            "roe_4q": -7.160000000000001,
            "gross_profit": -38764,
            "gross_margin": -6.12,
            "gross_margin_4q_avg": -2.29,
            "net_income": -117661,
            "revenue": 633466,
            "common_shares": 2099131,
            "book_valuer_per_share": 17.21,
            "book_valuer_per_share_4q_avg": 18.19,
            "equity": 3672102,
            "current_ratio": 133.4,
            "debt_ratio": 37.05,
            "inventory_turnover_ratio": 1.27,
            "account_receivable_turnover_ratio": 0.82,
            "reinvestment_rate": null,
            "research_to_sale_ratio": 4.89,
            "price_fair": 1.8,
            "eps_avg_yearly": 0.6,
            "eps_latest_yearly": 0.6,
            "eps_growth_yearly": -177.78
        },
        "20153": {
            "year_quarter": 20153,
            "year": 2015,
            "quarter": 3,
            "eps": -0.96,
            "eps_growth_year": -740,
            "eps_4q": -2.5,
            "eps_4q_growth_year": null,
            "roe": -5.62,
            "roe_4q": -13.66,
            "gross_profit": -125831,
            "gross_margin": -23.09,
            "gross_margin_4q_avg": -10.72,
            "net_income": -200959,
            "revenue": 544942,
            "common_shares": 2101316,
            "book_valuer_per_share": 16.4,
            "book_valuer_per_share_4q_avg": 17.61,
            "equity": 3476585,
            "current_ratio": 119.14,
            "debt_ratio": 40.75,
            "inventory_turnover_ratio": 1.3,
            "account_receivable_turnover_ratio": 0.68,
            "reinvestment_rate": null,
            "research_to_sale_ratio": 5.1,
            "price_fair": 1.8,
            "eps_avg_yearly": 0.6,
            "eps_latest_yearly": 0.6,
            "eps_growth_yearly": -177.78
        },
        "20154": {
            "year_quarter": 20154,
            "year": 2015,
            "quarter": 4,
            "eps": -1.86,
            "eps_growth_year": null,
            "eps_4q": -4.27,
            "eps_4q_growth_year": -3030.88,
            "roe": -11.89,
            "roe_4q": -25.17,
            "gross_profit": -96371,
            "gross_margin": -23.39,
            "gross_margin_4q_avg": -16.27,
            "net_income": -388404,
            "revenue": 412095,
            "common_shares": 2101316,
            "book_valuer_per_share": 14.41,
            "book_valuer_per_share_4q_avg": 16.51,
            "equity": 3057003,
            "current_ratio": 146.42,
            "debt_ratio": 45.15,
            "inventory_turnover_ratio": 1.15,
            "account_receivable_turnover_ratio": 0.62,
            "reinvestment_rate": null,
            "research_to_sale_ratio": 5.31,
            "price_fair": 1.8,
            "eps_avg_yearly": 0.6,
            "eps_latest_yearly": 0.6,
            "eps_growth_yearly": -177.78
        },
        "20161": {
            "year_quarter": 20161,
            "year": 2016,
            "quarter": 1,
            "eps": -0.93,
            "eps_growth_year": null,
            "eps_4q": -4.28,
            "eps_4q_growth_year": null,
            "roe": -6.46,
            "roe_4q": -27.110000000000003,
            "gross_profit": -106400,
            "gross_margin": -32.29,
            "gross_margin_4q_avg": -21.22,
            "net_income": -191280,
            "revenue": 329482,
            "common_shares": 2120656,
            "book_valuer_per_share": 13.37,
            "book_valuer_per_share_4q_avg": 15.35,
            "equity": 2868119,
            "current_ratio": 126.61,
            "debt_ratio": 44.78,
            "inventory_turnover_ratio": 1.2,
            "account_receivable_turnover_ratio": 0.62,
            "reinvestment_rate": null,
            "research_to_sale_ratio": 5.86,
            "price_fair": 1.8,
            "eps_avg_yearly": 0.6,
            "eps_latest_yearly": 0.6,
            "eps_growth_yearly": -177.78
        },
        "20162": {
            "year_quarter": 20162,
            "year": 2016,
            "quarter": 2,
            "eps": -1.11,
            "eps_growth_year": null,
            "eps_4q": -4.81,
            "eps_4q_growth_year": null,
            "roe": -8.46,
            "roe_4q": -32.43,
            "gross_profit": -141905,
            "gross_margin": -42.7,
            "gross_margin_4q_avg": -30.37,
            "net_income": -230526,
            "revenue": 332360,
            "common_shares": 2120656,
            "book_valuer_per_share": 12.2,
            "book_valuer_per_share_4q_avg": 14.1,
            "equity": 2584627,
            "current_ratio": 116.97,
            "debt_ratio": 47.13,
            "inventory_turnover_ratio": 1.5,
            "account_receivable_turnover_ratio": 0.8,
            "reinvestment_rate": null,
            "research_to_sale_ratio": 5.85,
            "price_fair": 1.8,
            "eps_avg_yearly": 0.6,
            "eps_latest_yearly": 0.6,
            "eps_growth_yearly": -177.78
        },
        "20163": {
            "year_quarter": 20163,
            "year": 2016,
            "quarter": 3,
            "eps": -0.73,
            "eps_growth_year": null,
            "eps_4q": -4.58,
            "eps_4q_growth_year": null,
            "roe": -6.15,
            "roe_4q": -32.96,
            "gross_profit": -63592,
            "gross_margin": -13.69,
            "gross_margin_4q_avg": -28.02,
            "net_income": -153169,
            "revenue": 464566,
            "common_shares": 2119176,
            "book_valuer_per_share": 11.33,
            "book_valuer_per_share_4q_avg": 12.83,
            "equity": 2399865,
            "current_ratio": 106.62,
            "debt_ratio": 51.54,
            "inventory_turnover_ratio": 1.74,
            "account_receivable_turnover_ratio": 1.15,
            "reinvestment_rate": null,
            "research_to_sale_ratio": 3.62,
            "price_fair": 1.8,
            "eps_avg_yearly": 0.6,
            "eps_latest_yearly": 0.6,
            "eps_growth_yearly": -177.78
        },
        "20164": {
            "year_quarter": 20164,
            "year": 2016,
            "quarter": 4,
            "eps": -0.71,
            "eps_growth_year": null,
            "eps_4q": -3.45,
            "eps_4q_growth_year": null,
            "roe": -6.51,
            "roe_4q": -27.580000000000002,
            "gross_profit": -13479,
            "gross_margin": -2.95,
            "gross_margin_4q_avg": -22.91,
            "net_income": -150704,
            "revenue": 456880,
            "common_shares": 2117676,
            "book_valuer_per_share": 10.53,
            "book_valuer_per_share_4q_avg": 11.86,
            "equity": 2227482,
            "current_ratio": 122.78,
            "debt_ratio": 53.84,
            "inventory_turnover_ratio": 1.4,
            "account_receivable_turnover_ratio": 0.87,
            "reinvestment_rate": null,
            "research_to_sale_ratio": 3.23,
            "price_fair": 1.8,
            "eps_avg_yearly": 0.6,
            "eps_latest_yearly": 0.6,
            "eps_growth_yearly": -177.78
        },
        "20171": {
            "year_quarter": 20171,
            "year": 2017,
            "quarter": 1,
            "eps": -0.74,
            "eps_growth_year": null,
            "eps_4q": -3.27,
            "eps_4q_growth_year": null,
            "roe": -7.3,
            "roe_4q": -28.42,
            "gross_profit": -54897,
            "gross_margin": -12.51,
            "gross_margin_4q_avg": -17.96,
            "net_income": -155499,
            "revenue": 438856,
            "common_shares": 2115976,
            "book_valuer_per_share": 9.6,
            "book_valuer_per_share_4q_avg": 10.92,
            "equity": 2031208,
            "current_ratio": 120.07,
            "debt_ratio": 54.25,
            "inventory_turnover_ratio": 1.44,
            "account_receivable_turnover_ratio": 0.78,
            "reinvestment_rate": null,
            "research_to_sale_ratio": 3.73,
            "price_fair": 1.8,
            "eps_avg_yearly": 0.6,
            "eps_latest_yearly": 0.6,
            "eps_growth_yearly": -177.78
        },
        "20172": {
            "year_quarter": 20172,
            "year": 2017,
            "quarter": 2,
            "eps": -0.99,
            "eps_growth_year": null,
            "eps_4q": -3.15,
            "eps_4q_growth_year": null,
            "roe": -10.72,
            "roe_4q": -30.68,
            "gross_profit": -97362,
            "gross_margin": -27.31,
            "gross_margin_4q_avg": -14.12,
            "net_income": -207279,
            "revenue": 356529,
            "common_shares": 2115976,
            "book_valuer_per_share": 8.68,
            "book_valuer_per_share_4q_avg": 10.04,
            "equity": 1836721,
            "current_ratio": 118.07,
            "debt_ratio": 56.7,
            "inventory_turnover_ratio": 1.46,
            "account_receivable_turnover_ratio": 0.71,
            "reinvestment_rate": null,
            "research_to_sale_ratio": 5.23,
            "price_fair": 1.8,
            "eps_avg_yearly": 0.6,
            "eps_latest_yearly": 0.6,
            "eps_growth_yearly": -177.78
        },
        "20173": {
            "year_quarter": 20173,
            "year": 2017,
            "quarter": 3,
            "eps": -0.56,
            "eps_growth_year": null,
            "eps_4q": -2.99,
            "eps_4q_growth_year": null,
            "roe": -6.63,
            "roe_4q": -31.160000000000004,
            "gross_profit": -82921,
            "gross_margin": -21.84,
            "gross_margin_4q_avg": -16.15,
            "net_income": -118197,
            "revenue": 379745,
            "common_shares": 2115136,
            "book_valuer_per_share": 8.18,
            "book_valuer_per_share_4q_avg": 9.25,
            "equity": 1730589,
            "current_ratio": 111.9,
            "debt_ratio": 58.05,
            "inventory_turnover_ratio": 1.55,
            "account_receivable_turnover_ratio": 0.77,
            "reinvestment_rate": null,
            "research_to_sale_ratio": 4.17,
            "price_fair": 1.8,
            "eps_avg_yearly": 0.6,
            "eps_latest_yearly": 0.6,
            "eps_growth_yearly": -177.78
        },
        "20174": {
            "year_quarter": 20174,
            "year": 2017,
            "quarter": 4,
            "eps": -0.66,
            "eps_growth_year": null,
            "eps_4q": -2.94,
            "eps_4q_growth_year": null,
            "roe": -8.47,
            "roe_4q": -33.12,
            "gross_profit": -92035,
            "gross_margin": -28.63,
            "gross_margin_4q_avg": -22.57,
            "net_income": -140646,
            "revenue": 321512,
            "common_shares": 2115136,
            "book_valuer_per_share": 7.53,
            "book_valuer_per_share_4q_avg": 8.5,
            "equity": 1592292,
            "current_ratio": 98.42,
            "debt_ratio": 60.17,
            "inventory_turnover_ratio": 1.26,
            "account_receivable_turnover_ratio": 0.61,
            "reinvestment_rate": null,
            "research_to_sale_ratio": 5.05,
            "price_fair": 1.8,
            "eps_avg_yearly": 0.6,
            "eps_latest_yearly": 0.6,
            "eps_growth_yearly": -177.78
        },
        "20181": {
            "year_quarter": 20181,
            "year": 2018,
            "quarter": 1,
            "eps": -0.59,
            "eps_growth_year": null,
            "eps_4q": -2.79,
            "eps_4q_growth_year": null,
            "roe": -8.15,
            "roe_4q": -33.97,
            "gross_profit": -101147,
            "gross_margin": -31.73,
            "gross_margin_4q_avg": -27.38,
            "net_income": -124866,
            "revenue": 318737,
            "common_shares": 2115146,
            "book_valuer_per_share": 6.95,
            "book_valuer_per_share_4q_avg": 7.84,
            "equity": 1470838,
            "current_ratio": 92.17,
            "debt_ratio": 61.21,
            "inventory_turnover_ratio": 1.14,
            "account_receivable_turnover_ratio": 0.69,
            "reinvestment_rate": null,
            "research_to_sale_ratio": 5.33,
            "price_fair": 1.8,
            "eps_avg_yearly": 0.6,
            "eps_latest_yearly": 0.6,
            "eps_growth_yearly": -177.78
        },
        "20182": {
            "year_quarter": 20182,
            "year": 2018,
            "quarter": 2,
            "eps": -0.51,
            "eps_growth_year": null,
            "eps_4q": -2.32,
            "eps_4q_growth_year": null,
            "roe": -7.72,
            "roe_4q": -30.970000000000002,
            "gross_profit": -80321,
            "gross_margin": -23.17,
            "gross_margin_4q_avg": -26.34,
            "net_income": -107114,
            "revenue": 346687,
            "common_shares": 2115146,
            "book_valuer_per_share": 6.17,
            "book_valuer_per_share_4q_avg": 7.21,
            "equity": 1304760,
            "current_ratio": 90.76,
            "debt_ratio": 63,
            "inventory_turnover_ratio": 1.3,
            "account_receivable_turnover_ratio": 0.83,
            "reinvestment_rate": null,
            "research_to_sale_ratio": 5.43,
            "price_fair": 1.8,
            "eps_avg_yearly": 0.6,
            "eps_latest_yearly": 0.6,
            "eps_growth_yearly": -177.78
        },
        "20183": {
            "year_quarter": 20183,
            "year": 2018,
            "quarter": 3,
            "eps": -0.67,
            "eps_growth_year": null,
            "eps_4q": -2.93,
            "eps_4q_growth_year": null,
            "roe": -8.86,
            "roe_4q": -33.199999999999996,
            "gross_profit": -64617,
            "gross_margin": -17.59,
            "gross_margin_4q_avg": -25.28,
            "net_income": -109587,
            "revenue": 367360,
            "common_shares": 1643319,
            "book_valuer_per_share": 7.12,
            "book_valuer_per_share_4q_avg": 6.94,
            "equity": 1169677,
            "current_ratio": 90.12,
            "debt_ratio": 65.97,
            "inventory_turnover_ratio": 1.58,
            "account_receivable_turnover_ratio": 0.78,
            "reinvestment_rate": null,
            "research_to_sale_ratio": 4.55,
            "price_fair": 0,
            "eps_avg_yearly": 0,
            "eps_latest_yearly": 0,
            "eps_growth_yearly": 0
        },
        "20184": {
            "year_quarter": 20184,
            "year": 2018,
            "quarter": 4,
            "eps": -0.66,
            "eps_growth_year": null,
            "eps_4q": -2.74,
            "eps_4q_growth_year": null,
            "roe": -9.57,
            "roe_4q": -34.3,
            "gross_profit": -83929,
            "gross_margin": -29.51,
            "gross_margin_4q_avg": -25.5,
            "net_income": -108213,
            "revenue": 284409,
            "common_shares": 1643132,
            "book_valuer_per_share": 6.65,
            "book_valuer_per_share_4q_avg": 6.72,
            "equity": 1092659,
            "current_ratio": 86.18,
            "debt_ratio": 65.75,
            "inventory_turnover_ratio": 1.4,
            "account_receivable_turnover_ratio": 0.64,
            "reinvestment_rate": null,
            "research_to_sale_ratio": 6.38,
            "price_fair": 0,
            "eps_avg_yearly": 0,
            "eps_latest_yearly": 0,
            "eps_growth_yearly": 0
        },
        "20191": {
            "year_quarter": 20191,
            "year": 2019,
            "quarter": 1,
            "eps": -0.78,
            "eps_growth_year": null,
            "eps_4q": -2.76,
            "eps_4q_growth_year": null,
            "roe": -12.21,
            "roe_4q": -38.36,
            "gross_profit": -64298,
            "gross_margin": -31.41,
            "gross_margin_4q_avg": -25.42,
            "net_income": -127960,
            "revenue": 204682,
            "common_shares": 1643132,
            "book_valuer_per_share": 6.11,
            "book_valuer_per_share_4q_avg": 6.51,
            "equity": 1003383,
            "current_ratio": 99.23,
            "debt_ratio": 69.02,
            "inventory_turnover_ratio": 1.22,
            "account_receivable_turnover_ratio": 0.49,
            "reinvestment_rate": null,
            "research_to_sale_ratio": 3,
            "price_fair": 0,
            "eps_avg_yearly": 0,
            "eps_latest_yearly": 0,
            "eps_growth_yearly": 0
        },
        "20192": {
            "year_quarter": 20192,
            "year": 2019,
            "quarter": 2,
            "eps": -0.51,
            "eps_growth_year": null,
            "eps_4q": -2.12,
            "eps_4q_growth_year": null,
            "roe": -8.1,
            "roe_4q": -38.74,
            "gross_profit": -38460,
            "gross_margin": -22.83,
            "gross_margin_4q_avg": -25.34,
            "net_income": -93047,
            "revenue": 168452,
            "common_shares": 2072852,
            "book_valuer_per_share": 6.25,
            "book_valuer_per_share_4q_avg": 6.53,
            "equity": 1294812,
            "current_ratio": 120.21,
            "debt_ratio": 62.1,
            "inventory_turnover_ratio": 1.19,
            "account_receivable_turnover_ratio": 0.44,
            "reinvestment_rate": null,
            "research_to_sale_ratio": 3.08,
            "price_fair": 0,
            "eps_avg_yearly": 0,
            "eps_latest_yearly": 0,
            "eps_growth_yearly": 0
        },
        "20193": {
            "year_quarter": 20193,
            "year": 2019,
            "quarter": 3,
            "eps": -0.47,
            "eps_growth_year": null,
            "eps_4q": -2.15,
            "eps_4q_growth_year": null,
            "roe": -9.61,
            "roe_4q": -39.49,
            "gross_profit": -48036,
            "gross_margin": -35.2,
            "gross_margin_4q_avg": -29.74,
            "net_income": -116901,
            "revenue": 136468,
            "common_shares": 2072666,
            "book_valuer_per_share": 5.49,
            "book_valuer_per_share_4q_avg": 6.13,
            "equity": 1137602,
            "current_ratio": 111.91,
            "debt_ratio": 63.85,
            "inventory_turnover_ratio": 1.25,
            "account_receivable_turnover_ratio": 0.53,
            "reinvestment_rate": null,
            "research_to_sale_ratio": 4.15,
            "price_fair": 0,
            "eps_avg_yearly": 0,
            "eps_latest_yearly": 0,
            "eps_growth_yearly": 0
        },
        "20194": {
            "year_quarter": 20194,
            "year": 2019,
            "quarter": 4,
            "eps": -2,
            "eps_growth_year": null,
            "eps_4q": -3.63,
            "eps_4q_growth_year": null,
            "roe": -44.71,
            "roe_4q": -74.63,
            "gross_profit": -52449,
            "gross_margin": -48.64,
            "gross_margin_4q_avg": -34.52,
            "net_income": -413588,
            "revenue": 107834,
            "common_shares": 2072619,
            "book_valuer_per_share": 3.44,
            "book_valuer_per_share_4q_avg": 5.32,
            "equity": 712540,
            "current_ratio": 104.06,
            "debt_ratio": 72.41,
            "inventory_turnover_ratio": 1.23,
            "account_receivable_turnover_ratio": 0.69,
            "reinvestment_rate": null,
            "research_to_sale_ratio": 6.89,
            "price_fair": 0,
            "eps_avg_yearly": 0,
            "eps_latest_yearly": 0,
            "eps_growth_yearly": 0
        },
        "20201": {
            "year_quarter": 20201,
            "year": 2020,
            "quarter": 1,
            "eps": -0.22,
            "eps_growth_year": null,
            "eps_4q": -3.23,
            "eps_4q_growth_year": null,
            "roe": -6.73,
            "roe_4q": -69.14999999999999,
            "gross_profit": -38325,
            "gross_margin": -45.84,
            "gross_margin_4q_avg": -38.13,
            "net_income": -45453,
            "revenue": 83610,
            "common_shares": 2072549,
            "book_valuer_per_share": 3.08,
            "book_valuer_per_share_4q_avg": 4.57,
            "equity": 639118,
            "current_ratio": 100.52,
            "debt_ratio": 73.65,
            "inventory_turnover_ratio": 1.06,
            "account_receivable_turnover_ratio": 0.72,
            "reinvestment_rate": null,
            "research_to_sale_ratio": 8.75,
            "price_fair": 0,
            "eps_avg_yearly": 0,
            "eps_latest_yearly": 0,
            "eps_growth_yearly": 0
        },
        "20202": {
            "year_quarter": 20202,
            "year": 2020,
            "quarter": 2,
            "eps": 0.01,
            "eps_growth_year": null,
            "eps_4q": -2.77,
            "eps_4q_growth_year": null,
            "roe": 0.29,
            "roe_4q": -60.76,
            "gross_profit": -34095,
            "gross_margin": -41.53,
            "gross_margin_4q_avg": -42.8,
            "net_income": 1848,
            "revenue": 82093,
            "common_shares": 2072549,
            "book_valuer_per_share": 3.06,
            "book_valuer_per_share_4q_avg": 3.77,
            "equity": 641994,
            "current_ratio": 157.84,
            "debt_ratio": 62.85,
            "inventory_turnover_ratio": 1.19,
            "account_receivable_turnover_ratio": 0.81,
            "reinvestment_rate": null,
            "research_to_sale_ratio": 8.97,
            "price_fair": 0,
            "eps_avg_yearly": 0,
            "eps_latest_yearly": 0,
            "eps_growth_yearly": 0
        },
        "20203": {
            "year_quarter": 20203,
            "year": 2020,
            "quarter": 3,
            "eps": -0.03,
            "eps_growth_year": null,
            "eps_4q": -5.28,
            "eps_4q_growth_year": null,
            "roe": -0.82,
            "roe_4q": -51.97,
            "gross_profit": -36818,
            "gross_margin": -42.75,
            "gross_margin_4q_avg": -44.69,
            "net_income": -5128,
            "revenue": 86123,
            "common_shares": 870893,
            "book_valuer_per_share": 6.74,
            "book_valuer_per_share_4q_avg": 4.08,
            "equity": 605918,
            "current_ratio": 173.39,
            "debt_ratio": 62.25,
            "inventory_turnover_ratio": 1.32,
            "account_receivable_turnover_ratio": 0.81,
            "reinvestment_rate": null,
            "research_to_sale_ratio": 11.35,
            "price_fair": 0,
            "eps_avg_yearly": 0,
            "eps_latest_yearly": 0,
            "eps_growth_yearly": 0
        },
        "20204": {
            "year_quarter": 20204,
            "year": 2020,
            "quarter": 4,
            "eps": -0.94,
            "eps_growth_year": null,
            "eps_4q": -1.46,
            "eps_4q_growth_year": null,
            "roe": -14.95,
            "roe_4q": -22.21,
            "gross_profit": -24058,
            "gross_margin": -20.18,
            "gross_margin_4q_avg": -37.58,
            "net_income": -84862,
            "revenue": 119230,
            "common_shares": 870893,
            "book_valuer_per_share": 5.89,
            "book_valuer_per_share_4q_avg": 4.69,
            "equity": 528991,
            "current_ratio": 109.36,
            "debt_ratio": 64.98,
            "inventory_turnover_ratio": 1.51,
            "account_receivable_turnover_ratio": 0.81,
            "reinvestment_rate": null,
            "research_to_sale_ratio": 7.16,
            "price_fair": 0,
            "eps_avg_yearly": 0,
            "eps_latest_yearly": 0,
            "eps_growth_yearly": 0
        },
        "20211": {
            "year_quarter": 20211,
            "year": 2021,
            "quarter": 1,
            "eps": -0.41,
            "eps_growth_year": null,
            "eps_4q": -1.35,
            "eps_4q_growth_year": null,
            "roe": -7.48,
            "roe_4q": -22.96,
            "gross_profit": -8251,
            "gross_margin": -6.26,
            "gross_margin_4q_avg": -27.68,
            "net_income": -37994,
            "revenue": 131870,
            "common_shares": 870893,
            "book_valuer_per_share": 5.43,
            "book_valuer_per_share_4q_avg": 5.28,
            "equity": 486311,
            "current_ratio": 105.11,
            "debt_ratio": 68.62,
            "inventory_turnover_ratio": 1.38,
            "account_receivable_turnover_ratio": 0.71,
            "reinvestment_rate": null,
            "research_to_sale_ratio": 5.6,
            "price_fair": 0,
            "eps_avg_yearly": 0,
            "eps_latest_yearly": 0,
            "eps_growth_yearly": 0
        },
        "20212": {
            "year_quarter": 20212,
            "year": 2021,
            "quarter": 2,
            "eps": -0.37,
            "eps_growth_year": -3800,
            "eps_4q": -1.72,
            "eps_4q_growth_year": null,
            "roe": -7.14,
            "roe_4q": -30.39,
            "gross_profit": -3206,
            "gross_margin": -2.3,
            "gross_margin_4q_avg": -17.87,
            "net_income": -32582,
            "revenue": 139396,
            "common_shares": 880893,
            "book_valuer_per_share": 4.7,
            "book_valuer_per_share_4q_avg": 5.69,
            "equity": 426102,
            "current_ratio": 64.02,
            "debt_ratio": 70.04,
            "inventory_turnover_ratio": 1.46,
            "account_receivable_turnover_ratio": 0.76,
            "reinvestment_rate": null,
            "research_to_sale_ratio": 5,
            "price_fair": 0,
            "eps_avg_yearly": 0,
            "eps_latest_yearly": 0,
            "eps_growth_yearly": 0
        },
        "20213": {
            "year_quarter": 20213,
            "year": 2021,
            "quarter": 3,
            "eps": -0.08,
            "eps_growth_year": null,
            "eps_4q": -1.77,
            "eps_4q_growth_year": null,
            "roe": -1.96,
            "roe_4q": -31.529999999999998,
            "gross_profit": -8790,
            "gross_margin": -6.62,
            "gross_margin_4q_avg": -8.84,
            "net_income": -8200,
            "revenue": 132797,
            "common_shares": 880893,
            "book_valuer_per_share": 4.6,
            "book_valuer_per_share_4q_avg": 5.16,
            "equity": 412078,
            "current_ratio": 61.36,
            "debt_ratio": 69.84,
            "inventory_turnover_ratio": 1.75,
            "account_receivable_turnover_ratio": 0.74,
            "reinvestment_rate": null,
            "research_to_sale_ratio": 7.67,
            "price_fair": 0,
            "eps_avg_yearly": 0,
            "eps_latest_yearly": 0,
            "eps_growth_yearly": 0
        },
        "20214": {
            "year_quarter": 20214,
            "year": 2021,
            "quarter": 4,
            "eps": -2.69,
            "eps_growth_year": null,
            "eps_4q": -3.53,
            "eps_4q_growth_year": null,
            "roe": -78.87,
            "roe_4q": -95.45,
            "gross_profit": -22554,
            "gross_margin": -19.2,
            "gross_margin_4q_avg": -8.6,
            "net_income": -238527,
            "revenue": 117474,
            "common_shares": 880893,
            "book_valuer_per_share": 2.13,
            "book_valuer_per_share_4q_avg": 4.22,
            "equity": 192797,
            "current_ratio": 54.23,
            "debt_ratio": 84.53,
            "inventory_turnover_ratio": 2.08,
            "account_receivable_turnover_ratio": 0.64,
            "reinvestment_rate": null,
            "research_to_sale_ratio": 8.79,
            "price_fair": 0,
            "eps_avg_yearly": 0,
            "eps_latest_yearly": 0,
            "eps_growth_yearly": 0
        },
        "20221": {
            "year_quarter": 20221,
            "year": 2022,
            "quarter": 1,
            "eps": -0.44,
            "eps_growth_year": null,
            "eps_4q": -3.57,
            "eps_4q_growth_year": null,
            "roe": -21.54,
            "roe_4q": -109.50999999999999,
            "gross_profit": -7605,
            "gross_margin": -6.95,
            "gross_margin_4q_avg": -8.77,
            "net_income": -38264,
            "revenue": 109370,
            "common_shares": 880193,
            "book_valuer_per_share": 1.75,
            "book_valuer_per_share_4q_avg": 3.3,
            "equity": 162453,
            "current_ratio": 50.7,
            "debt_ratio": 86.6,
            "inventory_turnover_ratio": 1.58,
            "account_receivable_turnover_ratio": 0.61,
            "reinvestment_rate": null,
            "research_to_sale_ratio": 10.97,
            "price_fair": 0,
            "eps_avg_yearly": 0,
            "eps_latest_yearly": 0,
            "eps_growth_yearly": 0
        },
        "20222": {
            "year_quarter": 20222,
            "year": 2022,
            "quarter": 2,
            "eps": -0.45,
            "eps_growth_year": null,
            "eps_4q": -3.65,
            "eps_4q_growth_year": null,
            "roe": -28.66,
            "roe_4q": -131.03,
            "gross_profit": -12169,
            "gross_margin": -11.69,
            "gross_margin_4q_avg": -11.12,
            "net_income": -39790,
            "revenue": 104111,
            "common_shares": 879093,
            "book_valuer_per_share": 1.22,
            "book_valuer_per_share_4q_avg": 2.43,
            "equity": 115178,
            "current_ratio": 54.46,
            "debt_ratio": 90.59,
            "inventory_turnover_ratio": 1.25,
            "account_receivable_turnover_ratio": 0.64,
            "reinvestment_rate": null,
            "research_to_sale_ratio": 9.4,
            "price_fair": 0,
            "eps_avg_yearly": 0,
            "eps_latest_yearly": 0,
            "eps_growth_yearly": 0
        },
        "20223": {
            "year_quarter": 20223,
            "year": 2022,
            "quarter": 3,
            "eps": -1.14,
            "eps_growth_year": null,
            "eps_4q": -8.28,
            "eps_4q_growth_year": null,
            "roe": -58.53,
            "roe_4q": -187.6,
            "gross_profit": -20951,
            "gross_margin": -32.48,
            "gross_margin_4q_avg": -17.58,
            "net_income": -50022,
            "revenue": 64501,
            "common_shares": 439142,
            "book_valuer_per_share": 1.1,
            "book_valuer_per_share_4q_avg": 1.55,
            "equity": 55736,
            "current_ratio": 42.31,
            "debt_ratio": 94.72,
            "inventory_turnover_ratio": 0.84,
            "account_receivable_turnover_ratio": 0.53,
            "reinvestment_rate": null,
            "research_to_sale_ratio": 17.12,
            "price_fair": 0,
            "eps_avg_yearly": 0,
            "eps_latest_yearly": 0,
            "eps_growth_yearly": 0
        },
        "20224": {
            "year_quarter": 20224,
            "year": 2022,
            "quarter": 4,
            "eps": -0.41,
            "eps_growth_year": null,
            "eps_4q": -3.3,
            "eps_4q_growth_year": null,
            "roe": -40.88,
            "roe_4q": -149.60999999999999,
            "gross_profit": -9864,
            "gross_margin": -17.18,
            "gross_margin_4q_avg": -17.08,
            "net_income": -18778,
            "revenue": 57406,
            "common_shares": 439002,
            "book_valuer_per_share": 0.67,
            "book_valuer_per_share_4q_avg": 1.19,
            "equity": 36131,
            "current_ratio": 49.43,
            "debt_ratio": 96.26,
            "inventory_turnover_ratio": 0.74,
            "account_receivable_turnover_ratio": 0.67,
            "reinvestment_rate": null,
            "research_to_sale_ratio": 14.55,
            "price_fair": 0,
            "eps_avg_yearly": 0,
            "eps_latest_yearly": 0,
            "eps_growth_yearly": 0
        },
        "20231": {
            "year_quarter": 20231,
            "year": 2023,
            "quarter": 1,
            "eps": -0.44,
            "eps_growth_year": null,
            "eps_4q": -2.88,
            "eps_4q_growth_year": null,
            "roe": -67.91,
            "roe_4q": -195.98,
            "gross_profit": -17612,
            "gross_margin": -58.31,
            "gross_margin_4q_avg": -29.92,
            "net_income": -19580,
            "revenue": 30206,
            "common_shares": 439002,
            "book_valuer_per_share": 0.34,
            "book_valuer_per_share_4q_avg": 0.83,
            "equity": 21532,
            "current_ratio": 61.36,
            "debt_ratio": 97.4,
            "inventory_turnover_ratio": 1.04,
            "account_receivable_turnover_ratio": 0.56,
            "reinvestment_rate": null,
            "research_to_sale_ratio": 29.45,
            "price_fair": 0,
            "eps_avg_yearly": 0,
            "eps_latest_yearly": 0,
            "eps_growth_yearly": 0
        },
        "20232": {
            "year_quarter": 20232,
            "year": 2023,
            "quarter": 2,
            "eps": 4.88,
            "eps_growth_year": null,
            "eps_4q": 2.87,
            "eps_4q_growth_year": null,
            "roe": 153.76,
            "roe_4q": -13.56000000000001,
            "gross_profit": -20133,
            "gross_margin": -98.86,
            "gross_margin_4q_avg": -51.71,
            "net_income": 213014,
            "revenue": 20366,
            "common_shares": 439002,
            "book_valuer_per_share": 5.82,
            "book_valuer_per_share_4q_avg": 1.98,
            "equity": 255547,
            "current_ratio": 97.3,
            "debt_ratio": 61.43,
            "inventory_turnover_ratio": 3,
            "account_receivable_turnover_ratio": 1.15,
            "reinvestment_rate": null,
            "research_to_sale_ratio": 34.37,
            "price_fair": 0,
            "eps_avg_yearly": 0,
            "eps_latest_yearly": 0,
            "eps_growth_yearly": 0
        }
    },
    "months": {
        "2010-06": {
            "month": "2010-06",
            "price": "65.18",
            "revenue": 144860
        },
        "2010-07": {
            "month": "2010-07",
            "price": "68.09",
            "revenue": 169534
        },
        "2010-08": {
            "month": "2010-08",
            "price": "62.91",
            "revenue": 185284
        },
        "2010-09": {
            "month": "2010-09",
            "price": "63.88",
            "revenue": 212889
        },
        "2010-10": {
            "month": "2010-10",
            "price": "59.56",
            "revenue": 193448
        },
        "2010-11": {
            "month": "2010-11",
            "price": "60.22",
            "revenue": 229530
        },
        "2010-12": {
            "month": "2010-12",
            "price": "77.22",
            "revenue": 185966
        },
        "2011-01": {
            "month": "2011-01",
            "price": "91.28",
            "revenue": 263941
        },
        "2011-02": {
            "month": "2011-02",
            "price": "89.07",
            "revenue": 300986
        },
        "2011-03": {
            "month": "2011-03",
            "price": "90.75",
            "revenue": 346485
        },
        "2011-04": {
            "month": "2011-04",
            "price": "89.00",
            "revenue": 270183
        },
        "2011-05": {
            "month": "2011-05",
            "price": "72.50",
            "revenue": 222971
        },
        "2011-06": {
            "month": "2011-06",
            "price": "59.21",
            "revenue": 134796
        },
        "2011-07": {
            "month": "2011-07",
            "price": "45.24",
            "revenue": 196307
        },
        "2011-08": {
            "month": "2011-08",
            "price": "28.94",
            "revenue": 109460
        },
        "2011-09": {
            "month": "2011-09",
            "price": "20.98",
            "revenue": 75405
        },
        "2011-10": {
            "month": "2011-10",
            "price": "22.84",
            "revenue": 100403
        },
        "2011-11": {
            "month": "2011-11",
            "price": "18.34",
            "revenue": 96928
        },
        "2011-12": {
            "month": "2011-12",
            "price": "17.25",
            "revenue": 138509
        },
        "2012-01": {
            "month": "2012-01",
            "price": "22.23",
            "revenue": 81663
        },
        "2012-02": {
            "month": "2012-02",
            "price": "32.62",
            "revenue": 116348
        },
        "2012-03": {
            "month": "2012-03",
            "price": "33.15",
            "revenue": 163684
        },
        "2012-04": {
            "month": "2012-04",
            "price": "30.49",
            "revenue": 158051
        },
        "2012-05": {
            "month": "2012-05",
            "price": "30.89",
            "revenue": 162492
        },
        "2012-06": {
            "month": "2012-06",
            "price": "27.88",
            "revenue": 165198
        },
        "2012-07": {
            "month": "2012-07",
            "price": "24.85",
            "revenue": 129735
        },
        "2012-08": {
            "month": "2012-08",
            "price": "22.51",
            "revenue": 89704
        },
        "2012-09": {
            "month": "2012-09",
            "price": "27.26",
            "revenue": 98579
        },
        "2012-10": {
            "month": "2012-10",
            "price": "24.63",
            "revenue": 71628
        },
        "2012-11": {
            "month": "2012-11",
            "price": "21.56",
            "revenue": 64951
        },
        "2012-12": {
            "month": "2012-12",
            "price": "22.86",
            "revenue": 28323
        },
        "2013-01": {
            "month": "2013-01",
            "price": "25.20",
            "revenue": 118501
        },
        "2013-02": {
            "month": "2013-02",
            "price": "24.98",
            "revenue": 140026
        },
        "2013-03": {
            "month": "2013-03",
            "price": "27.37",
            "revenue": 158822
        },
        "2013-04": {
            "month": "2013-04",
            "price": "27.32",
            "revenue": 175990
        },
        "2013-05": {
            "month": "2013-05",
            "price": "28.21",
            "revenue": 202678
        },
        "2013-06": {
            "month": "2013-06",
            "price": "29.21",
            "revenue": 205126
        },
        "2013-07": {
            "month": "2013-07",
            "price": "27.70",
            "revenue": 164727
        },
        "2013-08": {
            "month": "2013-08",
            "price": "24.94",
            "revenue": 169526
        },
        "2013-09": {
            "month": "2013-09",
            "price": "25.40",
            "revenue": 174703
        },
        "2013-10": {
            "month": "2013-10",
            "price": "24.49",
            "revenue": 158681
        },
        "2013-11": {
            "month": "2013-11",
            "price": "22.32",
            "revenue": 143108
        },
        "2013-12": {
            "month": "2013-12",
            "price": "25.42",
            "revenue": 160851
        },
        "2014-01": {
            "month": "2014-01",
            "price": "28.79",
            "revenue": 182705
        },
        "2014-02": {
            "month": "2014-02",
            "price": "36.18",
            "revenue": 203465
        },
        "2014-03": {
            "month": "2014-03",
            "price": "38.07",
            "revenue": 225663
        },
        "2014-04": {
            "month": "2014-04",
            "price": "35.23",
            "revenue": 232548
        },
        "2014-05": {
            "month": "2014-05",
            "price": "31.13",
            "revenue": 224650
        },
        "2014-06": {
            "month": "2014-06",
            "price": "35.27",
            "revenue": 239978
        },
        "2014-07": {
            "month": "2014-07",
            "price": "34.20",
            "revenue": 240782
        },
        "2014-08": {
            "month": "2014-08",
            "price": "30.30",
            "revenue": 247541
        },
        "2014-09": {
            "month": "2014-09",
            "price": "29.40",
            "revenue": 252354
        },
        "2014-10": {
            "month": "2014-10",
            "price": "24.99",
            "revenue": 170675
        },
        "2014-11": {
            "month": "2014-11",
            "price": "23.78",
            "revenue": 145414
        },
        "2014-12": {
            "month": "2014-12",
            "price": "25.80",
            "revenue": 157147
        },
        "2015-01": {
            "month": "2015-01",
            "price": "25.59",
            "revenue": 190494
        },
        "2015-02": {
            "month": "2015-02",
            "price": "24.22",
            "revenue": 192108
        },
        "2015-03": {
            "month": "2015-03",
            "price": "29.50",
            "revenue": 208212
        },
        "2015-04": {
            "month": "2015-04",
            "price": "26.88",
            "revenue": 200537
        },
        "2015-05": {
            "month": "2015-05",
            "price": "20.70",
            "revenue": 201264
        },
        "2015-06": {
            "month": "2015-06",
            "price": "17.78",
            "revenue": 231665
        },
        "2015-07": {
            "month": "2015-07",
            "price": "16.21",
            "revenue": 226342
        },
        "2015-08": {
            "month": "2015-08",
            "price": "10.79",
            "revenue": 168529
        },
        "2015-09": {
            "month": "2015-09",
            "price": "11.07",
            "revenue": 150072
        },
        "2015-10": {
            "month": "2015-10",
            "price": "12.35",
            "revenue": 143953
        },
        "2015-11": {
            "month": "2015-11",
            "price": "12.50",
            "revenue": 125000
        },
        "2015-12": {
            "month": "2015-12",
            "price": "12.40",
            "revenue": 143142
        },
        "2016-01": {
            "month": "2016-01",
            "price": "10.71",
            "revenue": 139195
        },
        "2016-02": {
            "month": "2016-02",
            "price": "10.68",
            "revenue": 100161
        },
        "2016-03": {
            "month": "2016-03",
            "price": "10.52",
            "revenue": 90126
        },
        "2016-04": {
            "month": "2016-04",
            "price": "8.98",
            "revenue": 115858
        },
        "2016-05": {
            "month": "2016-05",
            "price": "7.30",
            "revenue": 106167
        },
        "2016-06": {
            "month": "2016-06",
            "price": "7.21",
            "revenue": 110335
        },
        "2016-07": {
            "month": "2016-07",
            "price": "7.72",
            "revenue": 137443
        },
        "2016-08": {
            "month": "2016-08",
            "price": "7.29",
            "revenue": 163185
        },
        "2016-09": {
            "month": "2016-09",
            "price": "8.05",
            "revenue": 163938
        },
        "2016-10": {
            "month": "2016-10",
            "price": "8.56",
            "revenue": 144921
        },
        "2016-11": {
            "month": "2016-11",
            "price": "7.39",
            "revenue": 154417
        },
        "2016-12": {
            "month": "2016-12",
            "price": "7.97",
            "revenue": 157542
        },
        "2017-01": {
            "month": "2017-01",
            "price": "8.95",
            "revenue": 155606
        },
        "2017-02": {
            "month": "2017-02",
            "price": "10.20",
            "revenue": 154472
        },
        "2017-03": {
            "month": "2017-03",
            "price": "10.01",
            "revenue": 128778
        },
        "2017-04": {
            "month": "2017-04",
            "price": "10.74",
            "revenue": 116373
        },
        "2017-05": {
            "month": "2017-05",
            "price": "9.65",
            "revenue": 120041
        },
        "2017-06": {
            "month": "2017-06",
            "price": "9.19",
            "revenue": 120114
        },
        "2017-07": {
            "month": "2017-07",
            "price": "8.91",
            "revenue": 125682
        },
        "2017-08": {
            "month": "2017-08",
            "price": "8.46",
            "revenue": 126799
        },
        "2017-09": {
            "month": "2017-09",
            "price": "10.40",
            "revenue": 127265
        },
        "2017-10": {
            "month": "2017-10",
            "price": "16.37",
            "revenue": 116040
        },
        "2017-11": {
            "month": "2017-11",
            "price": "16.00",
            "revenue": 103537
        },
        "2017-12": {
            "month": "2017-12",
            "price": "14.60",
            "revenue": 101934
        },
        "2018-01": {
            "month": "2018-01",
            "price": "15.21",
            "revenue": 104175
        },
        "2018-02": {
            "month": "2018-02",
            "price": "14.44",
            "revenue": 100267
        },
        "2018-03": {
            "month": "2018-03",
            "price": "15.04",
            "revenue": 114295
        },
        "2018-04": {
            "month": "2018-04",
            "price": "15.10",
            "revenue": 115592
        },
        "2018-05": {
            "month": "2018-05",
            "price": "14.01",
            "revenue": 110686
        },
        "2018-06": {
            "month": "2018-06",
            "price": "20.69",
            "revenue": 120409
        },
        "2018-07": {
            "month": "2018-07",
            "price": "19.90",
            "revenue": 124211
        },
        "2018-08": {
            "month": "2018-08",
            "price": "16.82",
            "revenue": 120293
        },
        "2018-09": {
            "month": "2018-09",
            "price": "15.56",
            "revenue": 122856
        },
        "2018-10": {
            "month": "2018-10",
            "price": "12.99",
            "revenue": 115993
        },
        "2018-11": {
            "month": "2018-11",
            "price": "13.34",
            "revenue": 105115
        },
        "2018-12": {
            "month": "2018-12",
            "price": "12.86",
            "revenue": 72362
        },
        "2019-01": {
            "month": "2019-01",
            "price": "12.21",
            "revenue": 79943
        },
        "2019-02": {
            "month": "2019-02",
            "price": "12.80",
            "revenue": 68568
        },
        "2019-03": {
            "month": "2019-03",
            "price": "13.18",
            "revenue": 56172
        },
        "2019-04": {
            "month": "2019-04",
            "price": "12.28",
            "revenue": 54140
        },
        "2019-05": {
            "month": "2019-05",
            "price": "11.31",
            "revenue": 62477
        },
        "2019-06": {
            "month": "2019-06",
            "price": "12.15",
            "revenue": 51834
        },
        "2019-07": {
            "month": "2019-07",
            "price": "12.12",
            "revenue": 46239
        },
        "2019-08": {
            "month": "2019-08",
            "price": "11.00",
            "revenue": 40692
        },
        "2019-09": {
            "month": "2019-09",
            "price": "10.93",
            "revenue": 49537
        },
        "2019-10": {
            "month": "2019-10",
            "price": "10.36",
            "revenue": 43346
        },
        "2019-11": {
            "month": "2019-11",
            "price": "10.08",
            "revenue": 40092
        },
        "2019-12": {
            "month": "2019-12",
            "price": "11.17",
            "revenue": 24396
        },
        "2020-01": {
            "month": "2020-01",
            "price": "11.20",
            "revenue": 29450
        },
        "2020-02": {
            "month": "2020-02",
            "price": "13.88",
            "revenue": 25034
        },
        "2020-03": {
            "month": "2020-03",
            "price": "12.89",
            "revenue": 29126
        },
        "2020-04": {
            "month": "2020-04",
            "price": "8.64",
            "revenue": 30713
        },
        "2020-05": {
            "month": "2020-05",
            "price": "8.89",
            "revenue": 24762
        },
        "2020-06": {
            "month": "2020-06",
            "price": "9.05",
            "revenue": 26618
        },
        "2020-07": {
            "month": "2020-07",
            "price": "11.37",
            "revenue": 27035
        },
        "2020-08": {
            "month": "2020-08",
            "price": "12.73",
            "revenue": 27268
        },
        "2020-09": {
            "month": "2020-09",
            "price": "16.46",
            "revenue": 31820
        },
        "2020-10": {
            "month": "2020-10",
            "price": "28.69",
            "revenue": 34149
        },
        "2020-11": {
            "month": "2020-11",
            "price": "26.92",
            "revenue": 41099
        },
        "2020-12": {
            "month": "2020-12",
            "price": "33.08",
            "revenue": 43982
        },
        "2021-01": {
            "month": "2021-01",
            "price": "32.18",
            "revenue": 44783
        },
        "2021-02": {
            "month": "2021-02",
            "price": "33.11",
            "revenue": 45023
        },
        "2021-03": {
            "month": "2021-03",
            "price": "40.73",
            "revenue": 42064
        },
        "2021-04": {
            "month": "2021-04",
            "price": "38.84",
            "revenue": 46239
        },
        "2021-05": {
            "month": "2021-05",
            "price": "31.06",
            "revenue": 46257
        },
        "2021-06": {
            "month": "2021-06",
            "price": "28.13",
            "revenue": 46900
        },
        "2021-07": {
            "month": "2021-07",
            "price": "28.76",
            "revenue": 47595
        },
        "2021-08": {
            "month": "2021-08",
            "price": "24.54",
            "revenue": 42487
        },
        "2021-09": {
            "month": "2021-09",
            "price": "26.06",
            "revenue": 42715
        },
        "2021-10": {
            "month": "2021-10",
            "price": "20.30",
            "revenue": 38453
        },
        "2021-11": {
            "month": "2021-11",
            "price": "21.06",
            "revenue": 38806
        },
        "2021-12": {
            "month": "2021-12",
            "price": "26.75",
            "revenue": 40215
        },
        "2022-01": {
            "month": "2022-01",
            "price": "26.92",
            "revenue": 38529
        },
        "2022-02": {
            "month": "2022-02",
            "price": "27.60",
            "revenue": 37044
        },
        "2022-03": {
            "month": "2022-03",
            "price": "22.46",
            "revenue": 33797
        },
        "2022-04": {
            "month": "2022-04",
            "price": "16.00",
            "revenue": 37293
        },
        "2022-05": {
            "month": "2022-05",
            "price": "11.34",
            "revenue": 43263
        },
        "2022-06": {
            "month": "2022-06",
            "price": "11.13",
            "revenue": 23555
        },
        "2022-07": {
            "month": "2022-07",
            "price": "9.00",
            "revenue": 28267
        },
        "2022-08": {
            "month": "2022-08",
            "price": "9.75",
            "revenue": 22381
        },
        "2022-09": {
            "month": "2022-09",
            "price": "18.38",
            "revenue": 13853
        },
        "2022-10": {
            "month": "2022-10",
            "price": "16.53",
            "revenue": 17780
        },
        "2022-11": {
            "month": "2022-11",
            "price": "12.41",
            "revenue": 20259
        },
        "2022-12": {
            "month": "2022-12",
            "price": "12.07",
            "revenue": 19367
        },
        "2023-01": {
            "month": "2023-01",
            "price": "12.51",
            "revenue": 8505
        },
        "2023-02": {
            "month": "2023-02",
            "price": "12.82",
            "revenue": 9038
        },
        "2023-03": {
            "month": "2023-03",
            "price": "12.26",
            "revenue": 12663
        },
        "2023-04": {
            "month": "2023-04",
            "price": "12.52",
            "revenue": 15655
        },
        "2023-05": {
            "month": "2023-05",
            "price": "9.62",
            "revenue": 838
        },
        "2023-06": {
            "month": "2023-06",
            "price": "9.58",
            "revenue": 3873
        },
        "2023-07": {
            "month": "2023-07",
            "price": "9.70",
            "revenue": 3640
        },
        "2023-08": {
            "month": "2023-08",
            "price": "11.81",
            "revenue": 2517
        }
    }
}
