{
    "summary": {
        "stock_name": "辣椒",
        "stock_id": "4946",
        "category": "文化創意",
        "main_business": "資訊軟體服務業<br>資料處理服務業、一般廣告服務業<br>除許可業務外，得經營法令非禁止或限制之業務",
        "website_url": "http://www.wasabii.com.tw/",
        "ceo": "李亦華(執行長)",
        "pe_ratio": -4,
        "report_year_from": 2009,
        "report_year_to": 2023,
        "age": 15,
        "eps_negative_percentage": 60,
        "eps_growth_avg": {
            "last_all": -72.93,
            "last_2y": -100,
            "last_4y": -100,
            "last_8y": -98.92,
            "last_12y": -90.38,
            "last_16y": null,
            "last_20y": null,
            "at_2006_last_3y": null,
            "at_2007_last_3y": null,
            "at_2008_last_3y": null,
            "at_2009_last_3y": null,
            "at_2010_last_3y": null,
            "at_2011_last_3y": null,
            "at_2012_last_3y": null,
            "at_2013_last_3y": -46.94,
            "at_2014_last_3y": -77.56,
            "at_2015_last_3y": -100,
            "at_2016_last_3y": null,
            "at_2017_last_3y": null,
            "at_2018_last_3y": -96.76,
            "at_2019_last_3y": -98.38,
            "at_2020_last_3y": -98.38,
            "at_2021_last_3y": -98.38,
            "at_2022_last_3y": -100,
            "at_2023_last_3y": -100,
            "at_2024_last_3y": -100,
            "at_2006_last_all": null,
            "at_2007_last_all": null,
            "at_2008_last_all": null,
            "at_2009_last_all": null,
            "at_2010_last_all": null,
            "at_2011_last_all": -20.41,
            "at_2012_last_all": -46.94,
            "at_2013_last_all": -46.94,
            "at_2014_last_all": -46.94,
            "at_2015_last_all": -46.94,
            "at_2016_last_all": -46.94,
            "at_2017_last_all": -46.94,
            "at_2018_last_all": -59.4,
            "at_2019_last_all": -67.52,
            "at_2020_last_all": -67.52,
            "at_2021_last_all": -67.52,
            "at_2022_last_all": -72.93,
            "at_2023_last_all": -72.93,
            "at_2024_last_all": -72.93
        },
        "latest_eps": -13.46,
        "latest_price": 55.7,
        "latest_roe": -188.22,
        "latest_gross_margin": -45.16,
        "latest_equity": 56512,
        "latest_revenue": 7928,
        "latest_gross_profit": -3580,
        "latest_net_income": -26636,
        "latest_debt_ratio": 66,
        "latest_current_ratio": 118.86,
        "latest_account_receivable_turnover_ratio": 2.13,
        "latest_inventory_turnover_ratio": 6.39,
        "latest_reinvestment_rate": null,
        "latest_research_to_sale_ratio": null
    },
    "eps_dividends": {
        "2001": {
            "cash": 0,
            "stock": 0,
            "eps": 0
        },
        "2002": {
            "cash": 0,
            "stock": 0,
            "eps": 0
        },
        "2003": {
            "cash": 0,
            "stock": 0,
            "eps": 0
        },
        "2004": {
            "cash": 0,
            "stock": 0,
            "eps": 0
        },
        "2005": {
            "cash": 0,
            "stock": 0,
            "eps": 0
        },
        "2006": {
            "cash": 0,
            "stock": 0,
            "eps": 0
        },
        "2007": {
            "cash": 0,
            "stock": 0,
            "eps": 0
        },
        "2008": {
            "cash": 0,
            "stock": 0,
            "eps": 0
        },
        "2009": {
            "cash": 0,
            "stock": 0,
            "eps": 1.54
        },
        "2010": {
            "cash": 0,
            "stock": 0,
            "eps": 1.76
        },
        "2011": {
            "cash": 2,
            "stock": 1,
            "eps": 0.79
        },
        "2012": {
            "cash": 1,
            "stock": 0,
            "eps": -2.64
        },
        "2013": {
            "cash": 0.5,
            "stock": 0,
            "eps": -2.19
        },
        "2014": {
            "cash": 0.5,
            "stock": 0,
            "eps": -3.6
        },
        "2015": {
            "cash": 0,
            "stock": 0,
            "eps": -16
        },
        "2016": {
            "cash": 0,
            "stock": 0,
            "eps": -2.4
        },
        "2017": {
            "cash": 0,
            "stock": 0,
            "eps": 2.78
        },
        "2018": {
            "cash": 0.5,
            "stock": 0,
            "eps": 0.09
        },
        "2019": {
            "cash": 0,
            "stock": 0,
            "eps": -7.11
        },
        "2020": {
            "cash": 0,
            "stock": 0,
            "eps": -3.59
        },
        "2021": {
            "cash": 0,
            "stock": 0,
            "eps": 1.8
        },
        "2022": {
            "cash": 0,
            "stock": 0,
            "eps": -7.92
        },
        "2023": {
            "cash": 0,
            "stock": 0,
            "eps": -5.48
        }
    },
    "dividends": {
        "2011-04-26": {
            "cash": 2,
            "stock": 1
        },
        "2012-05-08": {
            "cash": 1,
            "stock": 0
        },
        "2013-06-28": {
            "cash": 0.5,
            "stock": 0
        },
        "2014-08-13": {
            "cash": 0.5,
            "stock": 0
        },
        "2018-08-02": {
            "cash": 0.5,
            "stock": 0
        }
    },
    "prices": {
        "200101": "無",
        "200102": "無",
        "200103": "無",
        "200104": "無",
        "200105": "無",
        "200106": "無",
        "200107": "無",
        "200108": "無",
        "200109": "無",
        "200110": "無",
        "200111": "無",
        "200112": "無",
        "200201": "無",
        "200202": "無",
        "200203": "無",
        "200204": "無",
        "200205": "無",
        "200206": "無",
        "200207": "無",
        "200208": "無",
        "200209": "無",
        "200210": "無",
        "200211": "無",
        "200212": "無",
        "200301": "無",
        "200302": "無",
        "200303": "無",
        "200304": "無",
        "200305": "無",
        "200306": "無",
        "200307": "無",
        "200308": "無",
        "200309": "無",
        "200310": "無",
        "200311": "無",
        "200312": "無",
        "200401": "無",
        "200402": "無",
        "200403": "無",
        "200404": "無",
        "200405": "無",
        "200406": "無",
        "200407": "無",
        "200408": "無",
        "200409": "無",
        "200410": "無",
        "200411": "無",
        "200412": "無",
        "200501": "無",
        "200502": "無",
        "200503": "無",
        "200504": "無",
        "200505": "無",
        "200506": "無",
        "200507": "無",
        "200508": "無",
        "200509": "無",
        "200510": "無",
        "200511": "無",
        "200512": "無",
        "200601": "無",
        "200602": "無",
        "200603": "無",
        "200604": "無",
        "200605": "無",
        "200606": "無",
        "200607": "無",
        "200608": "無",
        "200609": "無",
        "200610": "無",
        "200611": "無",
        "200612": "無",
        "200701": "無",
        "200702": "無",
        "200703": "無",
        "200704": "無",
        "200705": "無",
        "200706": "無",
        "200707": "無",
        "200708": "無",
        "200709": "無",
        "200710": "無",
        "200711": "無",
        "200712": "無",
        "200801": "無",
        "200802": "無",
        "200803": "無",
        "200804": "無",
        "200805": "無",
        "200806": "無",
        "200807": "無",
        "200808": "無",
        "200809": "無",
        "200810": "無",
        "200811": "無",
        "200812": "無",
        "200901": "無",
        "200902": "無",
        "200903": "無",
        "200904": "無",
        "200905": "無",
        "200906": "無",
        "200907": "無",
        "200908": "無",
        "200909": "無",
        "200910": "無",
        "200911": "無",
        "200912": "無",
        "201001": "無",
        "201002": "無",
        "201003": "無",
        "201004": "無",
        "201005": "164.58",
        "201006": "126.07",
        "201007": "119.95",
        "201008": "119.47",
        "201009": "118.58",
        "201010": "118.45",
        "201011": "105.90",
        "201012": "116.21",
        "201101": "122.12",
        "201102": "113.00",
        "201103": "109.74",
        "201104": "112.07",
        "201105": "126.92",
        "201106": "180.33",
        "201107": "151.55",
        "201108": "82.77",
        "201109": "64.39",
        "201110": "61.88",
        "201111": "53.70",
        "201112": "52.75",
        "201201": "63.79",
        "201202": "85.72",
        "201203": "80.37",
        "201204": "74.64",
        "201205": "83.92",
        "201206": "84.27",
        "201207": "75.36",
        "201208": "68.15",
        "201209": "59.06",
        "201210": "61.80",
        "201211": "66.66",
        "201212": "68.61",
        "201301": "67.84",
        "201302": "61.37",
        "201303": "57.60",
        "201304": "52.70",
        "201305": "54.26",
        "201306": "56.08",
        "201307": "53.10",
        "201308": "51.51",
        "201309": "49.12",
        "201310": "47.51",
        "201311": "42.19",
        "201312": "45.55",
        "201401": "71.86",
        "201402": "112.82",
        "201403": "108.93",
        "201404": "109.97",
        "201405": "101.30",
        "201406": "116.10",
        "201407": "99.97",
        "201408": "92.13",
        "201409": "85.05",
        "201410": "63.41",
        "201411": "60.01",
        "201412": "79.05",
        "201501": "80.00",
        "201502": "75.52",
        "201503": "70.49",
        "201504": "64.94",
        "201505": "61.17",
        "201506": "57.57",
        "201507": "49.08",
        "201508": "33.26",
        "201509": "33.60",
        "201510": "38.85",
        "201511": "38.35",
        "201512": "37.73",
        "201601": "33.60",
        "201602": "32.62",
        "201603": "35.91",
        "201604": "33.85",
        "201605": "29.12",
        "201606": "31.36",
        "201607": "31.08",
        "201608": "36.31",
        "201609": "32.16",
        "201610": "30.15",
        "201611": "28.55",
        "201612": "30.15",
        "201701": "31.32",
        "201702": "30.17",
        "201703": "29.25",
        "201704": "28.34",
        "201705": "32.17",
        "201706": "46.63",
        "201707": "41.82",
        "201708": "39.13",
        "201709": "43.12",
        "201710": "44.04",
        "201711": "44.18",
        "201712": "45.03",
        "201801": "45.65",
        "201802": "39.73",
        "201803": "38.52",
        "201804": "38.73",
        "201805": "39.68",
        "201806": "40.44",
        "201807": "37.36",
        "201808": "36.47",
        "201809": "37.65",
        "201810": "36.76",
        "201811": "35.41",
        "201812": "35.15",
        "201901": "34.38",
        "201902": "34.22",
        "201903": "34.74",
        "201904": "33.90",
        "201905": "30.86",
        "201906": "30.85",
        "201907": "31.23",
        "201908": "29.61",
        "201909": "29.70",
        "201910": "28.72",
        "201911": "27.92",
        "201912": "27.76",
        "202001": "27.28",
        "202002": "23.90",
        "202003": "20.37",
        "202004": "18.64",
        "202005": "16.97",
        "202006": "13.36",
        "202007": "12.40",
        "202008": "11.49",
        "202009": "11.77",
        "202010": "17.32",
        "202011": "23.99",
        "202012": "30.74",
        "202101": "41.02",
        "202102": "38.32",
        "202103": "39.76",
        "202104": "40.19",
        "202105": "39.62",
        "202106": "40.54",
        "202107": "37.17",
        "202108": "32.07",
        "202109": "29.14",
        "202110": "31.12",
        "202111": "33.08",
        "202112": "46.95",
        "202201": "73.95",
        "202202": "65.74",
        "202203": "79.27",
        "202204": "76.52",
        "202205": "65.68",
        "202206": "65.93",
        "202207": "53.43",
        "202208": "50.90",
        "202209": "49.74",
        "202210": "42.48",
        "202211": "44.97",
        "202212": "52.17",
        "202301": "50.86",
        "202302": "47.78",
        "202303": "44.24",
        "202304": "31.51",
        "202305": "25.74",
        "202306": "32.11",
        "202307": "26.41",
        "202308": "25.97",
        "202309": "27.98",
        "202310": "28.20",
        "202311": "45.23",
        "202312": "56.95"
    },
    "quarters": {
        "20011": {
            "year_quarter": 20011,
            "year": 2001,
            "quarter": 1,
            "eps": null,
            "eps_growth_year": null,
            "eps_4q": null,
            "eps_4q_growth_year": null,
            "roe": null,
            "roe_4q": 0,
            "gross_profit": null,
            "gross_margin": null,
            "gross_margin_4q_avg": 0,
            "net_income": null,
            "net_income_4q": null,
            "revenue": null,
            "revenue_4q": null,
            "common_shares": null,
            "book_valuer_per_share": null,
            "book_valuer_per_share_4q_avg": 0,
            "equity": null,
            "current_ratio": null,
            "debt_ratio": null,
            "inventory_turnover_ratio": null,
            "account_receivable_turnover_ratio": null,
            "reinvestment_rate": null,
            "research_to_sale_ratio": null,
            "price_fair": 0,
            "eps_avg_yearly": 0,
            "eps_latest_yearly": 0,
            "eps_growth_yearly": 0
        },
        "20012": {
            "year_quarter": 20012,
            "year": 2001,
            "quarter": 2,
            "eps": null,
            "eps_growth_year": null,
            "eps_4q": null,
            "eps_4q_growth_year": null,
            "roe": null,
            "roe_4q": 0,
            "gross_profit": null,
            "gross_margin": null,
            "gross_margin_4q_avg": 0,
            "net_income": null,
            "net_income_4q": null,
            "revenue": null,
            "revenue_4q": null,
            "common_shares": null,
            "book_valuer_per_share": null,
            "book_valuer_per_share_4q_avg": 0,
            "equity": null,
            "current_ratio": null,
            "debt_ratio": null,
            "inventory_turnover_ratio": null,
            "account_receivable_turnover_ratio": null,
            "reinvestment_rate": null,
            "research_to_sale_ratio": null,
            "price_fair": 0,
            "eps_avg_yearly": 0,
            "eps_latest_yearly": 0,
            "eps_growth_yearly": 0
        },
        "20013": {
            "year_quarter": 20013,
            "year": 2001,
            "quarter": 3,
            "eps": null,
            "eps_growth_year": null,
            "eps_4q": null,
            "eps_4q_growth_year": null,
            "roe": null,
            "roe_4q": 0,
            "gross_profit": null,
            "gross_margin": null,
            "gross_margin_4q_avg": 0,
            "net_income": null,
            "net_income_4q": null,
            "revenue": null,
            "revenue_4q": null,
            "common_shares": null,
            "book_valuer_per_share": null,
            "book_valuer_per_share_4q_avg": 0,
            "equity": null,
            "current_ratio": null,
            "debt_ratio": null,
            "inventory_turnover_ratio": null,
            "account_receivable_turnover_ratio": null,
            "reinvestment_rate": null,
            "research_to_sale_ratio": null,
            "price_fair": 0,
            "eps_avg_yearly": 0,
            "eps_latest_yearly": 0,
            "eps_growth_yearly": 0
        },
        "20014": {
            "year_quarter": 20014,
            "year": 2001,
            "quarter": 4,
            "eps": null,
            "eps_growth_year": null,
            "eps_4q": null,
            "eps_4q_growth_year": null,
            "roe": null,
            "roe_4q": 0,
            "gross_profit": null,
            "gross_margin": null,
            "gross_margin_4q_avg": 0,
            "net_income": null,
            "net_income_4q": null,
            "revenue": null,
            "revenue_4q": null,
            "common_shares": null,
            "book_valuer_per_share": null,
            "book_valuer_per_share_4q_avg": 0,
            "equity": null,
            "current_ratio": null,
            "debt_ratio": null,
            "inventory_turnover_ratio": null,
            "account_receivable_turnover_ratio": null,
            "reinvestment_rate": null,
            "research_to_sale_ratio": null,
            "price_fair": 0,
            "eps_avg_yearly": 0,
            "eps_latest_yearly": 0,
            "eps_growth_yearly": 0
        },
        "20021": {
            "year_quarter": 20021,
            "year": 2002,
            "quarter": 1,
            "eps": null,
            "eps_growth_year": null,
            "eps_4q": null,
            "eps_4q_growth_year": null,
            "roe": null,
            "roe_4q": 0,
            "gross_profit": null,
            "gross_margin": null,
            "gross_margin_4q_avg": 0,
            "net_income": null,
            "net_income_4q": null,
            "revenue": null,
            "revenue_4q": null,
            "common_shares": null,
            "book_valuer_per_share": null,
            "book_valuer_per_share_4q_avg": 0,
            "equity": null,
            "current_ratio": null,
            "debt_ratio": null,
            "inventory_turnover_ratio": null,
            "account_receivable_turnover_ratio": null,
            "reinvestment_rate": null,
            "research_to_sale_ratio": null,
            "price_fair": 0,
            "eps_avg_yearly": 0,
            "eps_latest_yearly": 0,
            "eps_growth_yearly": 0
        },
        "20022": {
            "year_quarter": 20022,
            "year": 2002,
            "quarter": 2,
            "eps": null,
            "eps_growth_year": null,
            "eps_4q": null,
            "eps_4q_growth_year": null,
            "roe": null,
            "roe_4q": 0,
            "gross_profit": null,
            "gross_margin": null,
            "gross_margin_4q_avg": 0,
            "net_income": null,
            "net_income_4q": null,
            "revenue": null,
            "revenue_4q": null,
            "common_shares": null,
            "book_valuer_per_share": null,
            "book_valuer_per_share_4q_avg": 0,
            "equity": null,
            "current_ratio": null,
            "debt_ratio": null,
            "inventory_turnover_ratio": null,
            "account_receivable_turnover_ratio": null,
            "reinvestment_rate": null,
            "research_to_sale_ratio": null,
            "price_fair": 0,
            "eps_avg_yearly": 0,
            "eps_latest_yearly": 0,
            "eps_growth_yearly": 0
        },
        "20023": {
            "year_quarter": 20023,
            "year": 2002,
            "quarter": 3,
            "eps": null,
            "eps_growth_year": null,
            "eps_4q": null,
            "eps_4q_growth_year": null,
            "roe": null,
            "roe_4q": 0,
            "gross_profit": null,
            "gross_margin": null,
            "gross_margin_4q_avg": 0,
            "net_income": null,
            "net_income_4q": null,
            "revenue": null,
            "revenue_4q": null,
            "common_shares": null,
            "book_valuer_per_share": null,
            "book_valuer_per_share_4q_avg": 0,
            "equity": null,
            "current_ratio": null,
            "debt_ratio": null,
            "inventory_turnover_ratio": null,
            "account_receivable_turnover_ratio": null,
            "reinvestment_rate": null,
            "research_to_sale_ratio": null,
            "price_fair": 0,
            "eps_avg_yearly": 0,
            "eps_latest_yearly": 0,
            "eps_growth_yearly": 0
        },
        "20024": {
            "year_quarter": 20024,
            "year": 2002,
            "quarter": 4,
            "eps": null,
            "eps_growth_year": null,
            "eps_4q": null,
            "eps_4q_growth_year": null,
            "roe": null,
            "roe_4q": 0,
            "gross_profit": null,
            "gross_margin": null,
            "gross_margin_4q_avg": 0,
            "net_income": null,
            "net_income_4q": null,
            "revenue": null,
            "revenue_4q": null,
            "common_shares": null,
            "book_valuer_per_share": null,
            "book_valuer_per_share_4q_avg": 0,
            "equity": null,
            "current_ratio": null,
            "debt_ratio": null,
            "inventory_turnover_ratio": null,
            "account_receivable_turnover_ratio": null,
            "reinvestment_rate": null,
            "research_to_sale_ratio": null,
            "price_fair": 0,
            "eps_avg_yearly": 0,
            "eps_latest_yearly": 0,
            "eps_growth_yearly": 0
        },
        "20031": {
            "year_quarter": 20031,
            "year": 2003,
            "quarter": 1,
            "eps": null,
            "eps_growth_year": null,
            "eps_4q": null,
            "eps_4q_growth_year": null,
            "roe": null,
            "roe_4q": 0,
            "gross_profit": null,
            "gross_margin": null,
            "gross_margin_4q_avg": 0,
            "net_income": null,
            "net_income_4q": null,
            "revenue": null,
            "revenue_4q": null,
            "common_shares": null,
            "book_valuer_per_share": null,
            "book_valuer_per_share_4q_avg": 0,
            "equity": null,
            "current_ratio": null,
            "debt_ratio": null,
            "inventory_turnover_ratio": null,
            "account_receivable_turnover_ratio": null,
            "reinvestment_rate": null,
            "research_to_sale_ratio": null,
            "price_fair": 0,
            "eps_avg_yearly": 0,
            "eps_latest_yearly": 0,
            "eps_growth_yearly": 0
        },
        "20032": {
            "year_quarter": 20032,
            "year": 2003,
            "quarter": 2,
            "eps": null,
            "eps_growth_year": null,
            "eps_4q": null,
            "eps_4q_growth_year": null,
            "roe": null,
            "roe_4q": 0,
            "gross_profit": null,
            "gross_margin": null,
            "gross_margin_4q_avg": 0,
            "net_income": null,
            "net_income_4q": null,
            "revenue": null,
            "revenue_4q": null,
            "common_shares": null,
            "book_valuer_per_share": null,
            "book_valuer_per_share_4q_avg": 0,
            "equity": null,
            "current_ratio": null,
            "debt_ratio": null,
            "inventory_turnover_ratio": null,
            "account_receivable_turnover_ratio": null,
            "reinvestment_rate": null,
            "research_to_sale_ratio": null,
            "price_fair": 0,
            "eps_avg_yearly": 0,
            "eps_latest_yearly": 0,
            "eps_growth_yearly": 0
        },
        "20033": {
            "year_quarter": 20033,
            "year": 2003,
            "quarter": 3,
            "eps": null,
            "eps_growth_year": null,
            "eps_4q": null,
            "eps_4q_growth_year": null,
            "roe": null,
            "roe_4q": 0,
            "gross_profit": null,
            "gross_margin": null,
            "gross_margin_4q_avg": 0,
            "net_income": null,
            "net_income_4q": null,
            "revenue": null,
            "revenue_4q": null,
            "common_shares": null,
            "book_valuer_per_share": null,
            "book_valuer_per_share_4q_avg": 0,
            "equity": null,
            "current_ratio": null,
            "debt_ratio": null,
            "inventory_turnover_ratio": null,
            "account_receivable_turnover_ratio": null,
            "reinvestment_rate": null,
            "research_to_sale_ratio": null,
            "price_fair": 0,
            "eps_avg_yearly": 0,
            "eps_latest_yearly": 0,
            "eps_growth_yearly": 0
        },
        "20034": {
            "year_quarter": 20034,
            "year": 2003,
            "quarter": 4,
            "eps": null,
            "eps_growth_year": null,
            "eps_4q": null,
            "eps_4q_growth_year": null,
            "roe": null,
            "roe_4q": 0,
            "gross_profit": null,
            "gross_margin": null,
            "gross_margin_4q_avg": 0,
            "net_income": null,
            "net_income_4q": null,
            "revenue": null,
            "revenue_4q": null,
            "common_shares": null,
            "book_valuer_per_share": null,
            "book_valuer_per_share_4q_avg": 0,
            "equity": null,
            "current_ratio": null,
            "debt_ratio": null,
            "inventory_turnover_ratio": null,
            "account_receivable_turnover_ratio": null,
            "reinvestment_rate": null,
            "research_to_sale_ratio": null,
            "price_fair": 0,
            "eps_avg_yearly": 0,
            "eps_latest_yearly": 0,
            "eps_growth_yearly": 0
        },
        "20041": {
            "year_quarter": 20041,
            "year": 2004,
            "quarter": 1,
            "eps": null,
            "eps_growth_year": null,
            "eps_4q": null,
            "eps_4q_growth_year": null,
            "roe": null,
            "roe_4q": 0,
            "gross_profit": null,
            "gross_margin": null,
            "gross_margin_4q_avg": 0,
            "net_income": null,
            "net_income_4q": null,
            "revenue": null,
            "revenue_4q": null,
            "common_shares": null,
            "book_valuer_per_share": null,
            "book_valuer_per_share_4q_avg": 0,
            "equity": null,
            "current_ratio": null,
            "debt_ratio": null,
            "inventory_turnover_ratio": null,
            "account_receivable_turnover_ratio": null,
            "reinvestment_rate": null,
            "research_to_sale_ratio": null,
            "price_fair": 0,
            "eps_avg_yearly": 0,
            "eps_latest_yearly": 0,
            "eps_growth_yearly": 0
        },
        "20042": {
            "year_quarter": 20042,
            "year": 2004,
            "quarter": 2,
            "eps": null,
            "eps_growth_year": null,
            "eps_4q": null,
            "eps_4q_growth_year": null,
            "roe": null,
            "roe_4q": 0,
            "gross_profit": null,
            "gross_margin": null,
            "gross_margin_4q_avg": 0,
            "net_income": null,
            "net_income_4q": null,
            "revenue": null,
            "revenue_4q": null,
            "common_shares": null,
            "book_valuer_per_share": null,
            "book_valuer_per_share_4q_avg": 0,
            "equity": null,
            "current_ratio": null,
            "debt_ratio": null,
            "inventory_turnover_ratio": null,
            "account_receivable_turnover_ratio": null,
            "reinvestment_rate": null,
            "research_to_sale_ratio": null,
            "price_fair": 0,
            "eps_avg_yearly": 0,
            "eps_latest_yearly": 0,
            "eps_growth_yearly": 0
        },
        "20043": {
            "year_quarter": 20043,
            "year": 2004,
            "quarter": 3,
            "eps": null,
            "eps_growth_year": null,
            "eps_4q": null,
            "eps_4q_growth_year": null,
            "roe": null,
            "roe_4q": 0,
            "gross_profit": null,
            "gross_margin": null,
            "gross_margin_4q_avg": 0,
            "net_income": null,
            "net_income_4q": null,
            "revenue": null,
            "revenue_4q": null,
            "common_shares": null,
            "book_valuer_per_share": null,
            "book_valuer_per_share_4q_avg": 0,
            "equity": null,
            "current_ratio": null,
            "debt_ratio": null,
            "inventory_turnover_ratio": null,
            "account_receivable_turnover_ratio": null,
            "reinvestment_rate": null,
            "research_to_sale_ratio": null,
            "price_fair": 0,
            "eps_avg_yearly": 0,
            "eps_latest_yearly": 0,
            "eps_growth_yearly": 0
        },
        "20044": {
            "year_quarter": 20044,
            "year": 2004,
            "quarter": 4,
            "eps": null,
            "eps_growth_year": null,
            "eps_4q": null,
            "eps_4q_growth_year": null,
            "roe": null,
            "roe_4q": 0,
            "gross_profit": null,
            "gross_margin": null,
            "gross_margin_4q_avg": 0,
            "net_income": null,
            "net_income_4q": null,
            "revenue": null,
            "revenue_4q": null,
            "common_shares": null,
            "book_valuer_per_share": null,
            "book_valuer_per_share_4q_avg": 0,
            "equity": null,
            "current_ratio": null,
            "debt_ratio": null,
            "inventory_turnover_ratio": null,
            "account_receivable_turnover_ratio": null,
            "reinvestment_rate": null,
            "research_to_sale_ratio": null,
            "price_fair": 0,
            "eps_avg_yearly": 0,
            "eps_latest_yearly": 0,
            "eps_growth_yearly": 0
        },
        "20051": {
            "year_quarter": 20051,
            "year": 2005,
            "quarter": 1,
            "eps": null,
            "eps_growth_year": null,
            "eps_4q": null,
            "eps_4q_growth_year": null,
            "roe": null,
            "roe_4q": 0,
            "gross_profit": null,
            "gross_margin": null,
            "gross_margin_4q_avg": 0,
            "net_income": null,
            "net_income_4q": null,
            "revenue": null,
            "revenue_4q": null,
            "common_shares": null,
            "book_valuer_per_share": null,
            "book_valuer_per_share_4q_avg": 0,
            "equity": null,
            "current_ratio": null,
            "debt_ratio": null,
            "inventory_turnover_ratio": null,
            "account_receivable_turnover_ratio": null,
            "reinvestment_rate": null,
            "research_to_sale_ratio": null,
            "price_fair": 0,
            "eps_avg_yearly": 0,
            "eps_latest_yearly": 0,
            "eps_growth_yearly": 0
        },
        "20052": {
            "year_quarter": 20052,
            "year": 2005,
            "quarter": 2,
            "eps": null,
            "eps_growth_year": null,
            "eps_4q": null,
            "eps_4q_growth_year": null,
            "roe": null,
            "roe_4q": 0,
            "gross_profit": null,
            "gross_margin": null,
            "gross_margin_4q_avg": 0,
            "net_income": null,
            "net_income_4q": null,
            "revenue": null,
            "revenue_4q": null,
            "common_shares": null,
            "book_valuer_per_share": null,
            "book_valuer_per_share_4q_avg": 0,
            "equity": null,
            "current_ratio": null,
            "debt_ratio": null,
            "inventory_turnover_ratio": null,
            "account_receivable_turnover_ratio": null,
            "reinvestment_rate": null,
            "research_to_sale_ratio": null,
            "price_fair": 0,
            "eps_avg_yearly": 0,
            "eps_latest_yearly": 0,
            "eps_growth_yearly": 0
        },
        "20053": {
            "year_quarter": 20053,
            "year": 2005,
            "quarter": 3,
            "eps": null,
            "eps_growth_year": null,
            "eps_4q": null,
            "eps_4q_growth_year": null,
            "roe": null,
            "roe_4q": 0,
            "gross_profit": null,
            "gross_margin": null,
            "gross_margin_4q_avg": 0,
            "net_income": null,
            "net_income_4q": null,
            "revenue": null,
            "revenue_4q": null,
            "common_shares": null,
            "book_valuer_per_share": null,
            "book_valuer_per_share_4q_avg": 0,
            "equity": null,
            "current_ratio": null,
            "debt_ratio": null,
            "inventory_turnover_ratio": null,
            "account_receivable_turnover_ratio": null,
            "reinvestment_rate": null,
            "research_to_sale_ratio": null,
            "price_fair": 0,
            "eps_avg_yearly": 0,
            "eps_latest_yearly": 0,
            "eps_growth_yearly": 0
        },
        "20054": {
            "year_quarter": 20054,
            "year": 2005,
            "quarter": 4,
            "eps": null,
            "eps_growth_year": null,
            "eps_4q": null,
            "eps_4q_growth_year": null,
            "roe": null,
            "roe_4q": 0,
            "gross_profit": null,
            "gross_margin": null,
            "gross_margin_4q_avg": 0,
            "net_income": null,
            "net_income_4q": null,
            "revenue": null,
            "revenue_4q": null,
            "common_shares": null,
            "book_valuer_per_share": null,
            "book_valuer_per_share_4q_avg": 0,
            "equity": null,
            "current_ratio": null,
            "debt_ratio": null,
            "inventory_turnover_ratio": null,
            "account_receivable_turnover_ratio": null,
            "reinvestment_rate": null,
            "research_to_sale_ratio": null,
            "price_fair": 0,
            "eps_avg_yearly": 0,
            "eps_latest_yearly": 0,
            "eps_growth_yearly": 0
        },
        "20061": {
            "year_quarter": 20061,
            "year": 2006,
            "quarter": 1,
            "eps": null,
            "eps_growth_year": null,
            "eps_4q": null,
            "eps_4q_growth_year": null,
            "roe": null,
            "roe_4q": 0,
            "gross_profit": null,
            "gross_margin": null,
            "gross_margin_4q_avg": 0,
            "net_income": null,
            "net_income_4q": null,
            "revenue": null,
            "revenue_4q": null,
            "common_shares": null,
            "book_valuer_per_share": null,
            "book_valuer_per_share_4q_avg": 0,
            "equity": null,
            "current_ratio": null,
            "debt_ratio": null,
            "inventory_turnover_ratio": null,
            "account_receivable_turnover_ratio": null,
            "reinvestment_rate": null,
            "research_to_sale_ratio": null,
            "price_fair": 0,
            "eps_avg_yearly": 0,
            "eps_latest_yearly": 0,
            "eps_growth_yearly": 0
        },
        "20062": {
            "year_quarter": 20062,
            "year": 2006,
            "quarter": 2,
            "eps": null,
            "eps_growth_year": null,
            "eps_4q": null,
            "eps_4q_growth_year": null,
            "roe": null,
            "roe_4q": 0,
            "gross_profit": null,
            "gross_margin": null,
            "gross_margin_4q_avg": 0,
            "net_income": null,
            "net_income_4q": null,
            "revenue": null,
            "revenue_4q": null,
            "common_shares": null,
            "book_valuer_per_share": null,
            "book_valuer_per_share_4q_avg": 0,
            "equity": null,
            "current_ratio": null,
            "debt_ratio": null,
            "inventory_turnover_ratio": null,
            "account_receivable_turnover_ratio": null,
            "reinvestment_rate": null,
            "research_to_sale_ratio": null,
            "price_fair": 0,
            "eps_avg_yearly": 0,
            "eps_latest_yearly": 0,
            "eps_growth_yearly": 0
        },
        "20063": {
            "year_quarter": 20063,
            "year": 2006,
            "quarter": 3,
            "eps": null,
            "eps_growth_year": null,
            "eps_4q": null,
            "eps_4q_growth_year": null,
            "roe": null,
            "roe_4q": 0,
            "gross_profit": null,
            "gross_margin": null,
            "gross_margin_4q_avg": 0,
            "net_income": null,
            "net_income_4q": null,
            "revenue": null,
            "revenue_4q": null,
            "common_shares": null,
            "book_valuer_per_share": null,
            "book_valuer_per_share_4q_avg": 0,
            "equity": null,
            "current_ratio": null,
            "debt_ratio": null,
            "inventory_turnover_ratio": null,
            "account_receivable_turnover_ratio": null,
            "reinvestment_rate": null,
            "research_to_sale_ratio": null,
            "price_fair": 0,
            "eps_avg_yearly": 0,
            "eps_latest_yearly": 0,
            "eps_growth_yearly": 0
        },
        "20064": {
            "year_quarter": 20064,
            "year": 2006,
            "quarter": 4,
            "eps": null,
            "eps_growth_year": null,
            "eps_4q": null,
            "eps_4q_growth_year": null,
            "roe": null,
            "roe_4q": 0,
            "gross_profit": null,
            "gross_margin": null,
            "gross_margin_4q_avg": 0,
            "net_income": null,
            "net_income_4q": null,
            "revenue": null,
            "revenue_4q": null,
            "common_shares": 1000,
            "book_valuer_per_share": -130.4,
            "book_valuer_per_share_4q_avg": -32.6,
            "equity": -13040,
            "current_ratio": 33.22,
            "debt_ratio": 121.22,
            "inventory_turnover_ratio": null,
            "account_receivable_turnover_ratio": null,
            "reinvestment_rate": null,
            "research_to_sale_ratio": null,
            "price_fair": 0,
            "eps_avg_yearly": 0,
            "eps_latest_yearly": 0,
            "eps_growth_yearly": 0
        },
        "20071": {
            "year_quarter": 20071,
            "year": 2007,
            "quarter": 1,
            "eps": null,
            "eps_growth_year": null,
            "eps_4q": null,
            "eps_4q_growth_year": null,
            "roe": null,
            "roe_4q": 0,
            "gross_profit": null,
            "gross_margin": null,
            "gross_margin_4q_avg": 0,
            "net_income": null,
            "net_income_4q": null,
            "revenue": null,
            "revenue_4q": null,
            "common_shares": null,
            "book_valuer_per_share": null,
            "book_valuer_per_share_4q_avg": -32.6,
            "equity": null,
            "current_ratio": null,
            "debt_ratio": null,
            "inventory_turnover_ratio": null,
            "account_receivable_turnover_ratio": null,
            "reinvestment_rate": null,
            "research_to_sale_ratio": null,
            "price_fair": 0,
            "eps_avg_yearly": 0,
            "eps_latest_yearly": 0,
            "eps_growth_yearly": 0
        },
        "20072": {
            "year_quarter": 20072,
            "year": 2007,
            "quarter": 2,
            "eps": null,
            "eps_growth_year": null,
            "eps_4q": null,
            "eps_4q_growth_year": null,
            "roe": null,
            "roe_4q": 0,
            "gross_profit": null,
            "gross_margin": null,
            "gross_margin_4q_avg": 0,
            "net_income": null,
            "net_income_4q": null,
            "revenue": null,
            "revenue_4q": null,
            "common_shares": null,
            "book_valuer_per_share": null,
            "book_valuer_per_share_4q_avg": -32.6,
            "equity": null,
            "current_ratio": null,
            "debt_ratio": null,
            "inventory_turnover_ratio": null,
            "account_receivable_turnover_ratio": null,
            "reinvestment_rate": null,
            "research_to_sale_ratio": null,
            "price_fair": 0,
            "eps_avg_yearly": 0,
            "eps_latest_yearly": 0,
            "eps_growth_yearly": 0
        },
        "20073": {
            "year_quarter": 20073,
            "year": 2007,
            "quarter": 3,
            "eps": null,
            "eps_growth_year": null,
            "eps_4q": null,
            "eps_4q_growth_year": null,
            "roe": null,
            "roe_4q": 0,
            "gross_profit": null,
            "gross_margin": null,
            "gross_margin_4q_avg": 0,
            "net_income": null,
            "net_income_4q": null,
            "revenue": null,
            "revenue_4q": null,
            "common_shares": null,
            "book_valuer_per_share": null,
            "book_valuer_per_share_4q_avg": -32.6,
            "equity": null,
            "current_ratio": null,
            "debt_ratio": null,
            "inventory_turnover_ratio": null,
            "account_receivable_turnover_ratio": null,
            "reinvestment_rate": null,
            "research_to_sale_ratio": null,
            "price_fair": 0,
            "eps_avg_yearly": 0,
            "eps_latest_yearly": 0,
            "eps_growth_yearly": 0
        },
        "20074": {
            "year_quarter": 20074,
            "year": 2007,
            "quarter": 4,
            "eps": null,
            "eps_growth_year": null,
            "eps_4q": null,
            "eps_4q_growth_year": null,
            "roe": null,
            "roe_4q": 0,
            "gross_profit": null,
            "gross_margin": null,
            "gross_margin_4q_avg": 0,
            "net_income": null,
            "net_income_4q": null,
            "revenue": null,
            "revenue_4q": null,
            "common_shares": 66000,
            "book_valuer_per_share": 9.38,
            "book_valuer_per_share_4q_avg": 2.35,
            "equity": 61933,
            "current_ratio": 34.49,
            "debt_ratio": 77.03,
            "inventory_turnover_ratio": null,
            "account_receivable_turnover_ratio": null,
            "reinvestment_rate": null,
            "research_to_sale_ratio": null,
            "price_fair": 0,
            "eps_avg_yearly": 0,
            "eps_latest_yearly": 0,
            "eps_growth_yearly": 0
        },
        "20081": {
            "year_quarter": 20081,
            "year": 2008,
            "quarter": 1,
            "eps": null,
            "eps_growth_year": null,
            "eps_4q": null,
            "eps_4q_growth_year": null,
            "roe": null,
            "roe_4q": 0,
            "gross_profit": null,
            "gross_margin": null,
            "gross_margin_4q_avg": 0,
            "net_income": null,
            "net_income_4q": null,
            "revenue": null,
            "revenue_4q": null,
            "common_shares": null,
            "book_valuer_per_share": null,
            "book_valuer_per_share_4q_avg": 2.35,
            "equity": null,
            "current_ratio": null,
            "debt_ratio": null,
            "inventory_turnover_ratio": null,
            "account_receivable_turnover_ratio": null,
            "reinvestment_rate": null,
            "research_to_sale_ratio": null,
            "price_fair": 0,
            "eps_avg_yearly": 0,
            "eps_latest_yearly": 0,
            "eps_growth_yearly": 0
        },
        "20082": {
            "year_quarter": 20082,
            "year": 2008,
            "quarter": 2,
            "eps": null,
            "eps_growth_year": null,
            "eps_4q": null,
            "eps_4q_growth_year": null,
            "roe": null,
            "roe_4q": 0,
            "gross_profit": null,
            "gross_margin": null,
            "gross_margin_4q_avg": 0,
            "net_income": null,
            "net_income_4q": null,
            "revenue": null,
            "revenue_4q": null,
            "common_shares": null,
            "book_valuer_per_share": null,
            "book_valuer_per_share_4q_avg": 2.35,
            "equity": null,
            "current_ratio": null,
            "debt_ratio": null,
            "inventory_turnover_ratio": null,
            "account_receivable_turnover_ratio": null,
            "reinvestment_rate": null,
            "research_to_sale_ratio": null,
            "price_fair": 0,
            "eps_avg_yearly": 0,
            "eps_latest_yearly": 0,
            "eps_growth_yearly": 0
        },
        "20083": {
            "year_quarter": 20083,
            "year": 2008,
            "quarter": 3,
            "eps": null,
            "eps_growth_year": null,
            "eps_4q": null,
            "eps_4q_growth_year": null,
            "roe": null,
            "roe_4q": 0,
            "gross_profit": null,
            "gross_margin": null,
            "gross_margin_4q_avg": 0,
            "net_income": null,
            "net_income_4q": null,
            "revenue": null,
            "revenue_4q": null,
            "common_shares": null,
            "book_valuer_per_share": null,
            "book_valuer_per_share_4q_avg": 2.35,
            "equity": null,
            "current_ratio": null,
            "debt_ratio": null,
            "inventory_turnover_ratio": null,
            "account_receivable_turnover_ratio": null,
            "reinvestment_rate": null,
            "research_to_sale_ratio": null,
            "price_fair": 0,
            "eps_avg_yearly": 0,
            "eps_latest_yearly": 0,
            "eps_growth_yearly": 0
        },
        "20084": {
            "year_quarter": 20084,
            "year": 2008,
            "quarter": 4,
            "eps": null,
            "eps_growth_year": null,
            "eps_4q": null,
            "eps_4q_growth_year": null,
            "roe": null,
            "roe_4q": 0,
            "gross_profit": null,
            "gross_margin": null,
            "gross_margin_4q_avg": 0,
            "net_income": null,
            "net_income_4q": null,
            "revenue": null,
            "revenue_4q": null,
            "common_shares": 66000,
            "book_valuer_per_share": 11.96,
            "book_valuer_per_share_4q_avg": 2.99,
            "equity": 78943,
            "current_ratio": 48.11,
            "debt_ratio": 77.57,
            "inventory_turnover_ratio": null,
            "account_receivable_turnover_ratio": null,
            "reinvestment_rate": null,
            "research_to_sale_ratio": null,
            "price_fair": 0,
            "eps_avg_yearly": 0,
            "eps_latest_yearly": 0,
            "eps_growth_yearly": 0
        },
        "20091": {
            "year_quarter": 20091,
            "year": 2009,
            "quarter": 1,
            "eps": null,
            "eps_growth_year": null,
            "eps_4q": null,
            "eps_4q_growth_year": null,
            "roe": null,
            "roe_4q": 0,
            "gross_profit": null,
            "gross_margin": null,
            "gross_margin_4q_avg": 0,
            "net_income": null,
            "net_income_4q": null,
            "revenue": null,
            "revenue_4q": null,
            "common_shares": null,
            "book_valuer_per_share": null,
            "book_valuer_per_share_4q_avg": 2.99,
            "equity": null,
            "current_ratio": null,
            "debt_ratio": null,
            "inventory_turnover_ratio": null,
            "account_receivable_turnover_ratio": null,
            "reinvestment_rate": null,
            "research_to_sale_ratio": null,
            "price_fair": 0,
            "eps_avg_yearly": 0,
            "eps_latest_yearly": 0,
            "eps_growth_yearly": 0
        },
        "20092": {
            "year_quarter": 20092,
            "year": 2009,
            "quarter": 2,
            "eps": null,
            "eps_growth_year": null,
            "eps_4q": null,
            "eps_4q_growth_year": null,
            "roe": null,
            "roe_4q": 0,
            "gross_profit": null,
            "gross_margin": null,
            "gross_margin_4q_avg": 0,
            "net_income": null,
            "net_income_4q": null,
            "revenue": null,
            "revenue_4q": null,
            "common_shares": 66000,
            "book_valuer_per_share": null,
            "book_valuer_per_share_4q_avg": 2.99,
            "equity": 107627,
            "current_ratio": null,
            "debt_ratio": null,
            "inventory_turnover_ratio": null,
            "account_receivable_turnover_ratio": null,
            "reinvestment_rate": null,
            "research_to_sale_ratio": null,
            "price_fair": 0,
            "eps_avg_yearly": 0,
            "eps_latest_yearly": 0,
            "eps_growth_yearly": 0
        },
        "20093": {
            "year_quarter": 20093,
            "year": 2009,
            "quarter": 3,
            "eps": 1.96,
            "eps_growth_year": null,
            "eps_4q": null,
            "eps_4q_growth_year": null,
            "roe": 11.32,
            "roe_4q": 11.32,
            "gross_profit": 67148,
            "gross_margin": 49.19,
            "gross_margin_4q_avg": 12.3,
            "net_income": 12911,
            "net_income_4q": null,
            "revenue": 136513,
            "revenue_4q": null,
            "common_shares": 66000,
            "book_valuer_per_share": 18.26,
            "book_valuer_per_share_4q_avg": 7.56,
            "equity": 120538,
            "current_ratio": 58.8,
            "debt_ratio": 77.6,
            "inventory_turnover_ratio": 30.46,
            "account_receivable_turnover_ratio": 1.79,
            "reinvestment_rate": null,
            "research_to_sale_ratio": null,
            "price_fair": 0,
            "eps_avg_yearly": 0,
            "eps_latest_yearly": 0,
            "eps_growth_yearly": 0
        },
        "20094": {
            "year_quarter": 20094,
            "year": 2009,
            "quarter": 4,
            "eps": -0.42,
            "eps_growth_year": null,
            "eps_4q": null,
            "eps_4q_growth_year": null,
            "roe": -1.43,
            "roe_4q": 9.89,
            "gross_profit": 69070,
            "gross_margin": 49.78,
            "gross_margin_4q_avg": 24.74,
            "net_income": -2883,
            "net_income_4q": null,
            "revenue": 138762,
            "revenue_4q": null,
            "common_shares": 150000,
            "book_valuer_per_share": 18.88,
            "book_valuer_per_share_4q_avg": 9.29,
            "equity": 283134,
            "current_ratio": 80.46,
            "debt_ratio": 46.21,
            "inventory_turnover_ratio": 35.68,
            "account_receivable_turnover_ratio": 2.25,
            "reinvestment_rate": null,
            "research_to_sale_ratio": null,
            "price_fair": 0,
            "eps_avg_yearly": 0,
            "eps_latest_yearly": 0,
            "eps_growth_yearly": 0
        },
        "20101": {
            "year_quarter": 20101,
            "year": 2010,
            "quarter": 1,
            "eps": null,
            "eps_growth_year": null,
            "eps_4q": null,
            "eps_4q_growth_year": null,
            "roe": null,
            "roe_4q": 9.89,
            "gross_profit": 111508,
            "gross_margin": null,
            "gross_margin_4q_avg": 24.74,
            "net_income": 34930,
            "net_income_4q": null,
            "revenue": 209020,
            "revenue_4q": null,
            "common_shares": 165000,
            "book_valuer_per_share": 24.8,
            "book_valuer_per_share_4q_avg": 15.49,
            "equity": 409257,
            "current_ratio": 122.62,
            "debt_ratio": 41.64,
            "inventory_turnover_ratio": null,
            "account_receivable_turnover_ratio": null,
            "reinvestment_rate": null,
            "research_to_sale_ratio": null,
            "price_fair": 0,
            "eps_avg_yearly": 0,
            "eps_latest_yearly": 0,
            "eps_growth_yearly": 0
        },
        "20102": {
            "year_quarter": 20102,
            "year": 2010,
            "quarter": 2,
            "eps": 1.76,
            "eps_growth_year": null,
            "eps_4q": 2.37,
            "eps_4q_growth_year": null,
            "roe": 6.97,
            "roe_4q": 16.86,
            "gross_profit": 98520,
            "gross_margin": 49.29,
            "gross_margin_4q_avg": 37.07,
            "net_income": 29042,
            "net_income_4q": null,
            "revenue": 199892,
            "revenue_4q": null,
            "common_shares": 165000,
            "book_valuer_per_share": 25.7,
            "book_valuer_per_share_4q_avg": 21.91,
            "equity": 423983,
            "current_ratio": 118.91,
            "debt_ratio": 36.17,
            "inventory_turnover_ratio": 60.63,
            "account_receivable_turnover_ratio": 2.42,
            "reinvestment_rate": null,
            "research_to_sale_ratio": null,
            "price_fair": 0,
            "eps_avg_yearly": 0,
            "eps_latest_yearly": 0,
            "eps_growth_yearly": 0
        },
        "20103": {
            "year_quarter": 20103,
            "year": 2010,
            "quarter": 3,
            "eps": null,
            "eps_growth_year": null,
            "eps_4q": null,
            "eps_4q_growth_year": null,
            "roe": null,
            "roe_4q": 5.54,
            "gross_profit": 96219,
            "gross_margin": null,
            "gross_margin_4q_avg": 24.77,
            "net_income": 28432,
            "net_income_4q": null,
            "revenue": 187311,
            "revenue_4q": null,
            "common_shares": 165000,
            "book_valuer_per_share": 27.55,
            "book_valuer_per_share_4q_avg": 24.23,
            "equity": 454515,
            "current_ratio": 130.18,
            "debt_ratio": 34.58,
            "inventory_turnover_ratio": null,
            "account_receivable_turnover_ratio": null,
            "reinvestment_rate": null,
            "research_to_sale_ratio": null,
            "price_fair": 0,
            "eps_avg_yearly": 0,
            "eps_latest_yearly": 0,
            "eps_growth_yearly": 0
        },
        "20104": {
            "year_quarter": 20104,
            "year": 2010,
            "quarter": 4,
            "eps": null,
            "eps_growth_year": null,
            "eps_4q": null,
            "eps_4q_growth_year": null,
            "roe": null,
            "roe_4q": 6.97,
            "gross_profit": 84140,
            "gross_margin": null,
            "gross_margin_4q_avg": 12.32,
            "net_income": -16817,
            "net_income_4q": null,
            "revenue": 167744,
            "revenue_4q": null,
            "common_shares": 165000,
            "book_valuer_per_share": 26.66,
            "book_valuer_per_share_4q_avg": 26.18,
            "equity": 439918,
            "current_ratio": 125.22,
            "debt_ratio": 32.49,
            "inventory_turnover_ratio": null,
            "account_receivable_turnover_ratio": null,
            "reinvestment_rate": null,
            "research_to_sale_ratio": null,
            "price_fair": 0,
            "eps_avg_yearly": 0,
            "eps_latest_yearly": 0,
            "eps_growth_yearly": 0
        },
        "20111": {
            "year_quarter": 20111,
            "year": 2011,
            "quarter": 1,
            "eps": 1.28,
            "eps_growth_year": null,
            "eps_4q": 3.04,
            "eps_4q_growth_year": null,
            "roe": 4.66,
            "roe_4q": 11.629999999999999,
            "gross_profit": 100663,
            "gross_margin": 53.06,
            "gross_margin_4q_avg": 25.59,
            "net_income": 21053,
            "net_income_4q": null,
            "revenue": 189725,
            "revenue_4q": null,
            "common_shares": 165000,
            "book_valuer_per_share": 0,
            "book_valuer_per_share_4q_avg": 19.98,
            "equity": 463072,
            "current_ratio": 126.65,
            "debt_ratio": 34.11,
            "inventory_turnover_ratio": 411.37,
            "account_receivable_turnover_ratio": 1.24,
            "reinvestment_rate": null,
            "research_to_sale_ratio": null,
            "price_fair": 0,
            "eps_avg_yearly": 0,
            "eps_latest_yearly": 0,
            "eps_growth_yearly": 0
        },
        "20112": {
            "year_quarter": 20112,
            "year": 2011,
            "quarter": 2,
            "eps": 0.11,
            "eps_growth_year": -93.84,
            "eps_4q": 1.14,
            "eps_4q_growth_year": -51.88,
            "roe": 0.39,
            "roe_4q": 5.05,
            "gross_profit": 94514,
            "gross_margin": 49.36,
            "gross_margin_4q_avg": 25.61,
            "net_income": 2214,
            "net_income_4q": null,
            "revenue": 191470,
            "revenue_4q": null,
            "common_shares": 185640,
            "book_valuer_per_share": 35.57,
            "book_valuer_per_share_4q_avg": 22.45,
            "equity": 678476,
            "current_ratio": 148.58,
            "debt_ratio": 34.2,
            "inventory_turnover_ratio": 1053.87,
            "account_receivable_turnover_ratio": 1.04,
            "reinvestment_rate": null,
            "research_to_sale_ratio": null,
            "price_fair": 1.32,
            "eps_avg_yearly": 0.44,
            "eps_latest_yearly": 0.44,
            "eps_growth_yearly": -365.63
        },
        "20113": {
            "year_quarter": 20113,
            "year": 2011,
            "quarter": 3,
            "eps": -1.11,
            "eps_growth_year": null,
            "eps_4q": 0.03,
            "eps_4q_growth_year": null,
            "roe": -4.02,
            "roe_4q": 1.0300000000000007,
            "gross_profit": 65257,
            "gross_margin": 36.46,
            "gross_margin_4q_avg": 34.72,
            "net_income": -27260,
            "net_income_4q": null,
            "revenue": 178987,
            "revenue_4q": null,
            "common_shares": 204204,
            "book_valuer_per_share": 31.44,
            "book_valuer_per_share_4q_avg": 23.42,
            "equity": 678133,
            "current_ratio": 173.5,
            "debt_ratio": 26.91,
            "inventory_turnover_ratio": 366.87,
            "account_receivable_turnover_ratio": 0.99,
            "reinvestment_rate": null,
            "research_to_sale_ratio": null,
            "price_fair": 1.32,
            "eps_avg_yearly": 0.44,
            "eps_latest_yearly": 0.44,
            "eps_growth_yearly": -365.63
        },
        "20114": {
            "year_quarter": 20114,
            "year": 2011,
            "quarter": 4,
            "eps": 0.51,
            "eps_growth_year": null,
            "eps_4q": 0.53,
            "eps_4q_growth_year": null,
            "roe": 1.53,
            "roe_4q": 2.560000000000001,
            "gross_profit": 81588,
            "gross_margin": 42.34,
            "gross_margin_4q_avg": 45.31,
            "net_income": 10480,
            "net_income_4q": null,
            "revenue": 192704,
            "revenue_4q": null,
            "common_shares": 204204,
            "book_valuer_per_share": 32.05,
            "book_valuer_per_share_4q_avg": 24.77,
            "equity": 690599,
            "current_ratio": 193.51,
            "debt_ratio": 24.99,
            "inventory_turnover_ratio": 175.68,
            "account_receivable_turnover_ratio": 1.28,
            "reinvestment_rate": null,
            "research_to_sale_ratio": null,
            "price_fair": 1.32,
            "eps_avg_yearly": 0.44,
            "eps_latest_yearly": 0.44,
            "eps_growth_yearly": -365.63
        },
        "20121": {
            "year_quarter": 20121,
            "year": 2012,
            "quarter": 1,
            "eps": 2,
            "eps_growth_year": 56.25,
            "eps_4q": 1.5,
            "eps_4q_growth_year": -50.53,
            "roe": 5.17,
            "roe_4q": 3.0700000000000007,
            "gross_profit": 140529,
            "gross_margin": 53.65,
            "gross_margin_4q_avg": 45.45,
            "net_income": 36683,
            "net_income_4q": null,
            "revenue": 261953,
            "revenue_4q": null,
            "common_shares": 204204,
            "book_valuer_per_share": 34.11,
            "book_valuer_per_share_4q_avg": 33.29,
            "equity": 727663,
            "current_ratio": 195.41,
            "debt_ratio": 27.2,
            "inventory_turnover_ratio": 153.02,
            "account_receivable_turnover_ratio": 1.51,
            "reinvestment_rate": null,
            "research_to_sale_ratio": null,
            "price_fair": 147.7,
            "eps_avg_yearly": 4.22,
            "eps_latest_yearly": 8,
            "eps_growth_yearly": 401.5
        },
        "20122": {
            "year_quarter": 20122,
            "year": 2012,
            "quarter": 2,
            "eps": -1.08,
            "eps_growth_year": -1093.69,
            "eps_4q": 0.25,
            "eps_4q_growth_year": -78.46,
            "roe": -3.7,
            "roe_4q": -1.0199999999999996,
            "gross_profit": 67983,
            "gross_margin": 36.96,
            "gross_margin_4q_avg": 42.35,
            "net_income": -26320,
            "net_income_4q": null,
            "revenue": 183959,
            "revenue_4q": null,
            "common_shares": 204204,
            "book_valuer_per_share": 32.22,
            "book_valuer_per_share_4q_avg": 32.46,
            "equity": 693307,
            "current_ratio": 193.22,
            "debt_ratio": 29.21,
            "inventory_turnover_ratio": 177.33,
            "account_receivable_turnover_ratio": 1.09,
            "reinvestment_rate": null,
            "research_to_sale_ratio": null,
            "price_fair": 147.7,
            "eps_avg_yearly": 4.22,
            "eps_latest_yearly": 8,
            "eps_growth_yearly": 401.5
        },
        "20123": {
            "year_quarter": 20123,
            "year": 2012,
            "quarter": 3,
            "eps": -0.09,
            "eps_growth_year": null,
            "eps_4q": 1.27,
            "eps_4q_growth_year": 4946.66,
            "roe": -0.69,
            "roe_4q": 2.3099999999999996,
            "gross_profit": 53877,
            "gross_margin": 35.45,
            "gross_margin_4q_avg": 42.1,
            "net_income": -4750,
            "net_income_4q": null,
            "revenue": 152001,
            "revenue_4q": null,
            "common_shares": 206319,
            "book_valuer_per_share": 31.85,
            "book_valuer_per_share_4q_avg": 32.56,
            "equity": 689232,
            "current_ratio": 141.63,
            "debt_ratio": 27.13,
            "inventory_turnover_ratio": 200.87,
            "account_receivable_turnover_ratio": 1.33,
            "reinvestment_rate": null,
            "research_to_sale_ratio": null,
            "price_fair": 147.7,
            "eps_avg_yearly": 4.22,
            "eps_latest_yearly": 8,
            "eps_growth_yearly": 401.5
        },
        "20124": {
            "year_quarter": 20124,
            "year": 2012,
            "quarter": 4,
            "eps": -3.47,
            "eps_growth_year": -781.94,
            "eps_4q": -2.71,
            "eps_4q_growth_year": -606.55,
            "roe": -11.37,
            "roe_4q": -10.589999999999998,
            "gross_profit": 15088,
            "gross_margin": 9.09,
            "gross_margin_4q_avg": 33.79,
            "net_income": -74249,
            "net_income_4q": null,
            "revenue": 165975,
            "revenue_4q": null,
            "common_shares": 206419,
            "book_valuer_per_share": 28.78,
            "book_valuer_per_share_4q_avg": 31.74,
            "equity": 616534,
            "current_ratio": 138.24,
            "debt_ratio": 28.02,
            "inventory_turnover_ratio": 276.35,
            "account_receivable_turnover_ratio": 1.67,
            "reinvestment_rate": null,
            "research_to_sale_ratio": null,
            "price_fair": 147.7,
            "eps_avg_yearly": 4.22,
            "eps_latest_yearly": 8,
            "eps_growth_yearly": 401.5
        },
        "20131": {
            "year_quarter": 20131,
            "year": 2013,
            "quarter": 1,
            "eps": -1.07,
            "eps_growth_year": -153.5,
            "eps_4q": -5.76,
            "eps_4q_growth_year": -483.32,
            "roe": -3.94,
            "roe_4q": -19.7,
            "gross_profit": 58819,
            "gross_margin": 26.23,
            "gross_margin_4q_avg": 26.93,
            "net_income": -23860,
            "net_income_4q": null,
            "revenue": 224280,
            "revenue_4q": null,
            "common_shares": 206439,
            "book_valuer_per_share": 27.32,
            "book_valuer_per_share_4q_avg": 30.04,
            "equity": 594658,
            "current_ratio": 109.56,
            "debt_ratio": 40.05,
            "inventory_turnover_ratio": 265.8,
            "account_receivable_turnover_ratio": 1.31,
            "reinvestment_rate": null,
            "research_to_sale_ratio": null,
            "price_fair": 147.7,
            "eps_avg_yearly": 4.22,
            "eps_latest_yearly": 8,
            "eps_growth_yearly": 401.5
        },
        "20132": {
            "year_quarter": 20132,
            "year": 2013,
            "quarter": 2,
            "eps": -0.32,
            "eps_growth_year": null,
            "eps_4q": -4.95,
            "eps_4q_growth_year": -2117.42,
            "roe": -1.64,
            "roe_4q": -17.64,
            "gross_profit": 59311,
            "gross_margin": 29.41,
            "gross_margin_4q_avg": 25.05,
            "net_income": -9615,
            "net_income_4q": null,
            "revenue": 201644,
            "revenue_4q": null,
            "common_shares": 206439,
            "book_valuer_per_share": 26.69,
            "book_valuer_per_share_4q_avg": 28.66,
            "equity": 579370,
            "current_ratio": 98.77,
            "debt_ratio": 43.03,
            "inventory_turnover_ratio": 299.02,
            "account_receivable_turnover_ratio": 1.13,
            "reinvestment_rate": 587.92,
            "research_to_sale_ratio": null,
            "price_fair": 147.7,
            "eps_avg_yearly": 4.22,
            "eps_latest_yearly": 8,
            "eps_growth_yearly": 401.5
        },
        "20133": {
            "year_quarter": 20133,
            "year": 2013,
            "quarter": 3,
            "eps": 0.24,
            "eps_growth_year": null,
            "eps_4q": -3.39,
            "eps_4q_growth_year": -367.08,
            "roe": 0.19,
            "roe_4q": -16.759999999999998,
            "gross_profit": 35972,
            "gross_margin": 13.69,
            "gross_margin_4q_avg": 19.61,
            "net_income": 1204,
            "net_income_4q": null,
            "revenue": 262696,
            "revenue_4q": null,
            "common_shares": 206639,
            "book_valuer_per_share": 28.29,
            "book_valuer_per_share_4q_avg": 27.77,
            "equity": 663398,
            "current_ratio": 111.32,
            "debt_ratio": 44.42,
            "inventory_turnover_ratio": 718.62,
            "account_receivable_turnover_ratio": 1.68,
            "reinvestment_rate": 2625.63,
            "research_to_sale_ratio": null,
            "price_fair": 147.7,
            "eps_avg_yearly": 4.22,
            "eps_latest_yearly": 8,
            "eps_growth_yearly": 401.5
        },
        "20134": {
            "year_quarter": 20134,
            "year": 2013,
            "quarter": 4,
            "eps": -1.04,
            "eps_growth_year": null,
            "eps_4q": -2.01,
            "eps_4q_growth_year": null,
            "roe": -3.9,
            "roe_4q": -9.29,
            "gross_profit": 25341,
            "gross_margin": 10.85,
            "gross_margin_4q_avg": 20.05,
            "net_income": -27021,
            "net_income_4q": null,
            "revenue": 233513,
            "revenue_4q": null,
            "common_shares": 246639,
            "book_valuer_per_share": 28.3,
            "book_valuer_per_share_4q_avg": 27.65,
            "equity": 720654,
            "current_ratio": 153.95,
            "debt_ratio": 30.6,
            "inventory_turnover_ratio": 655.66,
            "account_receivable_turnover_ratio": 1.39,
            "reinvestment_rate": null,
            "research_to_sale_ratio": null,
            "price_fair": 147.7,
            "eps_avg_yearly": 4.22,
            "eps_latest_yearly": 8,
            "eps_growth_yearly": 401.5
        },
        "20141": {
            "year_quarter": 20141,
            "year": 2014,
            "quarter": 1,
            "eps": 0.06,
            "eps_growth_year": null,
            "eps_4q": -0.96,
            "eps_4q_growth_year": null,
            "roe": 0.07,
            "roe_4q": -5.28,
            "gross_profit": 33137,
            "gross_margin": 12.71,
            "gross_margin_4q_avg": 16.67,
            "net_income": 588,
            "net_income_4q": null,
            "revenue": 260653,
            "revenue_4q": null,
            "common_shares": 268207,
            "book_valuer_per_share": 32.67,
            "book_valuer_per_share_4q_avg": 28.99,
            "equity": 901942,
            "current_ratio": 131.91,
            "debt_ratio": 32.83,
            "inventory_turnover_ratio": 814.01,
            "account_receivable_turnover_ratio": 1.56,
            "reinvestment_rate": null,
            "research_to_sale_ratio": null,
            "price_fair": 147.7,
            "eps_avg_yearly": 4.22,
            "eps_latest_yearly": 8,
            "eps_growth_yearly": 401.5
        },
        "20142": {
            "year_quarter": 20142,
            "year": 2014,
            "quarter": 2,
            "eps": 1.23,
            "eps_growth_year": null,
            "eps_4q": 0.42,
            "eps_4q_growth_year": null,
            "roe": 3.22,
            "roe_4q": -0.4199999999999999,
            "gross_profit": 18630,
            "gross_margin": 9.28,
            "gross_margin_4q_avg": 11.63,
            "net_income": 29363,
            "net_income_4q": null,
            "revenue": 200694,
            "revenue_4q": null,
            "common_shares": 269364,
            "book_valuer_per_share": 33.28,
            "book_valuer_per_share_4q_avg": 30.64,
            "equity": 921279,
            "current_ratio": 124.91,
            "debt_ratio": 33.31,
            "inventory_turnover_ratio": 671.82,
            "account_receivable_turnover_ratio": 1.24,
            "reinvestment_rate": null,
            "research_to_sale_ratio": null,
            "price_fair": 155.87,
            "eps_avg_yearly": 4.45,
            "eps_latest_yearly": 4.92,
            "eps_growth_yearly": 2867.67
        },
        "20143": {
            "year_quarter": 20143,
            "year": 2014,
            "quarter": 3,
            "eps": 0.28,
            "eps_growth_year": 16.67,
            "eps_4q": 0.49,
            "eps_4q_growth_year": null,
            "roe": 0.8,
            "roe_4q": 0.19000000000000083,
            "gross_profit": 18545,
            "gross_margin": 8.64,
            "gross_margin_4q_avg": 10.37,
            "net_income": 7395,
            "net_income_4q": null,
            "revenue": 214754,
            "revenue_4q": null,
            "common_shares": 270459,
            "book_valuer_per_share": 33.72,
            "book_valuer_per_share_4q_avg": 31.99,
            "equity": 939033,
            "current_ratio": 134.98,
            "debt_ratio": 31.35,
            "inventory_turnover_ratio": 794.37,
            "account_receivable_turnover_ratio": 1.61,
            "reinvestment_rate": null,
            "research_to_sale_ratio": null,
            "price_fair": 126.7,
            "eps_avg_yearly": 3.62,
            "eps_latest_yearly": 1.12,
            "eps_growth_yearly": 2073.51
        },
        "20144": {
            "year_quarter": 20144,
            "year": 2014,
            "quarter": 4,
            "eps": -5.17,
            "eps_growth_year": null,
            "eps_4q": -3.74,
            "eps_4q_growth_year": null,
            "roe": -17.03,
            "roe_4q": -12.94,
            "gross_profit": 9326,
            "gross_margin": 5.81,
            "gross_margin_4q_avg": 9.11,
            "net_income": -143445,
            "net_income_4q": null,
            "revenue": 160635,
            "revenue_4q": null,
            "common_shares": 272163,
            "book_valuer_per_share": 27.41,
            "book_valuer_per_share_4q_avg": 31.77,
            "equity": 745740,
            "current_ratio": 103.41,
            "debt_ratio": 35.46,
            "inventory_turnover_ratio": 600.43,
            "account_receivable_turnover_ratio": 1.33,
            "reinvestment_rate": null,
            "research_to_sale_ratio": null,
            "price_fair": 126.7,
            "eps_avg_yearly": 3.62,
            "eps_latest_yearly": 1.12,
            "eps_growth_yearly": 2073.51
        },
        "20151": {
            "year_quarter": 20151,
            "year": 2015,
            "quarter": 1,
            "eps": -1.59,
            "eps_growth_year": -2750,
            "eps_4q": -5.37,
            "eps_4q_growth_year": null,
            "roe": -6.11,
            "roe_4q": -19.12,
            "gross_profit": 27969,
            "gross_margin": 16.73,
            "gross_margin_4q_avg": 10.12,
            "net_income": -44431,
            "net_income_4q": null,
            "revenue": 167224,
            "revenue_4q": null,
            "common_shares": 273208,
            "book_valuer_per_share": 25.98,
            "book_valuer_per_share_4q_avg": 30.1,
            "equity": 708302,
            "current_ratio": 98.41,
            "debt_ratio": 37.8,
            "inventory_turnover_ratio": 543.96,
            "account_receivable_turnover_ratio": 1.35,
            "reinvestment_rate": null,
            "research_to_sale_ratio": null,
            "price_fair": 126.7,
            "eps_avg_yearly": 3.62,
            "eps_latest_yearly": 1.12,
            "eps_growth_yearly": 2073.51
        },
        "20152": {
            "year_quarter": 20152,
            "year": 2015,
            "quarter": 2,
            "eps": -2.26,
            "eps_growth_year": -283.74,
            "eps_4q": -8.74,
            "eps_4q_growth_year": -2179.74,
            "roe": -9.3,
            "roe_4q": -31.639999999999997,
            "gross_profit": 7799,
            "gross_margin": 7.03,
            "gross_margin_4q_avg": 9.55,
            "net_income": -62862,
            "net_income_4q": null,
            "revenue": 110870,
            "revenue_4q": null,
            "common_shares": 273208,
            "book_valuer_per_share": 23.68,
            "book_valuer_per_share_4q_avg": 27.7,
            "equity": 644085,
            "current_ratio": 83.03,
            "debt_ratio": 36.47,
            "inventory_turnover_ratio": 407.4,
            "account_receivable_turnover_ratio": 1.15,
            "reinvestment_rate": null,
            "research_to_sale_ratio": null,
            "price_fair": 163.8,
            "eps_avg_yearly": 4.68,
            "eps_latest_yearly": 1.12,
            "eps_growth_yearly": 2886.56
        },
        "20153": {
            "year_quarter": 20153,
            "year": 2015,
            "quarter": 3,
            "eps": -4.76,
            "eps_growth_year": -1800,
            "eps_4q": -13.75,
            "eps_4q_growth_year": -2895.96,
            "roe": -22.36,
            "roe_4q": -54.800000000000004,
            "gross_profit": 12028,
            "gross_margin": 12.83,
            "gross_margin_4q_avg": 10.6,
            "net_income": -130966,
            "net_income_4q": null,
            "revenue": 93728,
            "revenue_4q": null,
            "common_shares": 273208,
            "book_valuer_per_share": 19.21,
            "book_valuer_per_share_4q_avg": 24.07,
            "equity": 527354,
            "current_ratio": 89.88,
            "debt_ratio": 45.24,
            "inventory_turnover_ratio": 316.67,
            "account_receivable_turnover_ratio": 1.79,
            "reinvestment_rate": null,
            "research_to_sale_ratio": null,
            "price_fair": 163.8,
            "eps_avg_yearly": 4.68,
            "eps_latest_yearly": 1.12,
            "eps_growth_yearly": 2886.56
        },
        "20154": {
            "year_quarter": 20154,
            "year": 2015,
            "quarter": 4,
            "eps": -7.39,
            "eps_growth_year": null,
            "eps_4q": -16,
            "eps_4q_growth_year": null,
            "roe": -47.76,
            "roe_4q": -85.53,
            "gross_profit": -3238,
            "gross_margin": -3.42,
            "gross_margin_4q_avg": 8.29,
            "net_income": -204022,
            "net_income_4q": null,
            "revenue": 94595,
            "revenue_4q": null,
            "common_shares": 273208,
            "book_valuer_per_share": 11.96,
            "book_valuer_per_share_4q_avg": 20.21,
            "equity": 327072,
            "current_ratio": 90.95,
            "debt_ratio": 56,
            "inventory_turnover_ratio": 399.32,
            "account_receivable_turnover_ratio": 1.97,
            "reinvestment_rate": null,
            "research_to_sale_ratio": null,
            "price_fair": 163.8,
            "eps_avg_yearly": 4.68,
            "eps_latest_yearly": 1.12,
            "eps_growth_yearly": 2886.56
        },
        "20161": {
            "year_quarter": 20161,
            "year": 2016,
            "quarter": 1,
            "eps": -0.67,
            "eps_growth_year": null,
            "eps_4q": -15.08,
            "eps_4q_growth_year": null,
            "roe": -6.13,
            "roe_4q": -85.55,
            "gross_profit": 24741,
            "gross_margin": 21.35,
            "gross_margin_4q_avg": 9.45,
            "net_income": -19401,
            "net_income_4q": null,
            "revenue": 115886,
            "revenue_4q": null,
            "common_shares": 273208,
            "book_valuer_per_share": 11.21,
            "book_valuer_per_share_4q_avg": 16.52,
            "equity": 305810,
            "current_ratio": 89.03,
            "debt_ratio": 59.22,
            "inventory_turnover_ratio": 410.56,
            "account_receivable_turnover_ratio": 1.56,
            "reinvestment_rate": null,
            "research_to_sale_ratio": null,
            "price_fair": 105.7,
            "eps_avg_yearly": 3.02,
            "eps_latest_yearly": 1.12,
            "eps_growth_yearly": 3745.53
        },
        "20162": {
            "year_quarter": 20162,
            "year": 2016,
            "quarter": 2,
            "eps": -1.24,
            "eps_growth_year": null,
            "eps_4q": -14.07,
            "eps_4q_growth_year": null,
            "roe": -12.08,
            "roe_4q": -88.33,
            "gross_profit": 20563,
            "gross_margin": 22.32,
            "gross_margin_4q_avg": 13.27,
            "net_income": -34761,
            "net_income_4q": null,
            "revenue": 92122,
            "revenue_4q": null,
            "common_shares": 273208,
            "book_valuer_per_share": 9.94,
            "book_valuer_per_share_4q_avg": 13.08,
            "equity": 269918,
            "current_ratio": 86.27,
            "debt_ratio": 57.29,
            "inventory_turnover_ratio": 325.27,
            "account_receivable_turnover_ratio": 1.36,
            "reinvestment_rate": null,
            "research_to_sale_ratio": null,
            "price_fair": 105.7,
            "eps_avg_yearly": 3.02,
            "eps_latest_yearly": 1.12,
            "eps_growth_yearly": 3745.53
        },
        "20163": {
            "year_quarter": 20163,
            "year": 2016,
            "quarter": 3,
            "eps": -0.77,
            "eps_growth_year": null,
            "eps_4q": -10.07,
            "eps_4q_growth_year": null,
            "roe": -8.23,
            "roe_4q": -74.2,
            "gross_profit": 22220,
            "gross_margin": 21.56,
            "gross_margin_4q_avg": 15.45,
            "net_income": -21276,
            "net_income_4q": null,
            "revenue": 103051,
            "revenue_4q": null,
            "common_shares": 273208,
            "book_valuer_per_share": 9.11,
            "book_valuer_per_share_4q_avg": 10.56,
            "equity": 246959,
            "current_ratio": 75.31,
            "debt_ratio": 60,
            "inventory_turnover_ratio": 372.49,
            "account_receivable_turnover_ratio": 2.15,
            "reinvestment_rate": null,
            "research_to_sale_ratio": null,
            "price_fair": 105.7,
            "eps_avg_yearly": 3.02,
            "eps_latest_yearly": 1.12,
            "eps_growth_yearly": 3745.53
        },
        "20164": {
            "year_quarter": 20164,
            "year": 2016,
            "quarter": 4,
            "eps": 0.28,
            "eps_growth_year": null,
            "eps_4q": -2.4,
            "eps_4q_growth_year": null,
            "roe": 2.81,
            "roe_4q": -23.63,
            "gross_profit": 24751,
            "gross_margin": 25.94,
            "gross_margin_4q_avg": 22.79,
            "net_income": 7108,
            "net_income_4q": null,
            "revenue": 95414,
            "revenue_4q": null,
            "common_shares": 273208,
            "book_valuer_per_share": 9.52,
            "book_valuer_per_share_4q_avg": 9.95,
            "equity": 259080,
            "current_ratio": 96.59,
            "debt_ratio": 55.08,
            "inventory_turnover_ratio": 660.4,
            "account_receivable_turnover_ratio": 1.65,
            "reinvestment_rate": null,
            "research_to_sale_ratio": null,
            "price_fair": 105.7,
            "eps_avg_yearly": 3.02,
            "eps_latest_yearly": 1.12,
            "eps_growth_yearly": 3745.53
        },
        "20171": {
            "year_quarter": 20171,
            "year": 2017,
            "quarter": 1,
            "eps": 0.1,
            "eps_growth_year": null,
            "eps_4q": -1.63,
            "eps_4q_growth_year": null,
            "roe": 0.72,
            "roe_4q": -16.78,
            "gross_profit": 24796,
            "gross_margin": 23.02,
            "gross_margin_4q_avg": 23.21,
            "net_income": 1860,
            "net_income_4q": null,
            "revenue": 107699,
            "revenue_4q": null,
            "common_shares": 273208,
            "book_valuer_per_share": 9.46,
            "book_valuer_per_share_4q_avg": 9.51,
            "equity": 256635,
            "current_ratio": 97.14,
            "debt_ratio": 51.46,
            "inventory_turnover_ratio": null,
            "account_receivable_turnover_ratio": 1.84,
            "reinvestment_rate": null,
            "research_to_sale_ratio": null,
            "price_fair": 75.13,
            "eps_avg_yearly": 2.15,
            "eps_latest_yearly": 0.4,
            "eps_growth_yearly": 2411.3
        },
        "20172": {
            "year_quarter": 20172,
            "year": 2017,
            "quarter": 2,
            "eps": 1.94,
            "eps_growth_year": null,
            "eps_4q": 1.55,
            "eps_4q_growth_year": null,
            "roe": 18.57,
            "roe_4q": 13.869999999999997,
            "gross_profit": 19444,
            "gross_margin": 25.81,
            "gross_margin_4q_avg": 24.08,
            "net_income": 52539,
            "net_income_4q": null,
            "revenue": 75333,
            "revenue_4q": null,
            "common_shares": 273208,
            "book_valuer_per_share": 11.41,
            "book_valuer_per_share_4q_avg": 9.88,
            "equity": 309282,
            "current_ratio": 129.98,
            "debt_ratio": 40.15,
            "inventory_turnover_ratio": 923.79,
            "account_receivable_turnover_ratio": 1.48,
            "reinvestment_rate": null,
            "research_to_sale_ratio": null,
            "price_fair": 124.25,
            "eps_avg_yearly": 3.55,
            "eps_latest_yearly": 7.76,
            "eps_growth_yearly": 3648.48
        },
        "20173": {
            "year_quarter": 20173,
            "year": 2017,
            "quarter": 3,
            "eps": 0.07,
            "eps_growth_year": null,
            "eps_4q": 2.39,
            "eps_4q_growth_year": null,
            "roe": 0.45,
            "roe_4q": 22.549999999999997,
            "gross_profit": 13840,
            "gross_margin": 18.46,
            "gross_margin_4q_avg": 23.31,
            "net_income": 1391,
            "net_income_4q": null,
            "revenue": 74969,
            "revenue_4q": null,
            "common_shares": 273208,
            "book_valuer_per_share": 11.51,
            "book_valuer_per_share_4q_avg": 10.48,
            "equity": 311487,
            "current_ratio": 133.73,
            "debt_ratio": 38.34,
            "inventory_turnover_ratio": 1010.4,
            "account_receivable_turnover_ratio": 1.69,
            "reinvestment_rate": null,
            "research_to_sale_ratio": null,
            "price_fair": 101.36,
            "eps_avg_yearly": 2.9,
            "eps_latest_yearly": 0.28,
            "eps_growth_yearly": 2841.67
        },
        "20174": {
            "year_quarter": 20174,
            "year": 2017,
            "quarter": 4,
            "eps": 0.67,
            "eps_growth_year": 142.26,
            "eps_4q": 2.79,
            "eps_4q_growth_year": null,
            "roe": 5.51,
            "roe_4q": 25.25,
            "gross_profit": 38904,
            "gross_margin": 32.87,
            "gross_margin_4q_avg": 25.04,
            "net_income": 18045,
            "net_income_4q": null,
            "revenue": 118368,
            "revenue_4q": null,
            "common_shares": 273208,
            "book_valuer_per_share": 12.05,
            "book_valuer_per_share_4q_avg": 11.11,
            "equity": 343095,
            "current_ratio": 123,
            "debt_ratio": 45.08,
            "inventory_turnover_ratio": null,
            "account_receivable_turnover_ratio": 1.7,
            "reinvestment_rate": null,
            "research_to_sale_ratio": null,
            "price_fair": 100.1,
            "eps_avg_yearly": 2.86,
            "eps_latest_yearly": 2.68,
            "eps_growth_yearly": 2939.49
        },
        "20181": {
            "year_quarter": 20181,
            "year": 2018,
            "quarter": 1,
            "eps": -0.32,
            "eps_growth_year": -420,
            "eps_4q": 2.37,
            "eps_4q_growth_year": null,
            "roe": -2.94,
            "roe_4q": 21.59,
            "gross_profit": 23867,
            "gross_margin": 24.66,
            "gross_margin_4q_avg": 25.45,
            "net_income": -9952,
            "net_income_4q": null,
            "revenue": 96787,
            "revenue_4q": null,
            "common_shares": 273208,
            "book_valuer_per_share": 11.71,
            "book_valuer_per_share_4q_avg": 11.67,
            "equity": 334140,
            "current_ratio": 124.27,
            "debt_ratio": 43.12,
            "inventory_turnover_ratio": null,
            "account_receivable_turnover_ratio": 1.21,
            "reinvestment_rate": null,
            "research_to_sale_ratio": null,
            "price_fair": 100.1,
            "eps_avg_yearly": 2.86,
            "eps_latest_yearly": 2.68,
            "eps_growth_yearly": 2939.49
        },
        "20182": {
            "year_quarter": 20182,
            "year": 2018,
            "quarter": 2,
            "eps": 0.9,
            "eps_growth_year": -53.61,
            "eps_4q": 1.32,
            "eps_4q_growth_year": -14.81,
            "roe": 5.91,
            "roe_4q": 8.93,
            "gross_profit": 15344,
            "gross_margin": 22.17,
            "gross_margin_4q_avg": 24.54,
            "net_income": 20870,
            "net_income_4q": null,
            "revenue": 69217,
            "revenue_4q": null,
            "common_shares": 273208,
            "book_valuer_per_share": 12.27,
            "book_valuer_per_share_4q_avg": 11.89,
            "equity": 371858,
            "current_ratio": 200.89,
            "debt_ratio": 33.18,
            "inventory_turnover_ratio": null,
            "account_receivable_turnover_ratio": 1.2,
            "reinvestment_rate": null,
            "research_to_sale_ratio": null,
            "price_fair": 85.68,
            "eps_avg_yearly": 2.45,
            "eps_latest_yearly": 2.68,
            "eps_growth_yearly": 1967.38
        },
        "20183": {
            "year_quarter": 20183,
            "year": 2018,
            "quarter": 3,
            "eps": -0.65,
            "eps_growth_year": -1028.57,
            "eps_4q": 0.6,
            "eps_4q_growth_year": -74.7,
            "roe": -4.43,
            "roe_4q": 4.050000000000001,
            "gross_profit": 35718,
            "gross_margin": 33.99,
            "gross_margin_4q_avg": 28.42,
            "net_income": -16106,
            "net_income_4q": null,
            "revenue": 105078,
            "revenue_4q": null,
            "common_shares": 273208,
            "book_valuer_per_share": 11.63,
            "book_valuer_per_share_4q_avg": 11.92,
            "equity": 355891,
            "current_ratio": 215.36,
            "debt_ratio": 30.26,
            "inventory_turnover_ratio": null,
            "account_receivable_turnover_ratio": 1.89,
            "reinvestment_rate": null,
            "research_to_sale_ratio": null,
            "price_fair": 97.3,
            "eps_avg_yearly": 2.78,
            "eps_latest_yearly": 2.68,
            "eps_growth_yearly": 2536.47
        },
        "20184": {
            "year_quarter": 20184,
            "year": 2018,
            "quarter": 4,
            "eps": 0.16,
            "eps_growth_year": -76.62,
            "eps_4q": 0.09,
            "eps_4q_growth_year": -96.8,
            "roe": 4.28,
            "roe_4q": 2.8200000000000007,
            "gross_profit": 64990,
            "gross_margin": 46.92,
            "gross_margin_4q_avg": 31.94,
            "net_income": 15571,
            "net_income_4q": null,
            "revenue": 138503,
            "revenue_4q": null,
            "common_shares": 273208,
            "book_valuer_per_share": 11.8,
            "book_valuer_per_share_4q_avg": 11.85,
            "equity": 371728,
            "current_ratio": 238.22,
            "debt_ratio": 28.66,
            "inventory_turnover_ratio": null,
            "account_receivable_turnover_ratio": 1.61,
            "reinvestment_rate": null,
            "research_to_sale_ratio": null,
            "price_fair": 97.3,
            "eps_avg_yearly": 2.78,
            "eps_latest_yearly": 2.68,
            "eps_growth_yearly": 2536.47
        },
        "20191": {
            "year_quarter": 20191,
            "year": 2019,
            "quarter": 1,
            "eps": -0.2,
            "eps_growth_year": null,
            "eps_4q": 0.21,
            "eps_4q_growth_year": -91.14,
            "roe": -1.9,
            "roe_4q": 3.8600000000000008,
            "gross_profit": 40997,
            "gross_margin": 36.43,
            "gross_margin_4q_avg": 34.88,
            "net_income": -7181,
            "net_income_4q": null,
            "revenue": 112539,
            "revenue_4q": null,
            "common_shares": 273208,
            "book_valuer_per_share": 11.6,
            "book_valuer_per_share_4q_avg": 11.83,
            "equity": 385490,
            "current_ratio": 176.28,
            "debt_ratio": 34.74,
            "inventory_turnover_ratio": null,
            "account_receivable_turnover_ratio": 1.23,
            "reinvestment_rate": null,
            "research_to_sale_ratio": 4.08,
            "price_fair": 97.3,
            "eps_avg_yearly": 2.78,
            "eps_latest_yearly": 2.68,
            "eps_growth_yearly": 2536.47
        },
        "20192": {
            "year_quarter": 20192,
            "year": 2019,
            "quarter": 2,
            "eps": -1.51,
            "eps_growth_year": -267.78,
            "eps_4q": -2.21,
            "eps_4q_growth_year": -266.72,
            "roe": -15.09,
            "roe_4q": -17.139999999999997,
            "gross_profit": 23441,
            "gross_margin": 23.84,
            "gross_margin_4q_avg": 35.3,
            "net_income": -55199,
            "net_income_4q": null,
            "revenue": 98319,
            "revenue_4q": null,
            "common_shares": 273208,
            "book_valuer_per_share": 10.11,
            "book_valuer_per_share_4q_avg": 11.29,
            "equity": 345878,
            "current_ratio": 140.66,
            "debt_ratio": 36.37,
            "inventory_turnover_ratio": null,
            "account_receivable_turnover_ratio": 1.43,
            "reinvestment_rate": null,
            "research_to_sale_ratio": 6.71,
            "price_fair": 97.3,
            "eps_avg_yearly": 2.78,
            "eps_latest_yearly": 2.68,
            "eps_growth_yearly": 2536.47
        },
        "20193": {
            "year_quarter": 20193,
            "year": 2019,
            "quarter": 3,
            "eps": -1.38,
            "eps_growth_year": null,
            "eps_4q": -2.93,
            "eps_4q_growth_year": -585.28,
            "roe": -14.46,
            "roe_4q": -27.169999999999998,
            "gross_profit": 10985,
            "gross_margin": 15.68,
            "gross_margin_4q_avg": 30.72,
            "net_income": -46676,
            "net_income_4q": null,
            "revenue": 70054,
            "revenue_4q": null,
            "common_shares": 273208,
            "book_valuer_per_share": 8.72,
            "book_valuer_per_share_4q_avg": 10.56,
            "equity": 299670,
            "current_ratio": 131.66,
            "debt_ratio": 37.52,
            "inventory_turnover_ratio": null,
            "account_receivable_turnover_ratio": 1.37,
            "reinvestment_rate": null,
            "research_to_sale_ratio": 12.52,
            "price_fair": 97.3,
            "eps_avg_yearly": 2.78,
            "eps_latest_yearly": 2.68,
            "eps_growth_yearly": 2536.47
        },
        "20194": {
            "year_quarter": 20194,
            "year": 2019,
            "quarter": 4,
            "eps": -4.02,
            "eps_growth_year": -2656.22,
            "eps_4q": -7.11,
            "eps_4q_growth_year": -8079.01,
            "roe": -57.29,
            "roe_4q": -88.74000000000001,
            "gross_profit": -7600,
            "gross_margin": -13.4,
            "gross_margin_4q_avg": 15.64,
            "net_income": -135005,
            "net_income_4q": null,
            "revenue": 56696,
            "revenue_4q": null,
            "common_shares": 273208,
            "book_valuer_per_share": 5.02,
            "book_valuer_per_share_4q_avg": 8.86,
            "equity": 171605,
            "current_ratio": 115.06,
            "debt_ratio": 51.96,
            "inventory_turnover_ratio": null,
            "account_receivable_turnover_ratio": 1.46,
            "reinvestment_rate": null,
            "research_to_sale_ratio": 15.94,
            "price_fair": 97.3,
            "eps_avg_yearly": 2.78,
            "eps_latest_yearly": 2.68,
            "eps_growth_yearly": 2536.47
        },
        "20201": {
            "year_quarter": 20201,
            "year": 2020,
            "quarter": 1,
            "eps": -0.85,
            "eps_growth_year": null,
            "eps_4q": -7.76,
            "eps_4q_growth_year": -3798.79,
            "roe": -20.56,
            "roe_4q": -107.4,
            "gross_profit": 9350,
            "gross_margin": 20.68,
            "gross_margin_4q_avg": 11.7,
            "net_income": -33060,
            "net_income_4q": null,
            "revenue": 45207,
            "revenue_4q": null,
            "common_shares": 273208,
            "book_valuer_per_share": 4.52,
            "book_valuer_per_share_4q_avg": 7.09,
            "equity": 150027,
            "current_ratio": 99.39,
            "debt_ratio": 59.41,
            "inventory_turnover_ratio": null,
            "account_receivable_turnover_ratio": 1.61,
            "reinvestment_rate": null,
            "research_to_sale_ratio": 21.93,
            "price_fair": 97.3,
            "eps_avg_yearly": 2.78,
            "eps_latest_yearly": 2.68,
            "eps_growth_yearly": 2536.47
        },
        "20202": {
            "year_quarter": 20202,
            "year": 2020,
            "quarter": 2,
            "eps": -0.46,
            "eps_growth_year": null,
            "eps_4q": -6.71,
            "eps_4q_growth_year": null,
            "roe": -18.38,
            "roe_4q": -110.69,
            "gross_profit": 6010,
            "gross_margin": 23.59,
            "gross_margin_4q_avg": 11.64,
            "net_income": -24270,
            "net_income_4q": null,
            "revenue": 25476,
            "revenue_4q": null,
            "common_shares": 273208,
            "book_valuer_per_share": 4.8,
            "book_valuer_per_share_4q_avg": 5.77,
            "equity": 114066,
            "current_ratio": 75.99,
            "debt_ratio": 63.67,
            "inventory_turnover_ratio": null,
            "account_receivable_turnover_ratio": 1.41,
            "reinvestment_rate": null,
            "research_to_sale_ratio": null,
            "price_fair": 97.3,
            "eps_avg_yearly": 2.78,
            "eps_latest_yearly": 2.68,
            "eps_growth_yearly": 2536.47
        },
        "20203": {
            "year_quarter": 20203,
            "year": 2020,
            "quarter": 3,
            "eps": 1.22,
            "eps_growth_year": null,
            "eps_4q": -9.44,
            "eps_4q_growth_year": null,
            "roe": 11.11,
            "roe_4q": -85.12,
            "gross_profit": -947,
            "gross_margin": -6.24,
            "gross_margin_4q_avg": 6.16,
            "net_income": 14550,
            "net_income_4q": null,
            "revenue": 15165,
            "revenue_4q": null,
            "common_shares": 136604,
            "book_valuer_per_share": 10.83,
            "book_valuer_per_share_4q_avg": 6.29,
            "equity": 147928,
            "current_ratio": 82.23,
            "debt_ratio": 46.09,
            "inventory_turnover_ratio": null,
            "account_receivable_turnover_ratio": 1.42,
            "reinvestment_rate": null,
            "research_to_sale_ratio": null,
            "price_fair": 97.3,
            "eps_avg_yearly": 2.78,
            "eps_latest_yearly": 2.68,
            "eps_growth_yearly": 2536.47
        },
        "20204": {
            "year_quarter": 20204,
            "year": 2020,
            "quarter": 4,
            "eps": -3.5,
            "eps_growth_year": null,
            "eps_4q": -4.9,
            "eps_4q_growth_year": null,
            "roe": -38.54,
            "roe_4q": -66.37,
            "gross_profit": -1497,
            "gross_margin": -14.06,
            "gross_margin_4q_avg": 5.99,
            "net_income": -47871,
            "net_income_4q": null,
            "revenue": 10650,
            "revenue_4q": null,
            "common_shares": 136604,
            "book_valuer_per_share": 7.35,
            "book_valuer_per_share_4q_avg": 6.88,
            "equity": 100471,
            "current_ratio": 75.47,
            "debt_ratio": 54.61,
            "inventory_turnover_ratio": null,
            "account_receivable_turnover_ratio": 1.58,
            "reinvestment_rate": null,
            "research_to_sale_ratio": null,
            "price_fair": 97.3,
            "eps_avg_yearly": 2.78,
            "eps_latest_yearly": 2.68,
            "eps_growth_yearly": 2536.47
        },
        "20211": {
            "year_quarter": 20211,
            "year": 2021,
            "quarter": 1,
            "eps": 1.32,
            "eps_growth_year": null,
            "eps_4q": -1.89,
            "eps_4q_growth_year": null,
            "roe": 16.4,
            "roe_4q": -29.41,
            "gross_profit": 1080,
            "gross_margin": 11.09,
            "gross_margin_4q_avg": 3.6,
            "net_income": 17971,
            "net_income_4q": null,
            "revenue": 9741,
            "revenue_4q": null,
            "common_shares": 136604,
            "book_valuer_per_share": 8.69,
            "book_valuer_per_share_4q_avg": 7.92,
            "equity": 118682,
            "current_ratio": 133.96,
            "debt_ratio": 50.74,
            "inventory_turnover_ratio": null,
            "account_receivable_turnover_ratio": 1.7,
            "reinvestment_rate": null,
            "research_to_sale_ratio": null,
            "price_fair": 125.07,
            "eps_avg_yearly": 3.57,
            "eps_latest_yearly": 2.68,
            "eps_growth_yearly": 3467.67
        },
        "20212": {
            "year_quarter": 20212,
            "year": 2021,
            "quarter": 2,
            "eps": -0.47,
            "eps_growth_year": null,
            "eps_4q": -1.45,
            "eps_4q_growth_year": null,
            "roe": -5.74,
            "roe_4q": -16.770000000000003,
            "gross_profit": 953,
            "gross_margin": 10.59,
            "gross_margin_4q_avg": 0.35,
            "net_income": -6475,
            "net_income_4q": null,
            "revenue": 8996,
            "revenue_4q": null,
            "common_shares": 136604,
            "book_valuer_per_share": 7.82,
            "book_valuer_per_share_4q_avg": 8.67,
            "equity": 106799,
            "current_ratio": 105.15,
            "debt_ratio": 53.34,
            "inventory_turnover_ratio": null,
            "account_receivable_turnover_ratio": 1.54,
            "reinvestment_rate": null,
            "research_to_sale_ratio": null,
            "price_fair": 51.8,
            "eps_avg_yearly": 1.48,
            "eps_latest_yearly": 2.68,
            "eps_growth_yearly": 1521.5
        },
        "20213": {
            "year_quarter": 20213,
            "year": 2021,
            "quarter": 3,
            "eps": 3.59,
            "eps_growth_year": 194.26,
            "eps_4q": 0.92,
            "eps_4q_growth_year": null,
            "roe": 37.47,
            "roe_4q": 9.589999999999996,
            "gross_profit": 1026,
            "gross_margin": 11.27,
            "gross_margin_4q_avg": 4.72,
            "net_income": 48982,
            "net_income_4q": null,
            "revenue": 9102,
            "revenue_4q": null,
            "common_shares": 136604,
            "book_valuer_per_share": 11.32,
            "book_valuer_per_share_4q_avg": 8.8,
            "equity": 154636,
            "current_ratio": 155.13,
            "debt_ratio": 43.39,
            "inventory_turnover_ratio": null,
            "account_receivable_turnover_ratio": 1.62,
            "reinvestment_rate": null,
            "research_to_sale_ratio": null,
            "price_fair": 93.8,
            "eps_avg_yearly": 2.68,
            "eps_latest_yearly": 2.68,
            "eps_growth_yearly": 3428.57
        },
        "20214": {
            "year_quarter": 20214,
            "year": 2021,
            "quarter": 4,
            "eps": -2.64,
            "eps_growth_year": null,
            "eps_4q": 1.79,
            "eps_4q_growth_year": null,
            "roe": -26.32,
            "roe_4q": 21.809999999999995,
            "gross_profit": 4816,
            "gross_margin": 35.02,
            "gross_margin_4q_avg": 16.99,
            "net_income": -35996,
            "net_income_4q": null,
            "revenue": 13752,
            "revenue_4q": null,
            "common_shares": 136604,
            "book_valuer_per_share": 8.71,
            "book_valuer_per_share_4q_avg": 9.14,
            "equity": 118924,
            "current_ratio": 125.76,
            "debt_ratio": 50.52,
            "inventory_turnover_ratio": null,
            "account_receivable_turnover_ratio": 2.02,
            "reinvestment_rate": null,
            "research_to_sale_ratio": null,
            "price_fair": 0,
            "eps_avg_yearly": 0,
            "eps_latest_yearly": 0,
            "eps_growth_yearly": 0
        },
        "20221": {
            "year_quarter": 20221,
            "year": 2022,
            "quarter": 1,
            "eps": -1.59,
            "eps_growth_year": -220.45,
            "eps_4q": -1.11,
            "eps_4q_growth_year": null,
            "roe": -18.98,
            "roe_4q": -13.569999999999999,
            "gross_profit": 9761,
            "gross_margin": 36.78,
            "gross_margin_4q_avg": 23.42,
            "net_income": -22030,
            "net_income_4q": null,
            "revenue": 26538,
            "revenue_4q": null,
            "common_shares": 136604,
            "book_valuer_per_share": 8.12,
            "book_valuer_per_share_4q_avg": 8.99,
            "equity": 113159,
            "current_ratio": 119.03,
            "debt_ratio": 52.1,
            "inventory_turnover_ratio": null,
            "account_receivable_turnover_ratio": 2.06,
            "reinvestment_rate": null,
            "research_to_sale_ratio": null,
            "price_fair": 0,
            "eps_avg_yearly": 0,
            "eps_latest_yearly": 0,
            "eps_growth_yearly": 0
        },
        "20222": {
            "year_quarter": 20222,
            "year": 2022,
            "quarter": 2,
            "eps": -1.38,
            "eps_growth_year": null,
            "eps_4q": -2.03,
            "eps_4q_growth_year": null,
            "roe": -18.4,
            "roe_4q": -26.229999999999997,
            "gross_profit": 32424,
            "gross_margin": 49.77,
            "gross_margin_4q_avg": 33.21,
            "net_income": -19307,
            "net_income_4q": null,
            "revenue": 65153,
            "revenue_4q": null,
            "common_shares": 139314,
            "book_valuer_per_share": 6.92,
            "book_valuer_per_share_4q_avg": 8.77,
            "equity": 96741,
            "current_ratio": 106.47,
            "debt_ratio": 57.75,
            "inventory_turnover_ratio": null,
            "account_receivable_turnover_ratio": 3.88,
            "reinvestment_rate": null,
            "research_to_sale_ratio": null,
            "price_fair": 0,
            "eps_avg_yearly": 0,
            "eps_latest_yearly": 0,
            "eps_growth_yearly": 0
        },
        "20223": {
            "year_quarter": 20223,
            "year": 2022,
            "quarter": 3,
            "eps": -1.55,
            "eps_growth_year": -143.18,
            "eps_4q": -7.08,
            "eps_4q_growth_year": -867.15,
            "roe": -25.19,
            "roe_4q": -88.89000000000001,
            "gross_profit": 925,
            "gross_margin": 7,
            "gross_margin_4q_avg": 32.14,
            "net_income": -21662,
            "net_income_4q": null,
            "revenue": 13209,
            "revenue_4q": null,
            "common_shares": 139824,
            "book_valuer_per_share": 5.38,
            "book_valuer_per_share_4q_avg": 7.28,
            "equity": 75218,
            "current_ratio": 87.78,
            "debt_ratio": 63.35,
            "inventory_turnover_ratio": null,
            "account_receivable_turnover_ratio": 1.24,
            "reinvestment_rate": null,
            "research_to_sale_ratio": null,
            "price_fair": 0,
            "eps_avg_yearly": 0,
            "eps_latest_yearly": 0,
            "eps_growth_yearly": 0
        },
        "20224": {
            "year_quarter": 20224,
            "year": 2022,
            "quarter": 4,
            "eps": -3.4,
            "eps_growth_year": null,
            "eps_4q": -7.68,
            "eps_4q_growth_year": -528.72,
            "roe": -88.99,
            "roe_4q": -151.55999999999997,
            "gross_profit": -8576,
            "gross_margin": -93.38,
            "gross_margin_4q_avg": 0.04,
            "net_income": -54307,
            "net_income_4q": null,
            "revenue": 9184,
            "revenue_4q": null,
            "common_shares": 147237,
            "book_valuer_per_share": 3.25,
            "book_valuer_per_share_4q_avg": 5.92,
            "equity": 46832,
            "current_ratio": 108.06,
            "debt_ratio": 72.68,
            "inventory_turnover_ratio": null,
            "account_receivable_turnover_ratio": 1.75,
            "reinvestment_rate": null,
            "research_to_sale_ratio": null,
            "price_fair": 0,
            "eps_avg_yearly": 0,
            "eps_latest_yearly": 0,
            "eps_growth_yearly": 0
        },
        "20231": {
            "year_quarter": 20231,
            "year": 2023,
            "quarter": 1,
            "eps": -1.54,
            "eps_growth_year": null,
            "eps_4q": -7.39,
            "eps_4q_growth_year": null,
            "roe": -56.1,
            "roe_4q": -188.68,
            "gross_profit": -6328,
            "gross_margin": -65.42,
            "gross_margin_4q_avg": -25.51,
            "net_income": -25993,
            "net_income_4q": null,
            "revenue": 9673,
            "revenue_4q": null,
            "common_shares": 154025,
            "book_valuer_per_share": 3.26,
            "book_valuer_per_share_4q_avg": 4.7,
            "equity": 45834,
            "current_ratio": 109.95,
            "debt_ratio": 70.65,
            "inventory_turnover_ratio": null,
            "account_receivable_turnover_ratio": 1.77,
            "reinvestment_rate": null,
            "research_to_sale_ratio": null,
            "price_fair": 0,
            "eps_avg_yearly": 0,
            "eps_latest_yearly": 0,
            "eps_growth_yearly": 0
        },
        "20232": {
            "year_quarter": 20232,
            "year": 2023,
            "quarter": 2,
            "eps": -0.98,
            "eps_growth_year": null,
            "eps_4q": -6.54,
            "eps_4q_growth_year": null,
            "roe": -26.42,
            "roe_4q": -196.7,
            "gross_profit": -5524,
            "gross_margin": -86.71,
            "gross_margin_4q_avg": -59.63,
            "net_income": -17033,
            "net_income_4q": null,
            "revenue": 6371,
            "revenue_4q": null,
            "common_shares": 167525,
            "book_valuer_per_share": 5.05,
            "book_valuer_per_share_4q_avg": 4.24,
            "equity": 83130,
            "current_ratio": 149.06,
            "debt_ratio": 56.24,
            "inventory_turnover_ratio": 6.47,
            "account_receivable_turnover_ratio": 1.25,
            "reinvestment_rate": null,
            "research_to_sale_ratio": null,
            "price_fair": 0,
            "eps_avg_yearly": 0,
            "eps_latest_yearly": 0,
            "eps_growth_yearly": 0
        },
        "20233": {
            "year_quarter": 20233,
            "year": 2023,
            "quarter": 3,
            "eps": -2.96,
            "eps_growth_year": null,
            "eps_4q": -13.46,
            "eps_4q_growth_year": null,
            "roe": -38.15,
            "roe_4q": -209.65999999999997,
            "gross_profit": -3580,
            "gross_margin": -45.16,
            "gross_margin_4q_avg": -72.67,
            "net_income": -26636,
            "net_income_4q": null,
            "revenue": 7928,
            "revenue_4q": null,
            "common_shares": 83762,
            "book_valuer_per_share": 7.14,
            "book_valuer_per_share_4q_avg": 4.68,
            "equity": 56512,
            "current_ratio": 118.86,
            "debt_ratio": 66,
            "inventory_turnover_ratio": 6.39,
            "account_receivable_turnover_ratio": 2.13,
            "reinvestment_rate": null,
            "research_to_sale_ratio": null,
            "price_fair": 0,
            "eps_avg_yearly": 0,
            "eps_latest_yearly": 0,
            "eps_growth_yearly": 0
        }
    },
    "months": {
        "2010-05": {
            "month": "2010-05",
            "price": "164.58",
            "revenue": 62257
        },
        "2010-06": {
            "month": "2010-06",
            "price": "126.07",
            "revenue": 69823
        },
        "2010-07": {
            "month": "2010-07",
            "price": "119.95",
            "revenue": 66466
        },
        "2010-08": {
            "month": "2010-08",
            "price": "119.47",
            "revenue": 60396
        },
        "2010-09": {
            "month": "2010-09",
            "price": "118.58",
            "revenue": 60449
        },
        "2010-10": {
            "month": "2010-10",
            "price": "118.45",
            "revenue": 61353
        },
        "2010-11": {
            "month": "2010-11",
            "price": "105.90",
            "revenue": 52624
        },
        "2010-12": {
            "month": "2010-12",
            "price": "116.21",
            "revenue": 53767
        },
        "2011-01": {
            "month": "2011-01",
            "price": "122.12",
            "revenue": 62773
        },
        "2011-02": {
            "month": "2011-02",
            "price": "113.00",
            "revenue": 65983
        },
        "2011-03": {
            "month": "2011-03",
            "price": "109.74",
            "revenue": 61097
        },
        "2011-04": {
            "month": "2011-04",
            "price": "112.07",
            "revenue": 62236
        },
        "2011-05": {
            "month": "2011-05",
            "price": "126.92",
            "revenue": 61819
        },
        "2011-06": {
            "month": "2011-06",
            "price": "180.33",
            "revenue": 67414
        },
        "2011-07": {
            "month": "2011-07",
            "price": "151.55",
            "revenue": 67410
        },
        "2011-08": {
            "month": "2011-08",
            "price": "82.77",
            "revenue": 60569
        },
        "2011-09": {
            "month": "2011-09",
            "price": "64.39",
            "revenue": 47525
        },
        "2011-10": {
            "month": "2011-10",
            "price": "61.88",
            "revenue": 50440
        },
        "2011-11": {
            "month": "2011-11",
            "price": "53.70",
            "revenue": 55045
        },
        "2011-12": {
            "month": "2011-12",
            "price": "52.75",
            "revenue": 68370
        },
        "2012-01": {
            "month": "2012-01",
            "price": "63.79",
            "revenue": 110286
        },
        "2012-02": {
            "month": "2012-02",
            "price": "85.72",
            "revenue": 77686
        },
        "2012-03": {
            "month": "2012-03",
            "price": "80.37",
            "revenue": 63541
        },
        "2012-04": {
            "month": "2012-04",
            "price": "74.64",
            "revenue": 62224
        },
        "2012-05": {
            "month": "2012-05",
            "price": "83.92",
            "revenue": 62416
        },
        "2012-06": {
            "month": "2012-06",
            "price": "84.27",
            "revenue": 54503
        },
        "2012-07": {
            "month": "2012-07",
            "price": "75.36",
            "revenue": 51898
        },
        "2012-08": {
            "month": "2012-08",
            "price": "68.15",
            "revenue": 53394
        },
        "2012-09": {
            "month": "2012-09",
            "price": "59.06",
            "revenue": 46240
        },
        "2012-10": {
            "month": "2012-10",
            "price": "61.80",
            "revenue": 53516
        },
        "2012-11": {
            "month": "2012-11",
            "price": "66.66",
            "revenue": 48891
        },
        "2012-12": {
            "month": "2012-12",
            "price": "68.61",
            "revenue": 53731
        },
        "2013-01": {
            "month": "2013-01",
            "price": "67.84",
            "revenue": 62621
        },
        "2013-02": {
            "month": "2013-02",
            "price": "61.37",
            "revenue": 84500
        },
        "2013-03": {
            "month": "2013-03",
            "price": "57.60",
            "revenue": 77027
        },
        "2013-04": {
            "month": "2013-04",
            "price": "52.70",
            "revenue": 64156
        },
        "2013-05": {
            "month": "2013-05",
            "price": "54.26",
            "revenue": 61046
        },
        "2013-06": {
            "month": "2013-06",
            "price": "56.08",
            "revenue": 75603
        },
        "2013-07": {
            "month": "2013-07",
            "price": "53.10",
            "revenue": 76087
        },
        "2013-08": {
            "month": "2013-08",
            "price": "51.51",
            "revenue": 101792
        },
        "2013-09": {
            "month": "2013-09",
            "price": "49.12",
            "revenue": 85455
        },
        "2013-10": {
            "month": "2013-10",
            "price": "47.51",
            "revenue": 80065
        },
        "2013-11": {
            "month": "2013-11",
            "price": "42.19",
            "revenue": 75534
        },
        "2013-12": {
            "month": "2013-12",
            "price": "45.55",
            "revenue": 77341
        },
        "2014-01": {
            "month": "2014-01",
            "price": "71.86",
            "revenue": 96409
        },
        "2014-02": {
            "month": "2014-02",
            "price": "112.82",
            "revenue": 92588
        },
        "2014-03": {
            "month": "2014-03",
            "price": "108.93",
            "revenue": 71117
        },
        "2014-04": {
            "month": "2014-04",
            "price": "109.97",
            "revenue": 64475
        },
        "2014-05": {
            "month": "2014-05",
            "price": "101.30",
            "revenue": 74648
        },
        "2014-06": {
            "month": "2014-06",
            "price": "116.10",
            "revenue": 61614
        },
        "2014-07": {
            "month": "2014-07",
            "price": "99.97",
            "revenue": 68950
        },
        "2014-08": {
            "month": "2014-08",
            "price": "92.13",
            "revenue": 82775
        },
        "2014-09": {
            "month": "2014-09",
            "price": "85.05",
            "revenue": 62832
        },
        "2014-10": {
            "month": "2014-10",
            "price": "63.41",
            "revenue": 56771
        },
        "2014-11": {
            "month": "2014-11",
            "price": "60.01",
            "revenue": 51936
        },
        "2014-12": {
            "month": "2014-12",
            "price": "79.05",
            "revenue": 51938
        },
        "2015-01": {
            "month": "2015-01",
            "price": "80.00",
            "revenue": 48333
        },
        "2015-02": {
            "month": "2015-02",
            "price": "75.52",
            "revenue": 75052
        },
        "2015-03": {
            "month": "2015-03",
            "price": "70.49",
            "revenue": 43626
        },
        "2015-04": {
            "month": "2015-04",
            "price": "64.94",
            "revenue": 42919
        },
        "2015-05": {
            "month": "2015-05",
            "price": "61.17",
            "revenue": 36128
        },
        "2015-06": {
            "month": "2015-06",
            "price": "57.57",
            "revenue": 30856
        },
        "2015-07": {
            "month": "2015-07",
            "price": "49.08",
            "revenue": 30678
        },
        "2015-08": {
            "month": "2015-08",
            "price": "33.26",
            "revenue": 30919
        },
        "2015-09": {
            "month": "2015-09",
            "price": "33.60",
            "revenue": 31940
        },
        "2015-10": {
            "month": "2015-10",
            "price": "38.85",
            "revenue": 27986
        },
        "2015-11": {
            "month": "2015-11",
            "price": "38.35",
            "revenue": 31751
        },
        "2015-12": {
            "month": "2015-12",
            "price": "37.73",
            "revenue": 35259
        },
        "2016-01": {
            "month": "2016-01",
            "price": "33.60",
            "revenue": 32741
        },
        "2016-02": {
            "month": "2016-02",
            "price": "32.62",
            "revenue": 47307
        },
        "2016-03": {
            "month": "2016-03",
            "price": "35.91",
            "revenue": 35678
        },
        "2016-04": {
            "month": "2016-04",
            "price": "33.85",
            "revenue": 35598
        },
        "2016-05": {
            "month": "2016-05",
            "price": "29.12",
            "revenue": 28507
        },
        "2016-06": {
            "month": "2016-06",
            "price": "31.36",
            "revenue": 28398
        },
        "2016-07": {
            "month": "2016-07",
            "price": "31.08",
            "revenue": 32189
        },
        "2016-08": {
            "month": "2016-08",
            "price": "36.31",
            "revenue": 38741
        },
        "2016-09": {
            "month": "2016-09",
            "price": "32.16",
            "revenue": 32258
        },
        "2016-10": {
            "month": "2016-10",
            "price": "30.15",
            "revenue": 31801
        },
        "2016-11": {
            "month": "2016-11",
            "price": "28.55",
            "revenue": 31593
        },
        "2016-12": {
            "month": "2016-12",
            "price": "30.15",
            "revenue": 32014
        },
        "2017-01": {
            "month": "2017-01",
            "price": "31.32",
            "revenue": 55840
        },
        "2017-02": {
            "month": "2017-02",
            "price": "30.17",
            "revenue": 26822
        },
        "2017-03": {
            "month": "2017-03",
            "price": "29.25",
            "revenue": 25022
        },
        "2017-04": {
            "month": "2017-04",
            "price": "28.34",
            "revenue": 27370
        },
        "2017-05": {
            "month": "2017-05",
            "price": "32.17",
            "revenue": 25284
        },
        "2017-06": {
            "month": "2017-06",
            "price": "46.63",
            "revenue": 22724
        },
        "2017-07": {
            "month": "2017-07",
            "price": "41.82",
            "revenue": 22401
        },
        "2017-08": {
            "month": "2017-08",
            "price": "39.13",
            "revenue": 28334
        },
        "2017-09": {
            "month": "2017-09",
            "price": "43.12",
            "revenue": 24150
        },
        "2017-10": {
            "month": "2017-10",
            "price": "44.04",
            "revenue": 46949
        },
        "2017-11": {
            "month": "2017-11",
            "price": "44.18",
            "revenue": 34072
        },
        "2017-12": {
            "month": "2017-12",
            "price": "45.03",
            "revenue": 38143
        },
        "2018-01": {
            "month": "2018-01",
            "price": "45.65",
            "revenue": 28679
        },
        "2018-02": {
            "month": "2018-02",
            "price": "39.73",
            "revenue": 44632
        },
        "2018-03": {
            "month": "2018-03",
            "price": "38.52",
            "revenue": 26520
        },
        "2018-04": {
            "month": "2018-04",
            "price": "38.73",
            "revenue": 26998
        },
        "2018-05": {
            "month": "2018-05",
            "price": "39.68",
            "revenue": 21845
        },
        "2018-06": {
            "month": "2018-06",
            "price": "40.44",
            "revenue": 20328
        },
        "2018-07": {
            "month": "2018-07",
            "price": "37.36",
            "revenue": 18782
        },
        "2018-08": {
            "month": "2018-08",
            "price": "36.47",
            "revenue": 34882
        },
        "2018-09": {
            "month": "2018-09",
            "price": "37.65",
            "revenue": 51316
        },
        "2018-10": {
            "month": "2018-10",
            "price": "36.76",
            "revenue": 46410
        },
        "2018-11": {
            "month": "2018-11",
            "price": "35.41",
            "revenue": 41463
        },
        "2018-12": {
            "month": "2018-12",
            "price": "35.15",
            "revenue": 50546
        },
        "2019-01": {
            "month": "2019-01",
            "price": "34.38",
            "revenue": 35548
        },
        "2019-02": {
            "month": "2019-02",
            "price": "34.22",
            "revenue": 42675
        },
        "2019-03": {
            "month": "2019-03",
            "price": "34.74",
            "revenue": 34311
        },
        "2019-04": {
            "month": "2019-04",
            "price": "33.90",
            "revenue": 33048
        },
        "2019-05": {
            "month": "2019-05",
            "price": "30.86",
            "revenue": 32220
        },
        "2019-06": {
            "month": "2019-06",
            "price": "30.85",
            "revenue": 32593
        },
        "2019-07": {
            "month": "2019-07",
            "price": "31.23",
            "revenue": 25298
        },
        "2019-08": {
            "month": "2019-08",
            "price": "29.61",
            "revenue": 23508
        },
        "2019-09": {
            "month": "2019-09",
            "price": "29.70",
            "revenue": 21231
        },
        "2019-10": {
            "month": "2019-10",
            "price": "28.72",
            "revenue": 15641
        },
        "2019-11": {
            "month": "2019-11",
            "price": "27.92",
            "revenue": 17423
        },
        "2019-12": {
            "month": "2019-12",
            "price": "27.76",
            "revenue": 21674
        },
        "2020-01": {
            "month": "2020-01",
            "price": "27.28",
            "revenue": 28101
        },
        "2020-02": {
            "month": "2020-02",
            "price": "23.90",
            "revenue": 12449
        },
        "2020-03": {
            "month": "2020-03",
            "price": "20.37",
            "revenue": 4657
        },
        "2020-04": {
            "month": "2020-04",
            "price": "18.64",
            "revenue": 10398
        },
        "2020-05": {
            "month": "2020-05",
            "price": "16.97",
            "revenue": 7800
        },
        "2020-06": {
            "month": "2020-06",
            "price": "13.36",
            "revenue": 9542
        },
        "2020-07": {
            "month": "2020-07",
            "price": "12.40",
            "revenue": 9478
        },
        "2020-08": {
            "month": "2020-08",
            "price": "11.49",
            "revenue": 4364
        },
        "2020-09": {
            "month": "2020-09",
            "price": "11.77",
            "revenue": 4581
        },
        "2020-10": {
            "month": "2020-10",
            "price": "17.32",
            "revenue": 4738
        },
        "2020-11": {
            "month": "2020-11",
            "price": "23.99",
            "revenue": 3107
        },
        "2020-12": {
            "month": "2020-12",
            "price": "30.74",
            "revenue": 2805
        },
        "2021-01": {
            "month": "2021-01",
            "price": "41.02",
            "revenue": 1891
        },
        "2021-02": {
            "month": "2021-02",
            "price": "38.32",
            "revenue": 3975
        },
        "2021-03": {
            "month": "2021-03",
            "price": "39.76",
            "revenue": 3874
        },
        "2021-04": {
            "month": "2021-04",
            "price": "40.19",
            "revenue": 2799
        },
        "2021-05": {
            "month": "2021-05",
            "price": "39.62",
            "revenue": 2172
        },
        "2021-06": {
            "month": "2021-06",
            "price": "40.54",
            "revenue": 4038
        },
        "2021-07": {
            "month": "2021-07",
            "price": "37.17",
            "revenue": 2917
        },
        "2021-08": {
            "month": "2021-08",
            "price": "32.07",
            "revenue": 2869
        },
        "2021-09": {
            "month": "2021-09",
            "price": "29.14",
            "revenue": 3325
        },
        "2021-10": {
            "month": "2021-10",
            "price": "31.12",
            "revenue": 4513
        },
        "2021-11": {
            "month": "2021-11",
            "price": "33.08",
            "revenue": 5131
        },
        "2021-12": {
            "month": "2021-12",
            "price": "46.95",
            "revenue": 4112
        },
        "2022-01": {
            "month": "2022-01",
            "price": "73.95",
            "revenue": 5035
        },
        "2022-02": {
            "month": "2022-02",
            "price": "65.74",
            "revenue": 5767
        },
        "2022-03": {
            "month": "2022-03",
            "price": "79.27",
            "revenue": 15736
        },
        "2022-04": {
            "month": "2022-04",
            "price": "76.52",
            "revenue": 43462
        },
        "2022-05": {
            "month": "2022-05",
            "price": "65.68",
            "revenue": 14268
        },
        "2022-06": {
            "month": "2022-06",
            "price": "65.93",
            "revenue": 7423
        },
        "2022-07": {
            "month": "2022-07",
            "price": "53.43",
            "revenue": 4638
        },
        "2022-08": {
            "month": "2022-08",
            "price": "50.90",
            "revenue": 4448
        },
        "2022-09": {
            "month": "2022-09",
            "price": "49.74",
            "revenue": 4123
        },
        "2022-10": {
            "month": "2022-10",
            "price": "42.48",
            "revenue": 3725
        },
        "2022-11": {
            "month": "2022-11",
            "price": "44.97",
            "revenue": 3558
        },
        "2022-12": {
            "month": "2022-12",
            "price": "52.17",
            "revenue": 1901
        },
        "2023-01": {
            "month": "2023-01",
            "price": "50.86",
            "revenue": 3764
        },
        "2023-02": {
            "month": "2023-02",
            "price": "47.78",
            "revenue": 2995
        },
        "2023-03": {
            "month": "2023-03",
            "price": "44.24",
            "revenue": 2915
        },
        "2023-04": {
            "month": "2023-04",
            "price": "31.51",
            "revenue": 2522
        },
        "2023-05": {
            "month": "2023-05",
            "price": "25.74",
            "revenue": 2006
        },
        "2023-06": {
            "month": "2023-06",
            "price": "32.11",
            "revenue": 1843
        },
        "2023-07": {
            "month": "2023-07",
            "price": "26.41",
            "revenue": 2865
        },
        "2023-08": {
            "month": "2023-08",
            "price": "25.97",
            "revenue": 3549
        },
        "2023-09": {
            "month": "2023-09",
            "price": "27.98",
            "revenue": 1514
        },
        "2023-10": {
            "month": "2023-10",
            "price": "28.20",
            "revenue": 2133
        },
        "2023-11": {
            "month": "2023-11",
            "price": "45.23",
            "revenue": 1521
        }
    }
}
