{
    "summary": {
        "stock_name": "昂寶-KY",
        "stock_id": "4947",
        "category": "其他電子",
        "main_business": "IC設計",
        "website_url": "",
        "ceo": "陳志樑",
        "pe_ratio": 18,
        "report_year_from": 2009,
        "report_year_to": 2020,
        "age": 15,
        "eps_negative_percentage": 0,
        "eps_growth_avg": {
            "last_all": -3.44,
            "last_2y": -31.23,
            "last_4y": -17.94,
            "last_8y": -3.44,
            "last_12y": null,
            "last_16y": null,
            "last_20y": null,
            "at_2006_last_3y": null,
            "at_2007_last_3y": null,
            "at_2008_last_3y": null,
            "at_2009_last_3y": null,
            "at_2010_last_3y": null,
            "at_2011_last_3y": null,
            "at_2012_last_3y": null,
            "at_2013_last_3y": null,
            "at_2014_last_3y": null,
            "at_2015_last_3y": 14.68,
            "at_2016_last_3y": 18.17,
            "at_2017_last_3y": 3.16,
            "at_2018_last_3y": -0.47,
            "at_2019_last_3y": -3.64,
            "at_2020_last_3y": -24.82,
            "at_2021_last_3y": -24.82,
            "at_2022_last_3y": -24.82,
            "at_2023_last_3y": -24.82,
            "at_2024_last_3y": -24.82,
            "at_2006_last_all": null,
            "at_2007_last_all": null,
            "at_2008_last_all": null,
            "at_2009_last_all": null,
            "at_2010_last_all": null,
            "at_2011_last_all": null,
            "at_2012_last_all": null,
            "at_2013_last_all": 25.04,
            "at_2014_last_all": 19.98,
            "at_2015_last_all": 14.68,
            "at_2016_last_all": 13.66,
            "at_2017_last_all": 10.45,
            "at_2018_last_all": 8.29,
            "at_2019_last_all": 5.52,
            "at_2020_last_all": -3.44,
            "at_2021_last_all": -3.44,
            "at_2022_last_all": -3.44,
            "at_2023_last_all": -3.44,
            "at_2024_last_all": -3.44
        },
        "latest_eps": 12.78,
        "latest_price": 228.5,
        "latest_roe": 17.42,
        "latest_gross_margin": 43.67,
        "latest_equity": 4125591,
        "latest_revenue": 1045063,
        "latest_gross_profit": 456378,
        "latest_net_income": 163833,
        "latest_debt_ratio": 26.08,
        "latest_current_ratio": 405.59,
        "latest_account_receivable_turnover_ratio": 1.87,
        "latest_inventory_turnover_ratio": 0.69,
        "latest_reinvestment_rate": -2.01,
        "latest_research_to_sale_ratio": 17.44
    },
    "eps_dividends": {
        "2001": {
            "cash": 0,
            "stock": 0,
            "eps": 0
        },
        "2002": {
            "cash": 0,
            "stock": 0,
            "eps": 0
        },
        "2003": {
            "cash": 0,
            "stock": 0,
            "eps": 0
        },
        "2004": {
            "cash": 0,
            "stock": 0,
            "eps": 0
        },
        "2005": {
            "cash": 0,
            "stock": 0,
            "eps": 0
        },
        "2006": {
            "cash": 0,
            "stock": 0,
            "eps": 0
        },
        "2007": {
            "cash": 0,
            "stock": 0,
            "eps": 0
        },
        "2008": {
            "cash": 0,
            "stock": 0,
            "eps": 0
        },
        "2009": {
            "cash": 0,
            "stock": 0,
            "eps": 0
        },
        "2010": {
            "cash": 0,
            "stock": 19.57,
            "eps": 0
        },
        "2011": {
            "cash": 0,
            "stock": 0,
            "eps": 8.66
        },
        "2012": {
            "cash": 4,
            "stock": 0,
            "eps": 8.28
        },
        "2013": {
            "cash": 4.92,
            "stock": 0,
            "eps": 12.79
        },
        "2014": {
            "cash": 7.91,
            "stock": 0,
            "eps": 14.05
        },
        "2015": {
            "cash": 8.5,
            "stock": 0,
            "eps": 13.88
        },
        "2016": {
            "cash": 6,
            "stock": 2,
            "eps": 15.21
        },
        "2017": {
            "cash": 8,
            "stock": 0.2,
            "eps": 14.36
        },
        "2018": {
            "cash": 8,
            "stock": 0,
            "eps": 13.69
        },
        "2019": {
            "cash": 7.2,
            "stock": 0,
            "eps": 11.79
        },
        "2020": {
            "cash": 0,
            "stock": 0,
            "eps": 2.93
        }
    },
    "dividends": {
        "2010-07-31": {
            "cash": 0,
            "stock": 19.57
        },
        "2012-06-12": {
            "cash": 4,
            "stock": 0
        },
        "2013-06-14": {
            "cash": 4.92,
            "stock": 0
        },
        "2014-09-05": {
            "cash": 7.91,
            "stock": 0
        },
        "2015-09-04": {
            "cash": 8.5,
            "stock": 0
        },
        "2016-09-20": {
            "cash": 6,
            "stock": 2
        },
        "2017-09-22": {
            "cash": 8,
            "stock": 0.2
        },
        "2018-09-07": {
            "cash": 8,
            "stock": 0
        },
        "2019-09-05": {
            "cash": 7.2,
            "stock": 0
        }
    },
    "prices": {
        "200101": "無",
        "200102": "無",
        "200103": "無",
        "200104": "無",
        "200105": "無",
        "200106": "無",
        "200107": "無",
        "200108": "無",
        "200109": "無",
        "200110": "無",
        "200111": "無",
        "200112": "無",
        "200201": "無",
        "200202": "無",
        "200203": "無",
        "200204": "無",
        "200205": "無",
        "200206": "無",
        "200207": "無",
        "200208": "無",
        "200209": "無",
        "200210": "無",
        "200211": "無",
        "200212": "無",
        "200301": "無",
        "200302": "無",
        "200303": "無",
        "200304": "無",
        "200305": "無",
        "200306": "無",
        "200307": "無",
        "200308": "無",
        "200309": "無",
        "200310": "無",
        "200311": "無",
        "200312": "無",
        "200401": "無",
        "200402": "無",
        "200403": "無",
        "200404": "無",
        "200405": "無",
        "200406": "無",
        "200407": "無",
        "200408": "無",
        "200409": "無",
        "200410": "無",
        "200411": "無",
        "200412": "無",
        "200501": "無",
        "200502": "無",
        "200503": "無",
        "200504": "無",
        "200505": "無",
        "200506": "無",
        "200507": "無",
        "200508": "無",
        "200509": "無",
        "200510": "無",
        "200511": "無",
        "200512": "無",
        "200601": "無",
        "200602": "無",
        "200603": "無",
        "200604": "無",
        "200605": "無",
        "200606": "無",
        "200607": "無",
        "200608": "無",
        "200609": "無",
        "200610": "無",
        "200611": "無",
        "200612": "無",
        "200701": "無",
        "200702": "無",
        "200703": "無",
        "200704": "無",
        "200705": "無",
        "200706": "無",
        "200707": "無",
        "200708": "無",
        "200709": "無",
        "200710": "無",
        "200711": "無",
        "200712": "無",
        "200801": "無",
        "200802": "無",
        "200803": "無",
        "200804": "無",
        "200805": "無",
        "200806": "無",
        "200807": "無",
        "200808": "無",
        "200809": "無",
        "200810": "無",
        "200811": "無",
        "200812": "無",
        "200901": "無",
        "200902": "無",
        "200903": "無",
        "200904": "無",
        "200905": "無",
        "200906": "無",
        "200907": "無",
        "200908": "無",
        "200909": "無",
        "200910": "無",
        "200911": "無",
        "200912": "無",
        "201001": "無",
        "201002": "無",
        "201003": "無",
        "201004": "無",
        "201005": "無",
        "201006": "無",
        "201007": "無",
        "201008": "無",
        "201009": "無",
        "201010": "無",
        "201011": "無",
        "201012": "無",
        "201101": "無",
        "201102": "無",
        "201103": "無",
        "201104": "無",
        "201105": "無",
        "201106": "無",
        "201107": "無",
        "201108": "無",
        "201109": "無",
        "201110": "131.15",
        "201111": "101.99",
        "201112": "75.30",
        "201201": "88.86",
        "201202": "124.50",
        "201203": "121.89",
        "201204": "113.22",
        "201205": "124.89",
        "201206": "126.10",
        "201207": "112.59",
        "201208": "107.77",
        "201209": "103.21",
        "201210": "90.18",
        "201211": "85.24",
        "201212": "90.27",
        "201301": "104.00",
        "201302": "101.85",
        "201303": "110.74",
        "201304": "115.38",
        "201305": "114.05",
        "201306": "110.21",
        "201307": "122.43",
        "201308": "133.90",
        "201309": "157.68",
        "201310": "166.16",
        "201311": "204.36",
        "201312": "262.73",
        "201401": "266.44",
        "201402": "293.53",
        "201403": "320.71",
        "201404": "323.64",
        "201405": "274.45",
        "201406": "258.05",
        "201407": "224.77",
        "201408": "185.12",
        "201409": "177.60",
        "201410": "167.73",
        "201411": "163.05",
        "201412": "171.62",
        "201501": "185.92",
        "201502": "200.08",
        "201503": "203.41",
        "201504": "183.22",
        "201505": "168.52",
        "201506": "174.93",
        "201507": "171.82",
        "201508": "122.71",
        "201509": "141.80",
        "201510": "165.88",
        "201511": "208.31",
        "201512": "217.09",
        "201601": "226.79",
        "201602": "216.50",
        "201603": "201.37",
        "201604": "173.68",
        "201605": "183.90",
        "201606": "213.12",
        "201607": "241.30",
        "201608": "237.48",
        "201609": "234.32",
        "201610": "212.18",
        "201611": "196.68",
        "201612": "218.55",
        "201701": "213.41",
        "201702": "224.00",
        "201703": "209.17",
        "201704": "192.17",
        "201705": "207.60",
        "201706": "212.80",
        "201707": "214.43",
        "201708": "212.74",
        "201709": "227.14",
        "201710": "222.68",
        "201711": "239.02",
        "201712": "242.74",
        "201801": "286.64",
        "201802": "265.27",
        "201803": "300.26",
        "201804": "277.83",
        "201805": "279.73",
        "201806": "300.35",
        "201807": "278.93",
        "201808": "234.33",
        "201809": "183.00",
        "201810": "166.84",
        "201811": "186.59",
        "201812": "181.48",
        "201901": "168.31",
        "201902": "188.88",
        "201903": "188.70",
        "201904": "190.22",
        "201905": "154.86",
        "201906": "150.92",
        "201907": "165.80",
        "201908": "166.64",
        "201909": "174.18",
        "201910": "177.00",
        "201911": "178.21",
        "201912": "199.59",
        "202001": "219.46",
        "202002": "222.47",
        "202003": "220.77",
        "202004": "226.72",
        "202005": "228.19",
        "202006": "無",
        "202007": "無",
        "202008": "無",
        "202009": "無",
        "202010": "無",
        "202011": "無",
        "202012": "無",
        "202101": "無",
        "202102": "無",
        "202103": "無",
        "202104": "無",
        "202105": "無",
        "202106": "無",
        "202107": "無",
        "202108": "無",
        "202109": "無",
        "202110": "無",
        "202111": "無",
        "202112": "無",
        "202201": "無",
        "202202": "無",
        "202203": "無",
        "202204": "無",
        "202205": "無",
        "202206": "無",
        "202207": "無",
        "202208": "無",
        "202209": "無",
        "202210": "無",
        "202211": "無",
        "202212": "無",
        "202301": "無",
        "202302": "無",
        "202303": "無",
        "202304": "無",
        "202305": "無",
        "202306": "無",
        "202307": "無",
        "202308": "無",
        "202309": "無",
        "202310": "無",
        "202311": "無",
        "202312": "無"
    },
    "quarters": {
        "20011": {
            "year_quarter": 20011,
            "year": 2001,
            "quarter": 1,
            "eps": null,
            "eps_growth_year": null,
            "eps_4q": null,
            "eps_4q_growth_year": null,
            "roe": null,
            "roe_4q": 0,
            "gross_profit": null,
            "gross_margin": null,
            "gross_margin_4q_avg": 0,
            "net_income": null,
            "net_income_4q": null,
            "revenue": null,
            "revenue_4q": null,
            "common_shares": null,
            "book_valuer_per_share": null,
            "book_valuer_per_share_4q_avg": 0,
            "equity": null,
            "current_ratio": null,
            "debt_ratio": null,
            "inventory_turnover_ratio": null,
            "account_receivable_turnover_ratio": null,
            "reinvestment_rate": null,
            "research_to_sale_ratio": null,
            "price_fair": 0,
            "eps_avg_yearly": 0,
            "eps_latest_yearly": 0,
            "eps_growth_yearly": 0
        },
        "20012": {
            "year_quarter": 20012,
            "year": 2001,
            "quarter": 2,
            "eps": null,
            "eps_growth_year": null,
            "eps_4q": null,
            "eps_4q_growth_year": null,
            "roe": null,
            "roe_4q": 0,
            "gross_profit": null,
            "gross_margin": null,
            "gross_margin_4q_avg": 0,
            "net_income": null,
            "net_income_4q": null,
            "revenue": null,
            "revenue_4q": null,
            "common_shares": null,
            "book_valuer_per_share": null,
            "book_valuer_per_share_4q_avg": 0,
            "equity": null,
            "current_ratio": null,
            "debt_ratio": null,
            "inventory_turnover_ratio": null,
            "account_receivable_turnover_ratio": null,
            "reinvestment_rate": null,
            "research_to_sale_ratio": null,
            "price_fair": 0,
            "eps_avg_yearly": 0,
            "eps_latest_yearly": 0,
            "eps_growth_yearly": 0
        },
        "20013": {
            "year_quarter": 20013,
            "year": 2001,
            "quarter": 3,
            "eps": null,
            "eps_growth_year": null,
            "eps_4q": null,
            "eps_4q_growth_year": null,
            "roe": null,
            "roe_4q": 0,
            "gross_profit": null,
            "gross_margin": null,
            "gross_margin_4q_avg": 0,
            "net_income": null,
            "net_income_4q": null,
            "revenue": null,
            "revenue_4q": null,
            "common_shares": null,
            "book_valuer_per_share": null,
            "book_valuer_per_share_4q_avg": 0,
            "equity": null,
            "current_ratio": null,
            "debt_ratio": null,
            "inventory_turnover_ratio": null,
            "account_receivable_turnover_ratio": null,
            "reinvestment_rate": null,
            "research_to_sale_ratio": null,
            "price_fair": 0,
            "eps_avg_yearly": 0,
            "eps_latest_yearly": 0,
            "eps_growth_yearly": 0
        },
        "20014": {
            "year_quarter": 20014,
            "year": 2001,
            "quarter": 4,
            "eps": null,
            "eps_growth_year": null,
            "eps_4q": null,
            "eps_4q_growth_year": null,
            "roe": null,
            "roe_4q": 0,
            "gross_profit": null,
            "gross_margin": null,
            "gross_margin_4q_avg": 0,
            "net_income": null,
            "net_income_4q": null,
            "revenue": null,
            "revenue_4q": null,
            "common_shares": null,
            "book_valuer_per_share": null,
            "book_valuer_per_share_4q_avg": 0,
            "equity": null,
            "current_ratio": null,
            "debt_ratio": null,
            "inventory_turnover_ratio": null,
            "account_receivable_turnover_ratio": null,
            "reinvestment_rate": null,
            "research_to_sale_ratio": null,
            "price_fair": 0,
            "eps_avg_yearly": 0,
            "eps_latest_yearly": 0,
            "eps_growth_yearly": 0
        },
        "20021": {
            "year_quarter": 20021,
            "year": 2002,
            "quarter": 1,
            "eps": null,
            "eps_growth_year": null,
            "eps_4q": null,
            "eps_4q_growth_year": null,
            "roe": null,
            "roe_4q": 0,
            "gross_profit": null,
            "gross_margin": null,
            "gross_margin_4q_avg": 0,
            "net_income": null,
            "net_income_4q": null,
            "revenue": null,
            "revenue_4q": null,
            "common_shares": null,
            "book_valuer_per_share": null,
            "book_valuer_per_share_4q_avg": 0,
            "equity": null,
            "current_ratio": null,
            "debt_ratio": null,
            "inventory_turnover_ratio": null,
            "account_receivable_turnover_ratio": null,
            "reinvestment_rate": null,
            "research_to_sale_ratio": null,
            "price_fair": 0,
            "eps_avg_yearly": 0,
            "eps_latest_yearly": 0,
            "eps_growth_yearly": 0
        },
        "20022": {
            "year_quarter": 20022,
            "year": 2002,
            "quarter": 2,
            "eps": null,
            "eps_growth_year": null,
            "eps_4q": null,
            "eps_4q_growth_year": null,
            "roe": null,
            "roe_4q": 0,
            "gross_profit": null,
            "gross_margin": null,
            "gross_margin_4q_avg": 0,
            "net_income": null,
            "net_income_4q": null,
            "revenue": null,
            "revenue_4q": null,
            "common_shares": null,
            "book_valuer_per_share": null,
            "book_valuer_per_share_4q_avg": 0,
            "equity": null,
            "current_ratio": null,
            "debt_ratio": null,
            "inventory_turnover_ratio": null,
            "account_receivable_turnover_ratio": null,
            "reinvestment_rate": null,
            "research_to_sale_ratio": null,
            "price_fair": 0,
            "eps_avg_yearly": 0,
            "eps_latest_yearly": 0,
            "eps_growth_yearly": 0
        },
        "20023": {
            "year_quarter": 20023,
            "year": 2002,
            "quarter": 3,
            "eps": null,
            "eps_growth_year": null,
            "eps_4q": null,
            "eps_4q_growth_year": null,
            "roe": null,
            "roe_4q": 0,
            "gross_profit": null,
            "gross_margin": null,
            "gross_margin_4q_avg": 0,
            "net_income": null,
            "net_income_4q": null,
            "revenue": null,
            "revenue_4q": null,
            "common_shares": null,
            "book_valuer_per_share": null,
            "book_valuer_per_share_4q_avg": 0,
            "equity": null,
            "current_ratio": null,
            "debt_ratio": null,
            "inventory_turnover_ratio": null,
            "account_receivable_turnover_ratio": null,
            "reinvestment_rate": null,
            "research_to_sale_ratio": null,
            "price_fair": 0,
            "eps_avg_yearly": 0,
            "eps_latest_yearly": 0,
            "eps_growth_yearly": 0
        },
        "20024": {
            "year_quarter": 20024,
            "year": 2002,
            "quarter": 4,
            "eps": null,
            "eps_growth_year": null,
            "eps_4q": null,
            "eps_4q_growth_year": null,
            "roe": null,
            "roe_4q": 0,
            "gross_profit": null,
            "gross_margin": null,
            "gross_margin_4q_avg": 0,
            "net_income": null,
            "net_income_4q": null,
            "revenue": null,
            "revenue_4q": null,
            "common_shares": null,
            "book_valuer_per_share": null,
            "book_valuer_per_share_4q_avg": 0,
            "equity": null,
            "current_ratio": null,
            "debt_ratio": null,
            "inventory_turnover_ratio": null,
            "account_receivable_turnover_ratio": null,
            "reinvestment_rate": null,
            "research_to_sale_ratio": null,
            "price_fair": 0,
            "eps_avg_yearly": 0,
            "eps_latest_yearly": 0,
            "eps_growth_yearly": 0
        },
        "20031": {
            "year_quarter": 20031,
            "year": 2003,
            "quarter": 1,
            "eps": null,
            "eps_growth_year": null,
            "eps_4q": null,
            "eps_4q_growth_year": null,
            "roe": null,
            "roe_4q": 0,
            "gross_profit": null,
            "gross_margin": null,
            "gross_margin_4q_avg": 0,
            "net_income": null,
            "net_income_4q": null,
            "revenue": null,
            "revenue_4q": null,
            "common_shares": null,
            "book_valuer_per_share": null,
            "book_valuer_per_share_4q_avg": 0,
            "equity": null,
            "current_ratio": null,
            "debt_ratio": null,
            "inventory_turnover_ratio": null,
            "account_receivable_turnover_ratio": null,
            "reinvestment_rate": null,
            "research_to_sale_ratio": null,
            "price_fair": 0,
            "eps_avg_yearly": 0,
            "eps_latest_yearly": 0,
            "eps_growth_yearly": 0
        },
        "20032": {
            "year_quarter": 20032,
            "year": 2003,
            "quarter": 2,
            "eps": null,
            "eps_growth_year": null,
            "eps_4q": null,
            "eps_4q_growth_year": null,
            "roe": null,
            "roe_4q": 0,
            "gross_profit": null,
            "gross_margin": null,
            "gross_margin_4q_avg": 0,
            "net_income": null,
            "net_income_4q": null,
            "revenue": null,
            "revenue_4q": null,
            "common_shares": null,
            "book_valuer_per_share": null,
            "book_valuer_per_share_4q_avg": 0,
            "equity": null,
            "current_ratio": null,
            "debt_ratio": null,
            "inventory_turnover_ratio": null,
            "account_receivable_turnover_ratio": null,
            "reinvestment_rate": null,
            "research_to_sale_ratio": null,
            "price_fair": 0,
            "eps_avg_yearly": 0,
            "eps_latest_yearly": 0,
            "eps_growth_yearly": 0
        },
        "20033": {
            "year_quarter": 20033,
            "year": 2003,
            "quarter": 3,
            "eps": null,
            "eps_growth_year": null,
            "eps_4q": null,
            "eps_4q_growth_year": null,
            "roe": null,
            "roe_4q": 0,
            "gross_profit": null,
            "gross_margin": null,
            "gross_margin_4q_avg": 0,
            "net_income": null,
            "net_income_4q": null,
            "revenue": null,
            "revenue_4q": null,
            "common_shares": null,
            "book_valuer_per_share": null,
            "book_valuer_per_share_4q_avg": 0,
            "equity": null,
            "current_ratio": null,
            "debt_ratio": null,
            "inventory_turnover_ratio": null,
            "account_receivable_turnover_ratio": null,
            "reinvestment_rate": null,
            "research_to_sale_ratio": null,
            "price_fair": 0,
            "eps_avg_yearly": 0,
            "eps_latest_yearly": 0,
            "eps_growth_yearly": 0
        },
        "20034": {
            "year_quarter": 20034,
            "year": 2003,
            "quarter": 4,
            "eps": null,
            "eps_growth_year": null,
            "eps_4q": null,
            "eps_4q_growth_year": null,
            "roe": null,
            "roe_4q": 0,
            "gross_profit": null,
            "gross_margin": null,
            "gross_margin_4q_avg": 0,
            "net_income": null,
            "net_income_4q": null,
            "revenue": null,
            "revenue_4q": null,
            "common_shares": null,
            "book_valuer_per_share": null,
            "book_valuer_per_share_4q_avg": 0,
            "equity": null,
            "current_ratio": null,
            "debt_ratio": null,
            "inventory_turnover_ratio": null,
            "account_receivable_turnover_ratio": null,
            "reinvestment_rate": null,
            "research_to_sale_ratio": null,
            "price_fair": 0,
            "eps_avg_yearly": 0,
            "eps_latest_yearly": 0,
            "eps_growth_yearly": 0
        },
        "20041": {
            "year_quarter": 20041,
            "year": 2004,
            "quarter": 1,
            "eps": null,
            "eps_growth_year": null,
            "eps_4q": null,
            "eps_4q_growth_year": null,
            "roe": null,
            "roe_4q": 0,
            "gross_profit": null,
            "gross_margin": null,
            "gross_margin_4q_avg": 0,
            "net_income": null,
            "net_income_4q": null,
            "revenue": null,
            "revenue_4q": null,
            "common_shares": null,
            "book_valuer_per_share": null,
            "book_valuer_per_share_4q_avg": 0,
            "equity": null,
            "current_ratio": null,
            "debt_ratio": null,
            "inventory_turnover_ratio": null,
            "account_receivable_turnover_ratio": null,
            "reinvestment_rate": null,
            "research_to_sale_ratio": null,
            "price_fair": 0,
            "eps_avg_yearly": 0,
            "eps_latest_yearly": 0,
            "eps_growth_yearly": 0
        },
        "20042": {
            "year_quarter": 20042,
            "year": 2004,
            "quarter": 2,
            "eps": null,
            "eps_growth_year": null,
            "eps_4q": null,
            "eps_4q_growth_year": null,
            "roe": null,
            "roe_4q": 0,
            "gross_profit": null,
            "gross_margin": null,
            "gross_margin_4q_avg": 0,
            "net_income": null,
            "net_income_4q": null,
            "revenue": null,
            "revenue_4q": null,
            "common_shares": null,
            "book_valuer_per_share": null,
            "book_valuer_per_share_4q_avg": 0,
            "equity": null,
            "current_ratio": null,
            "debt_ratio": null,
            "inventory_turnover_ratio": null,
            "account_receivable_turnover_ratio": null,
            "reinvestment_rate": null,
            "research_to_sale_ratio": null,
            "price_fair": 0,
            "eps_avg_yearly": 0,
            "eps_latest_yearly": 0,
            "eps_growth_yearly": 0
        },
        "20043": {
            "year_quarter": 20043,
            "year": 2004,
            "quarter": 3,
            "eps": null,
            "eps_growth_year": null,
            "eps_4q": null,
            "eps_4q_growth_year": null,
            "roe": null,
            "roe_4q": 0,
            "gross_profit": null,
            "gross_margin": null,
            "gross_margin_4q_avg": 0,
            "net_income": null,
            "net_income_4q": null,
            "revenue": null,
            "revenue_4q": null,
            "common_shares": null,
            "book_valuer_per_share": null,
            "book_valuer_per_share_4q_avg": 0,
            "equity": null,
            "current_ratio": null,
            "debt_ratio": null,
            "inventory_turnover_ratio": null,
            "account_receivable_turnover_ratio": null,
            "reinvestment_rate": null,
            "research_to_sale_ratio": null,
            "price_fair": 0,
            "eps_avg_yearly": 0,
            "eps_latest_yearly": 0,
            "eps_growth_yearly": 0
        },
        "20044": {
            "year_quarter": 20044,
            "year": 2004,
            "quarter": 4,
            "eps": null,
            "eps_growth_year": null,
            "eps_4q": null,
            "eps_4q_growth_year": null,
            "roe": null,
            "roe_4q": 0,
            "gross_profit": null,
            "gross_margin": null,
            "gross_margin_4q_avg": 0,
            "net_income": null,
            "net_income_4q": null,
            "revenue": null,
            "revenue_4q": null,
            "common_shares": null,
            "book_valuer_per_share": null,
            "book_valuer_per_share_4q_avg": 0,
            "equity": null,
            "current_ratio": null,
            "debt_ratio": null,
            "inventory_turnover_ratio": null,
            "account_receivable_turnover_ratio": null,
            "reinvestment_rate": null,
            "research_to_sale_ratio": null,
            "price_fair": 0,
            "eps_avg_yearly": 0,
            "eps_latest_yearly": 0,
            "eps_growth_yearly": 0
        },
        "20051": {
            "year_quarter": 20051,
            "year": 2005,
            "quarter": 1,
            "eps": null,
            "eps_growth_year": null,
            "eps_4q": null,
            "eps_4q_growth_year": null,
            "roe": null,
            "roe_4q": 0,
            "gross_profit": null,
            "gross_margin": null,
            "gross_margin_4q_avg": 0,
            "net_income": null,
            "net_income_4q": null,
            "revenue": null,
            "revenue_4q": null,
            "common_shares": null,
            "book_valuer_per_share": null,
            "book_valuer_per_share_4q_avg": 0,
            "equity": null,
            "current_ratio": null,
            "debt_ratio": null,
            "inventory_turnover_ratio": null,
            "account_receivable_turnover_ratio": null,
            "reinvestment_rate": null,
            "research_to_sale_ratio": null,
            "price_fair": 0,
            "eps_avg_yearly": 0,
            "eps_latest_yearly": 0,
            "eps_growth_yearly": 0
        },
        "20052": {
            "year_quarter": 20052,
            "year": 2005,
            "quarter": 2,
            "eps": null,
            "eps_growth_year": null,
            "eps_4q": null,
            "eps_4q_growth_year": null,
            "roe": null,
            "roe_4q": 0,
            "gross_profit": null,
            "gross_margin": null,
            "gross_margin_4q_avg": 0,
            "net_income": null,
            "net_income_4q": null,
            "revenue": null,
            "revenue_4q": null,
            "common_shares": null,
            "book_valuer_per_share": null,
            "book_valuer_per_share_4q_avg": 0,
            "equity": null,
            "current_ratio": null,
            "debt_ratio": null,
            "inventory_turnover_ratio": null,
            "account_receivable_turnover_ratio": null,
            "reinvestment_rate": null,
            "research_to_sale_ratio": null,
            "price_fair": 0,
            "eps_avg_yearly": 0,
            "eps_latest_yearly": 0,
            "eps_growth_yearly": 0
        },
        "20053": {
            "year_quarter": 20053,
            "year": 2005,
            "quarter": 3,
            "eps": null,
            "eps_growth_year": null,
            "eps_4q": null,
            "eps_4q_growth_year": null,
            "roe": null,
            "roe_4q": 0,
            "gross_profit": null,
            "gross_margin": null,
            "gross_margin_4q_avg": 0,
            "net_income": null,
            "net_income_4q": null,
            "revenue": null,
            "revenue_4q": null,
            "common_shares": null,
            "book_valuer_per_share": null,
            "book_valuer_per_share_4q_avg": 0,
            "equity": null,
            "current_ratio": null,
            "debt_ratio": null,
            "inventory_turnover_ratio": null,
            "account_receivable_turnover_ratio": null,
            "reinvestment_rate": null,
            "research_to_sale_ratio": null,
            "price_fair": 0,
            "eps_avg_yearly": 0,
            "eps_latest_yearly": 0,
            "eps_growth_yearly": 0
        },
        "20054": {
            "year_quarter": 20054,
            "year": 2005,
            "quarter": 4,
            "eps": null,
            "eps_growth_year": null,
            "eps_4q": null,
            "eps_4q_growth_year": null,
            "roe": null,
            "roe_4q": 0,
            "gross_profit": null,
            "gross_margin": null,
            "gross_margin_4q_avg": 0,
            "net_income": null,
            "net_income_4q": null,
            "revenue": null,
            "revenue_4q": null,
            "common_shares": null,
            "book_valuer_per_share": null,
            "book_valuer_per_share_4q_avg": 0,
            "equity": null,
            "current_ratio": null,
            "debt_ratio": null,
            "inventory_turnover_ratio": null,
            "account_receivable_turnover_ratio": null,
            "reinvestment_rate": null,
            "research_to_sale_ratio": null,
            "price_fair": 0,
            "eps_avg_yearly": 0,
            "eps_latest_yearly": 0,
            "eps_growth_yearly": 0
        },
        "20061": {
            "year_quarter": 20061,
            "year": 2006,
            "quarter": 1,
            "eps": null,
            "eps_growth_year": null,
            "eps_4q": null,
            "eps_4q_growth_year": null,
            "roe": null,
            "roe_4q": 0,
            "gross_profit": null,
            "gross_margin": null,
            "gross_margin_4q_avg": 0,
            "net_income": null,
            "net_income_4q": null,
            "revenue": null,
            "revenue_4q": null,
            "common_shares": null,
            "book_valuer_per_share": null,
            "book_valuer_per_share_4q_avg": 0,
            "equity": null,
            "current_ratio": null,
            "debt_ratio": null,
            "inventory_turnover_ratio": null,
            "account_receivable_turnover_ratio": null,
            "reinvestment_rate": null,
            "research_to_sale_ratio": null,
            "price_fair": 0,
            "eps_avg_yearly": 0,
            "eps_latest_yearly": 0,
            "eps_growth_yearly": 0
        },
        "20062": {
            "year_quarter": 20062,
            "year": 2006,
            "quarter": 2,
            "eps": null,
            "eps_growth_year": null,
            "eps_4q": null,
            "eps_4q_growth_year": null,
            "roe": null,
            "roe_4q": 0,
            "gross_profit": null,
            "gross_margin": null,
            "gross_margin_4q_avg": 0,
            "net_income": null,
            "net_income_4q": null,
            "revenue": null,
            "revenue_4q": null,
            "common_shares": null,
            "book_valuer_per_share": null,
            "book_valuer_per_share_4q_avg": 0,
            "equity": null,
            "current_ratio": null,
            "debt_ratio": null,
            "inventory_turnover_ratio": null,
            "account_receivable_turnover_ratio": null,
            "reinvestment_rate": null,
            "research_to_sale_ratio": null,
            "price_fair": 0,
            "eps_avg_yearly": 0,
            "eps_latest_yearly": 0,
            "eps_growth_yearly": 0
        },
        "20063": {
            "year_quarter": 20063,
            "year": 2006,
            "quarter": 3,
            "eps": null,
            "eps_growth_year": null,
            "eps_4q": null,
            "eps_4q_growth_year": null,
            "roe": null,
            "roe_4q": 0,
            "gross_profit": null,
            "gross_margin": null,
            "gross_margin_4q_avg": 0,
            "net_income": null,
            "net_income_4q": null,
            "revenue": null,
            "revenue_4q": null,
            "common_shares": null,
            "book_valuer_per_share": null,
            "book_valuer_per_share_4q_avg": 0,
            "equity": null,
            "current_ratio": null,
            "debt_ratio": null,
            "inventory_turnover_ratio": null,
            "account_receivable_turnover_ratio": null,
            "reinvestment_rate": null,
            "research_to_sale_ratio": null,
            "price_fair": 0,
            "eps_avg_yearly": 0,
            "eps_latest_yearly": 0,
            "eps_growth_yearly": 0
        },
        "20064": {
            "year_quarter": 20064,
            "year": 2006,
            "quarter": 4,
            "eps": null,
            "eps_growth_year": null,
            "eps_4q": null,
            "eps_4q_growth_year": null,
            "roe": null,
            "roe_4q": 0,
            "gross_profit": null,
            "gross_margin": null,
            "gross_margin_4q_avg": 0,
            "net_income": null,
            "net_income_4q": null,
            "revenue": null,
            "revenue_4q": null,
            "common_shares": null,
            "book_valuer_per_share": null,
            "book_valuer_per_share_4q_avg": 0,
            "equity": null,
            "current_ratio": null,
            "debt_ratio": null,
            "inventory_turnover_ratio": null,
            "account_receivable_turnover_ratio": null,
            "reinvestment_rate": null,
            "research_to_sale_ratio": null,
            "price_fair": 0,
            "eps_avg_yearly": 0,
            "eps_latest_yearly": 0,
            "eps_growth_yearly": 0
        },
        "20071": {
            "year_quarter": 20071,
            "year": 2007,
            "quarter": 1,
            "eps": null,
            "eps_growth_year": null,
            "eps_4q": null,
            "eps_4q_growth_year": null,
            "roe": null,
            "roe_4q": 0,
            "gross_profit": null,
            "gross_margin": null,
            "gross_margin_4q_avg": 0,
            "net_income": null,
            "net_income_4q": null,
            "revenue": null,
            "revenue_4q": null,
            "common_shares": null,
            "book_valuer_per_share": null,
            "book_valuer_per_share_4q_avg": 0,
            "equity": null,
            "current_ratio": null,
            "debt_ratio": null,
            "inventory_turnover_ratio": null,
            "account_receivable_turnover_ratio": null,
            "reinvestment_rate": null,
            "research_to_sale_ratio": null,
            "price_fair": 0,
            "eps_avg_yearly": 0,
            "eps_latest_yearly": 0,
            "eps_growth_yearly": 0
        },
        "20072": {
            "year_quarter": 20072,
            "year": 2007,
            "quarter": 2,
            "eps": null,
            "eps_growth_year": null,
            "eps_4q": null,
            "eps_4q_growth_year": null,
            "roe": null,
            "roe_4q": 0,
            "gross_profit": null,
            "gross_margin": null,
            "gross_margin_4q_avg": 0,
            "net_income": null,
            "net_income_4q": null,
            "revenue": null,
            "revenue_4q": null,
            "common_shares": null,
            "book_valuer_per_share": null,
            "book_valuer_per_share_4q_avg": 0,
            "equity": null,
            "current_ratio": null,
            "debt_ratio": null,
            "inventory_turnover_ratio": null,
            "account_receivable_turnover_ratio": null,
            "reinvestment_rate": null,
            "research_to_sale_ratio": null,
            "price_fair": 0,
            "eps_avg_yearly": 0,
            "eps_latest_yearly": 0,
            "eps_growth_yearly": 0
        },
        "20073": {
            "year_quarter": 20073,
            "year": 2007,
            "quarter": 3,
            "eps": null,
            "eps_growth_year": null,
            "eps_4q": null,
            "eps_4q_growth_year": null,
            "roe": null,
            "roe_4q": 0,
            "gross_profit": null,
            "gross_margin": null,
            "gross_margin_4q_avg": 0,
            "net_income": null,
            "net_income_4q": null,
            "revenue": null,
            "revenue_4q": null,
            "common_shares": null,
            "book_valuer_per_share": null,
            "book_valuer_per_share_4q_avg": 0,
            "equity": null,
            "current_ratio": null,
            "debt_ratio": null,
            "inventory_turnover_ratio": null,
            "account_receivable_turnover_ratio": null,
            "reinvestment_rate": null,
            "research_to_sale_ratio": null,
            "price_fair": 0,
            "eps_avg_yearly": 0,
            "eps_latest_yearly": 0,
            "eps_growth_yearly": 0
        },
        "20074": {
            "year_quarter": 20074,
            "year": 2007,
            "quarter": 4,
            "eps": null,
            "eps_growth_year": null,
            "eps_4q": null,
            "eps_4q_growth_year": null,
            "roe": null,
            "roe_4q": 0,
            "gross_profit": null,
            "gross_margin": null,
            "gross_margin_4q_avg": 0,
            "net_income": null,
            "net_income_4q": null,
            "revenue": null,
            "revenue_4q": null,
            "common_shares": null,
            "book_valuer_per_share": null,
            "book_valuer_per_share_4q_avg": 0,
            "equity": null,
            "current_ratio": null,
            "debt_ratio": null,
            "inventory_turnover_ratio": null,
            "account_receivable_turnover_ratio": null,
            "reinvestment_rate": null,
            "research_to_sale_ratio": null,
            "price_fair": 0,
            "eps_avg_yearly": 0,
            "eps_latest_yearly": 0,
            "eps_growth_yearly": 0
        },
        "20081": {
            "year_quarter": 20081,
            "year": 2008,
            "quarter": 1,
            "eps": null,
            "eps_growth_year": null,
            "eps_4q": null,
            "eps_4q_growth_year": null,
            "roe": null,
            "roe_4q": 0,
            "gross_profit": null,
            "gross_margin": null,
            "gross_margin_4q_avg": 0,
            "net_income": null,
            "net_income_4q": null,
            "revenue": null,
            "revenue_4q": null,
            "common_shares": null,
            "book_valuer_per_share": null,
            "book_valuer_per_share_4q_avg": 0,
            "equity": null,
            "current_ratio": null,
            "debt_ratio": null,
            "inventory_turnover_ratio": null,
            "account_receivable_turnover_ratio": null,
            "reinvestment_rate": null,
            "research_to_sale_ratio": null,
            "price_fair": 0,
            "eps_avg_yearly": 0,
            "eps_latest_yearly": 0,
            "eps_growth_yearly": 0
        },
        "20082": {
            "year_quarter": 20082,
            "year": 2008,
            "quarter": 2,
            "eps": null,
            "eps_growth_year": null,
            "eps_4q": null,
            "eps_4q_growth_year": null,
            "roe": null,
            "roe_4q": 0,
            "gross_profit": null,
            "gross_margin": null,
            "gross_margin_4q_avg": 0,
            "net_income": null,
            "net_income_4q": null,
            "revenue": null,
            "revenue_4q": null,
            "common_shares": null,
            "book_valuer_per_share": null,
            "book_valuer_per_share_4q_avg": 0,
            "equity": null,
            "current_ratio": null,
            "debt_ratio": null,
            "inventory_turnover_ratio": null,
            "account_receivable_turnover_ratio": null,
            "reinvestment_rate": null,
            "research_to_sale_ratio": null,
            "price_fair": 0,
            "eps_avg_yearly": 0,
            "eps_latest_yearly": 0,
            "eps_growth_yearly": 0
        },
        "20083": {
            "year_quarter": 20083,
            "year": 2008,
            "quarter": 3,
            "eps": null,
            "eps_growth_year": null,
            "eps_4q": null,
            "eps_4q_growth_year": null,
            "roe": null,
            "roe_4q": 0,
            "gross_profit": null,
            "gross_margin": null,
            "gross_margin_4q_avg": 0,
            "net_income": null,
            "net_income_4q": null,
            "revenue": null,
            "revenue_4q": null,
            "common_shares": null,
            "book_valuer_per_share": null,
            "book_valuer_per_share_4q_avg": 0,
            "equity": null,
            "current_ratio": null,
            "debt_ratio": null,
            "inventory_turnover_ratio": null,
            "account_receivable_turnover_ratio": null,
            "reinvestment_rate": null,
            "research_to_sale_ratio": null,
            "price_fair": 0,
            "eps_avg_yearly": 0,
            "eps_latest_yearly": 0,
            "eps_growth_yearly": 0
        },
        "20084": {
            "year_quarter": 20084,
            "year": 2008,
            "quarter": 4,
            "eps": null,
            "eps_growth_year": null,
            "eps_4q": null,
            "eps_4q_growth_year": null,
            "roe": null,
            "roe_4q": 0,
            "gross_profit": null,
            "gross_margin": null,
            "gross_margin_4q_avg": 0,
            "net_income": null,
            "net_income_4q": null,
            "revenue": null,
            "revenue_4q": null,
            "common_shares": 145255,
            "book_valuer_per_share": 18.6,
            "book_valuer_per_share_4q_avg": 4.65,
            "equity": 270187,
            "current_ratio": 372.55,
            "debt_ratio": 24.48,
            "inventory_turnover_ratio": null,
            "account_receivable_turnover_ratio": null,
            "reinvestment_rate": null,
            "research_to_sale_ratio": null,
            "price_fair": 0,
            "eps_avg_yearly": 0,
            "eps_latest_yearly": 0,
            "eps_growth_yearly": 0
        },
        "20091": {
            "year_quarter": 20091,
            "year": 2009,
            "quarter": 1,
            "eps": null,
            "eps_growth_year": null,
            "eps_4q": null,
            "eps_4q_growth_year": null,
            "roe": null,
            "roe_4q": 0,
            "gross_profit": null,
            "gross_margin": null,
            "gross_margin_4q_avg": 0,
            "net_income": null,
            "net_income_4q": null,
            "revenue": null,
            "revenue_4q": null,
            "common_shares": null,
            "book_valuer_per_share": null,
            "book_valuer_per_share_4q_avg": 4.65,
            "equity": null,
            "current_ratio": null,
            "debt_ratio": null,
            "inventory_turnover_ratio": null,
            "account_receivable_turnover_ratio": null,
            "reinvestment_rate": null,
            "research_to_sale_ratio": null,
            "price_fair": 0,
            "eps_avg_yearly": 0,
            "eps_latest_yearly": 0,
            "eps_growth_yearly": 0
        },
        "20092": {
            "year_quarter": 20092,
            "year": 2009,
            "quarter": 2,
            "eps": null,
            "eps_growth_year": null,
            "eps_4q": null,
            "eps_4q_growth_year": null,
            "roe": null,
            "roe_4q": 0,
            "gross_profit": null,
            "gross_margin": null,
            "gross_margin_4q_avg": 0,
            "net_income": null,
            "net_income_4q": null,
            "revenue": null,
            "revenue_4q": null,
            "common_shares": null,
            "book_valuer_per_share": null,
            "book_valuer_per_share_4q_avg": 4.65,
            "equity": null,
            "current_ratio": null,
            "debt_ratio": null,
            "inventory_turnover_ratio": null,
            "account_receivable_turnover_ratio": null,
            "reinvestment_rate": null,
            "research_to_sale_ratio": null,
            "price_fair": 0,
            "eps_avg_yearly": 0,
            "eps_latest_yearly": 0,
            "eps_growth_yearly": 0
        },
        "20093": {
            "year_quarter": 20093,
            "year": 2009,
            "quarter": 3,
            "eps": null,
            "eps_growth_year": null,
            "eps_4q": null,
            "eps_4q_growth_year": null,
            "roe": null,
            "roe_4q": 0,
            "gross_profit": null,
            "gross_margin": null,
            "gross_margin_4q_avg": 0,
            "net_income": null,
            "net_income_4q": null,
            "revenue": null,
            "revenue_4q": null,
            "common_shares": null,
            "book_valuer_per_share": null,
            "book_valuer_per_share_4q_avg": 4.65,
            "equity": null,
            "current_ratio": null,
            "debt_ratio": null,
            "inventory_turnover_ratio": null,
            "account_receivable_turnover_ratio": null,
            "reinvestment_rate": null,
            "research_to_sale_ratio": null,
            "price_fair": 0,
            "eps_avg_yearly": 0,
            "eps_latest_yearly": 0,
            "eps_growth_yearly": 0
        },
        "20094": {
            "year_quarter": 20094,
            "year": 2009,
            "quarter": 4,
            "eps": null,
            "eps_growth_year": null,
            "eps_4q": null,
            "eps_4q_growth_year": null,
            "roe": null,
            "roe_4q": 0,
            "gross_profit": null,
            "gross_margin": null,
            "gross_margin_4q_avg": 0,
            "net_income": null,
            "net_income_4q": null,
            "revenue": null,
            "revenue_4q": null,
            "common_shares": 91870,
            "book_valuer_per_share": 44.01,
            "book_valuer_per_share_4q_avg": 11,
            "equity": 404281,
            "current_ratio": 289.78,
            "debt_ratio": 32.14,
            "inventory_turnover_ratio": null,
            "account_receivable_turnover_ratio": null,
            "reinvestment_rate": null,
            "research_to_sale_ratio": null,
            "price_fair": 0,
            "eps_avg_yearly": 0,
            "eps_latest_yearly": 0,
            "eps_growth_yearly": 0
        },
        "20101": {
            "year_quarter": 20101,
            "year": 2010,
            "quarter": 1,
            "eps": null,
            "eps_growth_year": null,
            "eps_4q": null,
            "eps_4q_growth_year": null,
            "roe": null,
            "roe_4q": 0,
            "gross_profit": 144146,
            "gross_margin": null,
            "gross_margin_4q_avg": 0,
            "net_income": 41278,
            "net_income_4q": null,
            "revenue": 251919,
            "revenue_4q": null,
            "common_shares": 91870,
            "book_valuer_per_share": 49.01,
            "book_valuer_per_share_4q_avg": 23.26,
            "equity": 450275,
            "current_ratio": 366.71,
            "debt_ratio": 25.2,
            "inventory_turnover_ratio": null,
            "account_receivable_turnover_ratio": null,
            "reinvestment_rate": null,
            "research_to_sale_ratio": null,
            "price_fair": 0,
            "eps_avg_yearly": 0,
            "eps_latest_yearly": 0,
            "eps_growth_yearly": 0
        },
        "20102": {
            "year_quarter": 20102,
            "year": 2010,
            "quarter": 2,
            "eps": null,
            "eps_growth_year": null,
            "eps_4q": null,
            "eps_4q_growth_year": null,
            "roe": null,
            "roe_4q": 0,
            "gross_profit": 230637,
            "gross_margin": null,
            "gross_margin_4q_avg": 0,
            "net_income": 107091,
            "net_income_4q": null,
            "revenue": 373184,
            "revenue_4q": null,
            "common_shares": 121992,
            "book_valuer_per_share": 48.25,
            "book_valuer_per_share_4q_avg": 35.32,
            "equity": 589653,
            "current_ratio": 282.23,
            "debt_ratio": 27.81,
            "inventory_turnover_ratio": null,
            "account_receivable_turnover_ratio": null,
            "reinvestment_rate": null,
            "research_to_sale_ratio": null,
            "price_fair": 0,
            "eps_avg_yearly": 0,
            "eps_latest_yearly": 0,
            "eps_growth_yearly": 0
        },
        "20103": {
            "year_quarter": 20103,
            "year": 2010,
            "quarter": 3,
            "eps": null,
            "eps_growth_year": null,
            "eps_4q": null,
            "eps_4q_growth_year": null,
            "roe": null,
            "roe_4q": 0,
            "gross_profit": 212345,
            "gross_margin": null,
            "gross_margin_4q_avg": 0,
            "net_income": 104949,
            "net_income_4q": null,
            "revenue": 354714,
            "revenue_4q": null,
            "common_shares": 360656,
            "book_valuer_per_share": 19.08,
            "book_valuer_per_share_4q_avg": 40.09,
            "equity": 689139,
            "current_ratio": 306.51,
            "debt_ratio": 26.68,
            "inventory_turnover_ratio": null,
            "account_receivable_turnover_ratio": null,
            "reinvestment_rate": null,
            "research_to_sale_ratio": null,
            "price_fair": 0,
            "eps_avg_yearly": 0,
            "eps_latest_yearly": 0,
            "eps_growth_yearly": 0
        },
        "20104": {
            "year_quarter": 20104,
            "year": 2010,
            "quarter": 4,
            "eps": null,
            "eps_growth_year": null,
            "eps_4q": null,
            "eps_4q_growth_year": null,
            "roe": null,
            "roe_4q": 0,
            "gross_profit": 171151,
            "gross_margin": null,
            "gross_margin_4q_avg": 0,
            "net_income": 56486,
            "net_income_4q": null,
            "revenue": 289591,
            "revenue_4q": null,
            "common_shares": 360656,
            "book_valuer_per_share": 19.68,
            "book_valuer_per_share_4q_avg": 34.01,
            "equity": 709729,
            "current_ratio": 348.23,
            "debt_ratio": 23.92,
            "inventory_turnover_ratio": null,
            "account_receivable_turnover_ratio": null,
            "reinvestment_rate": null,
            "research_to_sale_ratio": null,
            "price_fair": 0,
            "eps_avg_yearly": 0,
            "eps_latest_yearly": 0,
            "eps_growth_yearly": 0
        },
        "20111": {
            "year_quarter": 20111,
            "year": 2011,
            "quarter": 1,
            "eps": 1.24,
            "eps_growth_year": null,
            "eps_4q": 1.24,
            "eps_4q_growth_year": null,
            "roe": 6.04,
            "roe_4q": 6.04,
            "gross_profit": 164988,
            "gross_margin": 56.52,
            "gross_margin_4q_avg": 14.13,
            "net_income": 44672,
            "net_income_4q": null,
            "revenue": 291886,
            "revenue_4q": null,
            "common_shares": 360656,
            "book_valuer_per_share": 21.31,
            "book_valuer_per_share_4q_avg": 27.08,
            "equity": 768400,
            "current_ratio": 431.7,
            "debt_ratio": 20.07,
            "inventory_turnover_ratio": 0.68,
            "account_receivable_turnover_ratio": 1.61,
            "reinvestment_rate": null,
            "research_to_sale_ratio": 17.39,
            "price_fair": 0,
            "eps_avg_yearly": 0,
            "eps_latest_yearly": 0,
            "eps_growth_yearly": 0
        },
        "20112": {
            "year_quarter": 20112,
            "year": 2011,
            "quarter": 2,
            "eps": 2.69,
            "eps_growth_year": null,
            "eps_4q": 3.92,
            "eps_4q_growth_year": null,
            "roe": 11.89,
            "roe_4q": 17.93,
            "gross_profit": 228128,
            "gross_margin": 57.04,
            "gross_margin_4q_avg": 28.39,
            "net_income": 96882,
            "net_income_4q": null,
            "revenue": 399926,
            "revenue_4q": null,
            "common_shares": 360656,
            "book_valuer_per_share": 23.87,
            "book_valuer_per_share_4q_avg": 20.99,
            "equity": 861006,
            "current_ratio": 414.24,
            "debt_ratio": 22.2,
            "inventory_turnover_ratio": 0.95,
            "account_receivable_turnover_ratio": 1.72,
            "reinvestment_rate": null,
            "research_to_sale_ratio": 13.43,
            "price_fair": 376.6,
            "eps_avg_yearly": 10.76,
            "eps_latest_yearly": 10.76,
            "eps_growth_yearly": 467.74
        },
        "20113": {
            "year_quarter": 20113,
            "year": 2011,
            "quarter": 3,
            "eps": 2.02,
            "eps_growth_year": null,
            "eps_4q": 5.71,
            "eps_4q_growth_year": null,
            "roe": 8.05,
            "roe_4q": 25.98,
            "gross_profit": 229920,
            "gross_margin": 55.16,
            "gross_margin_4q_avg": 42.18,
            "net_income": 77176,
            "net_income_4q": null,
            "revenue": 416790,
            "revenue_4q": null,
            "common_shares": 382817,
            "book_valuer_per_share": 27.57,
            "book_valuer_per_share_4q_avg": 23.11,
            "equity": 1055279,
            "current_ratio": 399.38,
            "debt_ratio": 23.96,
            "inventory_turnover_ratio": 1.07,
            "account_receivable_turnover_ratio": 1.35,
            "reinvestment_rate": null,
            "research_to_sale_ratio": 13.7,
            "price_fair": 329.7,
            "eps_avg_yearly": 9.42,
            "eps_latest_yearly": 8.08,
            "eps_growth_yearly": 184.06
        },
        "20114": {
            "year_quarter": 20114,
            "year": 2011,
            "quarter": 4,
            "eps": 2.71,
            "eps_growth_year": null,
            "eps_4q": 7.85,
            "eps_4q_growth_year": null,
            "roe": 8.72,
            "roe_4q": 34.7,
            "gross_profit": 215778,
            "gross_margin": 54.46,
            "gross_margin_4q_avg": 55.8,
            "net_income": 115116,
            "net_income_4q": null,
            "revenue": 396177,
            "revenue_4q": null,
            "common_shares": 425397,
            "book_valuer_per_share": 37.29,
            "book_valuer_per_share_4q_avg": 27.51,
            "equity": 1586166,
            "current_ratio": 557.87,
            "debt_ratio": 17.53,
            "inventory_turnover_ratio": 1.1,
            "account_receivable_turnover_ratio": 1.27,
            "reinvestment_rate": null,
            "research_to_sale_ratio": 8.02,
            "price_fair": 346.27,
            "eps_avg_yearly": 9.89,
            "eps_latest_yearly": 10.84,
            "eps_growth_yearly": 168.25
        },
        "20121": {
            "year_quarter": 20121,
            "year": 2012,
            "quarter": 1,
            "eps": 1.09,
            "eps_growth_year": -12.1,
            "eps_4q": 7.88,
            "eps_4q_growth_year": 536.56,
            "roe": 2.89,
            "roe_4q": 31.550000000000004,
            "gross_profit": 178498,
            "gross_margin": 49.23,
            "gross_margin_4q_avg": 53.97,
            "net_income": 46069,
            "net_income_4q": null,
            "revenue": 362596,
            "revenue_4q": null,
            "common_shares": 425397,
            "book_valuer_per_share": 37.63,
            "book_valuer_per_share_4q_avg": 31.59,
            "equity": 1603039,
            "current_ratio": 555.73,
            "debt_ratio": 17.39,
            "inventory_turnover_ratio": 0.95,
            "account_receivable_turnover_ratio": 1.24,
            "reinvestment_rate": null,
            "research_to_sale_ratio": 18.51,
            "price_fair": 297.85,
            "eps_avg_yearly": 8.51,
            "eps_latest_yearly": 4.36,
            "eps_growth_yearly": 66.41
        },
        "20122": {
            "year_quarter": 20122,
            "year": 2012,
            "quarter": 2,
            "eps": 2.55,
            "eps_growth_year": -5.17,
            "eps_4q": 8.15,
            "eps_4q_growth_year": 107.77,
            "roe": 6.85,
            "roe_4q": 26.51,
            "gross_profit": 287238,
            "gross_margin": 51.41,
            "gross_margin_4q_avg": 52.57,
            "net_income": 108262,
            "net_income_4q": null,
            "revenue": 558721,
            "revenue_4q": null,
            "common_shares": 425397,
            "book_valuer_per_share": 36.57,
            "book_valuer_per_share_4q_avg": 34.77,
            "equity": 1556966,
            "current_ratio": 324.6,
            "debt_ratio": 29.82,
            "inventory_turnover_ratio": 1.09,
            "account_receivable_turnover_ratio": 1.61,
            "reinvestment_rate": null,
            "research_to_sale_ratio": 14.92,
            "price_fair": 309.68,
            "eps_avg_yearly": 8.85,
            "eps_latest_yearly": 10.2,
            "eps_growth_yearly": 160.28
        },
        "20123": {
            "year_quarter": 20123,
            "year": 2012,
            "quarter": 3,
            "eps": 2.54,
            "eps_growth_year": 26.11,
            "eps_4q": 8.88,
            "eps_4q_growth_year": 55.46,
            "roe": 6.76,
            "roe_4q": 25.22,
            "gross_profit": 279970,
            "gross_margin": 51.33,
            "gross_margin_4q_avg": 51.61,
            "net_income": 108051,
            "net_income_4q": null,
            "revenue": 545387,
            "revenue_4q": null,
            "common_shares": 425397,
            "book_valuer_per_share": 38.47,
            "book_valuer_per_share_4q_avg": 37.49,
            "equity": 1637667,
            "current_ratio": 414.8,
            "debt_ratio": 23.68,
            "inventory_turnover_ratio": 0.88,
            "account_receivable_turnover_ratio": 1.34,
            "reinvestment_rate": null,
            "research_to_sale_ratio": 14.41,
            "price_fair": 317.33,
            "eps_avg_yearly": 9.07,
            "eps_latest_yearly": 10.16,
            "eps_growth_yearly": 133.31
        },
        "20124": {
            "year_quarter": 20124,
            "year": 2012,
            "quarter": 4,
            "eps": 2.1,
            "eps_growth_year": -22.51,
            "eps_4q": 8.32,
            "eps_4q_growth_year": 6.08,
            "roe": 5.3,
            "roe_4q": 21.799999999999997,
            "gross_profit": 258124,
            "gross_margin": 49.3,
            "gross_margin_4q_avg": 50.32,
            "net_income": 88335,
            "net_income_4q": null,
            "revenue": 523578,
            "revenue_4q": null,
            "common_shares": 425572,
            "book_valuer_per_share": 40.19,
            "book_valuer_per_share_4q_avg": 38.22,
            "equity": 1696121,
            "current_ratio": 464.41,
            "debt_ratio": 21.73,
            "inventory_turnover_ratio": 0.83,
            "account_receivable_turnover_ratio": 1.27,
            "reinvestment_rate": null,
            "research_to_sale_ratio": 14.96,
            "price_fair": 314,
            "eps_avg_yearly": 8.97,
            "eps_latest_yearly": 8.4,
            "eps_growth_yearly": 104.36
        },
        "20131": {
            "year_quarter": 20131,
            "year": 2013,
            "quarter": 1,
            "eps": 2.02,
            "eps_growth_year": 85.32,
            "eps_4q": 9.3,
            "eps_4q_growth_year": 17.96,
            "roe": 4.86,
            "roe_4q": 23.770000000000003,
            "gross_profit": 250492,
            "gross_margin": 50.43,
            "gross_margin_4q_avg": 50.62,
            "net_income": 84463,
            "net_income_4q": null,
            "revenue": 496702,
            "revenue_4q": null,
            "common_shares": 427335,
            "book_valuer_per_share": 42.53,
            "book_valuer_per_share_4q_avg": 39.44,
            "equity": 1781302,
            "current_ratio": 452.84,
            "debt_ratio": 19.83,
            "inventory_turnover_ratio": 0.79,
            "account_receivable_turnover_ratio": 1.21,
            "reinvestment_rate": null,
            "research_to_sale_ratio": 16.39,
            "price_fair": 310.1,
            "eps_avg_yearly": 8.86,
            "eps_latest_yearly": 8.08,
            "eps_growth_yearly": 89.41
        },
        "20132": {
            "year_quarter": 20132,
            "year": 2013,
            "quarter": 2,
            "eps": 3.51,
            "eps_growth_year": 37.79,
            "eps_4q": 10.2,
            "eps_4q_growth_year": 25.14,
            "roe": 8.31,
            "roe_4q": 25.230000000000004,
            "gross_profit": 353875,
            "gross_margin": 50.04,
            "gross_margin_4q_avg": 50.28,
            "net_income": 147157,
            "net_income_4q": null,
            "revenue": 707118,
            "revenue_4q": null,
            "common_shares": 428257,
            "book_valuer_per_share": 41.94,
            "book_valuer_per_share_4q_avg": 40.78,
            "equity": 1760310,
            "current_ratio": 268.03,
            "debt_ratio": 32.69,
            "inventory_turnover_ratio": 1.01,
            "account_receivable_turnover_ratio": 1.49,
            "reinvestment_rate": null,
            "research_to_sale_ratio": 13.91,
            "price_fair": 330.24,
            "eps_avg_yearly": 9.44,
            "eps_latest_yearly": 14.04,
            "eps_growth_yearly": 112.26
        },
        "20133": {
            "year_quarter": 20133,
            "year": 2013,
            "quarter": 3,
            "eps": 4.18,
            "eps_growth_year": 64.42,
            "eps_4q": 11.7,
            "eps_4q_growth_year": 31.68,
            "roe": 9.63,
            "roe_4q": 28.1,
            "gross_profit": 407055,
            "gross_margin": 50.17,
            "gross_margin_4q_avg": 49.99,
            "net_income": 178081,
            "net_income_4q": null,
            "revenue": 811380,
            "revenue_4q": null,
            "common_shares": 434520,
            "book_valuer_per_share": 45.53,
            "book_valuer_per_share_4q_avg": 42.55,
            "equity": 1939544,
            "current_ratio": 343.66,
            "debt_ratio": 25.97,
            "inventory_turnover_ratio": 0.98,
            "account_receivable_turnover_ratio": 1.48,
            "reinvestment_rate": null,
            "research_to_sale_ratio": 13.87,
            "price_fair": 355.74,
            "eps_avg_yearly": 10.16,
            "eps_latest_yearly": 16.72,
            "eps_growth_yearly": 108.67
        },
        "20134": {
            "year_quarter": 20134,
            "year": 2013,
            "quarter": 4,
            "eps": 3.08,
            "eps_growth_year": 46.88,
            "eps_4q": 12.7,
            "eps_4q_growth_year": 52.55,
            "roe": 6.48,
            "roe_4q": 29.28,
            "gross_profit": 353107,
            "gross_margin": 49.66,
            "gross_margin_4q_avg": 50.08,
            "net_income": 131194,
            "net_income_4q": null,
            "revenue": 711081,
            "revenue_4q": null,
            "common_shares": 434520,
            "book_valuer_per_share": 49.47,
            "book_valuer_per_share_4q_avg": 44.87,
            "equity": 2107481,
            "current_ratio": 335.41,
            "debt_ratio": 26.92,
            "inventory_turnover_ratio": 0.75,
            "account_receivable_turnover_ratio": 1.34,
            "reinvestment_rate": 19.37,
            "research_to_sale_ratio": 17.42,
            "price_fair": 362.6,
            "eps_avg_yearly": 10.36,
            "eps_latest_yearly": 12.32,
            "eps_growth_yearly": 89.22
        },
        "20141": {
            "year_quarter": 20141,
            "year": 2014,
            "quarter": 1,
            "eps": 3.46,
            "eps_growth_year": 71.29,
            "eps_4q": 14.16,
            "eps_4q_growth_year": 52.2,
            "roe": 6.72,
            "roe_4q": 31.14,
            "gross_profit": 363147,
            "gross_margin": 49.52,
            "gross_margin_4q_avg": 49.85,
            "net_income": 147682,
            "net_income_4q": null,
            "revenue": 733306,
            "revenue_4q": null,
            "common_shares": 435347,
            "book_valuer_per_share": 53.59,
            "book_valuer_per_share_4q_avg": 47.63,
            "equity": 2287481,
            "current_ratio": 334.43,
            "debt_ratio": 27.49,
            "inventory_turnover_ratio": 0.64,
            "account_receivable_turnover_ratio": 1.33,
            "reinvestment_rate": 18.14,
            "research_to_sale_ratio": 16.45,
            "price_fair": 372.75,
            "eps_avg_yearly": 10.65,
            "eps_latest_yearly": 13.84,
            "eps_growth_yearly": 85.9
        },
        "20142": {
            "year_quarter": 20142,
            "year": 2014,
            "quarter": 2,
            "eps": 4.34,
            "eps_growth_year": 23.65,
            "eps_4q": 14.92,
            "eps_4q_growth_year": 46.19,
            "roe": 8.48,
            "roe_4q": 31.310000000000002,
            "gross_profit": 404199,
            "gross_margin": 49.36,
            "gross_margin_4q_avg": 49.68,
            "net_income": 187349,
            "net_income_4q": null,
            "revenue": 818878,
            "revenue_4q": null,
            "common_shares": 440462,
            "book_valuer_per_share": 49.29,
            "book_valuer_per_share_4q_avg": 49.47,
            "equity": 2129293,
            "current_ratio": 286.11,
            "debt_ratio": 31.98,
            "inventory_turnover_ratio": 0.67,
            "account_receivable_turnover_ratio": 1.25,
            "reinvestment_rate": 9.62,
            "research_to_sale_ratio": 14.42,
            "price_fair": 390.82,
            "eps_avg_yearly": 11.17,
            "eps_latest_yearly": 17.36,
            "eps_growth_yearly": 87.12
        },
        "20143": {
            "year_quarter": 20143,
            "year": 2014,
            "quarter": 3,
            "eps": 3.42,
            "eps_growth_year": -18.18,
            "eps_4q": 13.85,
            "eps_4q_growth_year": 18.4,
            "roe": 6.54,
            "roe_4q": 28.22,
            "gross_profit": 342825,
            "gross_margin": 47.47,
            "gross_margin_4q_avg": 49,
            "net_income": 150078,
            "net_income_4q": null,
            "revenue": 722227,
            "revenue_4q": null,
            "common_shares": 445066,
            "book_valuer_per_share": 55.29,
            "book_valuer_per_share_4q_avg": 51.91,
            "equity": 2461184,
            "current_ratio": 417.76,
            "debt_ratio": 22.73,
            "inventory_turnover_ratio": 0.71,
            "account_receivable_turnover_ratio": 1.03,
            "reinvestment_rate": 9.62,
            "research_to_sale_ratio": 16.07,
            "price_fair": 397.1,
            "eps_avg_yearly": 11.35,
            "eps_latest_yearly": 13.68,
            "eps_growth_yearly": 74.84
        },
        "20144": {
            "year_quarter": 20144,
            "year": 2014,
            "quarter": 4,
            "eps": 2.83,
            "eps_growth_year": -7.99,
            "eps_4q": 13.73,
            "eps_4q_growth_year": 8.15,
            "roe": 4.89,
            "roe_4q": 26.63,
            "gross_profit": 339667,
            "gross_margin": 47.92,
            "gross_margin_4q_avg": 48.57,
            "net_income": 126129,
            "net_income_4q": null,
            "revenue": 708756,
            "revenue_4q": null,
            "common_shares": 445066,
            "book_valuer_per_share": 60.61,
            "book_valuer_per_share_4q_avg": 54.7,
            "equity": 2697629,
            "current_ratio": 469.43,
            "debt_ratio": 20.85,
            "inventory_turnover_ratio": 0.82,
            "account_receivable_turnover_ratio": 1.05,
            "reinvestment_rate": 10.03,
            "research_to_sale_ratio": 18.46,
            "price_fair": 397.04,
            "eps_avg_yearly": 11.34,
            "eps_latest_yearly": 11.32,
            "eps_growth_yearly": 65.25
        },
        "20151": {
            "year_quarter": 20151,
            "year": 2015,
            "quarter": 1,
            "eps": 2.2,
            "eps_growth_year": -36.42,
            "eps_4q": 12.56,
            "eps_4q_growth_year": -11.27,
            "roe": 3.58,
            "roe_4q": 23.49,
            "gross_profit": 299271,
            "gross_margin": 47.65,
            "gross_margin_4q_avg": 48.1,
            "net_income": 98074,
            "net_income_4q": null,
            "revenue": 628031,
            "revenue_4q": null,
            "common_shares": 447198,
            "book_valuer_per_share": 62.09,
            "book_valuer_per_share_4q_avg": 56.82,
            "equity": 2776829,
            "current_ratio": 613.98,
            "debt_ratio": 16.91,
            "inventory_turnover_ratio": 0.84,
            "account_receivable_turnover_ratio": 1.02,
            "reinvestment_rate": 9.05,
            "research_to_sale_ratio": 21.5,
            "price_fair": 391.48,
            "eps_avg_yearly": 11.19,
            "eps_latest_yearly": 8.8,
            "eps_growth_yearly": 55.61
        },
        "20152": {
            "year_quarter": 20152,
            "year": 2015,
            "quarter": 2,
            "eps": 2.81,
            "eps_growth_year": -35.25,
            "eps_4q": 11.18,
            "eps_4q_growth_year": -25.06,
            "roe": 4.77,
            "roe_4q": 19.779999999999998,
            "gross_profit": 362613,
            "gross_margin": 47.93,
            "gross_margin_4q_avg": 47.74,
            "net_income": 125698,
            "net_income_4q": null,
            "revenue": 756472,
            "revenue_4q": null,
            "common_shares": 447213,
            "book_valuer_per_share": 55.85,
            "book_valuer_per_share_4q_avg": 58.46,
            "equity": 2497832,
            "current_ratio": 319.69,
            "debt_ratio": 29.72,
            "inventory_turnover_ratio": 1.12,
            "account_receivable_turnover_ratio": 1.19,
            "reinvestment_rate": 8.76,
            "research_to_sale_ratio": 17.88,
            "price_fair": 392.53,
            "eps_avg_yearly": 11.22,
            "eps_latest_yearly": 11.24,
            "eps_growth_yearly": 33.3
        },
        "20153": {
            "year_quarter": 20153,
            "year": 2015,
            "quarter": 3,
            "eps": 4.32,
            "eps_growth_year": 26.32,
            "eps_4q": 12.44,
            "eps_4q_growth_year": -10.14,
            "roe": 7.53,
            "roe_4q": 20.77,
            "gross_profit": 424125,
            "gross_margin": 50.87,
            "gross_margin_4q_avg": 48.59,
            "net_income": 191707,
            "net_income_4q": null,
            "revenue": 833717,
            "revenue_4q": null,
            "common_shares": 447213,
            "book_valuer_per_share": 59.63,
            "book_valuer_per_share_4q_avg": 59.55,
            "equity": 2595404,
            "current_ratio": 423.98,
            "debt_ratio": 22.39,
            "inventory_turnover_ratio": 1.14,
            "account_receivable_turnover_ratio": 1.17,
            "reinvestment_rate": 8.41,
            "research_to_sale_ratio": 17.05,
            "price_fair": 412.65,
            "eps_avg_yearly": 11.79,
            "eps_latest_yearly": 17.28,
            "eps_growth_yearly": 52.96
        },
        "20154": {
            "year_quarter": 20154,
            "year": 2015,
            "quarter": 4,
            "eps": 4.55,
            "eps_growth_year": 60.56,
            "eps_4q": 14.15,
            "eps_4q_growth_year": 3.02,
            "roe": 7.44,
            "roe_4q": 23.32,
            "gross_profit": 488597,
            "gross_margin": 51.53,
            "gross_margin_4q_avg": 49.5,
            "net_income": 196921,
            "net_income_4q": null,
            "revenue": 948207,
            "revenue_4q": null,
            "common_shares": 447213,
            "book_valuer_per_share": 62.36,
            "book_valuer_per_share_4q_avg": 59.98,
            "equity": 2699355,
            "current_ratio": 384.31,
            "debt_ratio": 24.97,
            "inventory_turnover_ratio": 1.24,
            "account_receivable_turnover_ratio": 1.27,
            "reinvestment_rate": 3.83,
            "research_to_sale_ratio": 17.35,
            "price_fair": 428.75,
            "eps_avg_yearly": 12.25,
            "eps_latest_yearly": 18.2,
            "eps_growth_yearly": 45.76
        },
        "20161": {
            "year_quarter": 20161,
            "year": 2016,
            "quarter": 1,
            "eps": 2.16,
            "eps_growth_year": -1.82,
            "eps_4q": 14.03,
            "eps_4q_growth_year": 11.74,
            "roe": 3.42,
            "roe_4q": 23.16,
            "gross_profit": 329564,
            "gross_margin": 50.46,
            "gross_margin_4q_avg": 50.2,
            "net_income": 93318,
            "net_income_4q": null,
            "revenue": 653166,
            "revenue_4q": null,
            "common_shares": 447396,
            "book_valuer_per_share": 63.63,
            "book_valuer_per_share_4q_avg": 60.37,
            "equity": 2755230,
            "current_ratio": 475.03,
            "debt_ratio": 20.92,
            "inventory_turnover_ratio": 0.73,
            "account_receivable_turnover_ratio": 1.02,
            "reinvestment_rate": 7.02,
            "research_to_sale_ratio": 24.33,
            "price_fair": 438.11,
            "eps_avg_yearly": 12.52,
            "eps_latest_yearly": 8.64,
            "eps_growth_yearly": 47.57
        },
        "20162": {
            "year_quarter": 20162,
            "year": 2016,
            "quarter": 2,
            "eps": 5.1,
            "eps_growth_year": 81.49,
            "eps_4q": 13.14,
            "eps_4q_growth_year": 17.56,
            "roe": 8.07,
            "roe_4q": 26.46,
            "gross_profit": 496243,
            "gross_margin": 50.76,
            "gross_margin_4q_avg": 50.91,
            "net_income": 226624,
            "net_income_4q": null,
            "revenue": 977570,
            "revenue_4q": null,
            "common_shares": 449281,
            "book_valuer_per_share": 63.73,
            "book_valuer_per_share_4q_avg": 62.34,
            "equity": 2863579,
            "current_ratio": 361.78,
            "debt_ratio": 26.95,
            "inventory_turnover_ratio": 0.89,
            "account_receivable_turnover_ratio": 1.58,
            "reinvestment_rate": 6.12,
            "research_to_sale_ratio": 15.24,
            "price_fair": 460.43,
            "eps_avg_yearly": 13.16,
            "eps_latest_yearly": 20.4,
            "eps_growth_yearly": 48.11
        },
        "20163": {
            "year_quarter": 20163,
            "year": 2016,
            "quarter": 3,
            "eps": 4.27,
            "eps_growth_year": -1.16,
            "eps_4q": 13.86,
            "eps_4q_growth_year": 11.34,
            "roe": 7.85,
            "roe_4q": 26.78,
            "gross_profit": 511536,
            "gross_margin": 50.07,
            "gross_margin_4q_avg": 50.71,
            "net_income": 230070,
            "net_income_4q": null,
            "revenue": 1021673,
            "revenue_4q": null,
            "common_shares": 539137,
            "book_valuer_per_share": 55.54,
            "book_valuer_per_share_4q_avg": 61.32,
            "equity": 2994477,
            "current_ratio": 479.25,
            "debt_ratio": 20.68,
            "inventory_turnover_ratio": 0.95,
            "account_receivable_turnover_ratio": 1.34,
            "reinvestment_rate": 5.24,
            "research_to_sale_ratio": 14.68,
            "price_fair": 475.56,
            "eps_avg_yearly": 13.59,
            "eps_latest_yearly": 17.08,
            "eps_growth_yearly": 44.14
        },
        "20164": {
            "year_quarter": 20164,
            "year": 2016,
            "quarter": 4,
            "eps": 3.68,
            "eps_growth_year": -19.2,
            "eps_4q": 13.88,
            "eps_4q_growth_year": -1.92,
            "roe": 6.44,
            "roe_4q": 25.78,
            "gross_profit": 501718,
            "gross_margin": 49.87,
            "gross_margin_4q_avg": 50.29,
            "net_income": 198232,
            "net_income_4q": null,
            "revenue": 1006044,
            "revenue_4q": null,
            "common_shares": 539137,
            "book_valuer_per_share": 58.67,
            "book_valuer_per_share_4q_avg": 60.39,
            "equity": 3163395,
            "current_ratio": 430.15,
            "debt_ratio": 23.22,
            "inventory_turnover_ratio": 0.96,
            "account_receivable_turnover_ratio": 1.21,
            "reinvestment_rate": 4.6,
            "research_to_sale_ratio": 19.92,
            "price_fair": 489.39,
            "eps_avg_yearly": 13.98,
            "eps_latest_yearly": 14.72,
            "eps_growth_yearly": 45.02
        },
        "20171": {
            "year_quarter": 20171,
            "year": 2017,
            "quarter": 1,
            "eps": 1.56,
            "eps_growth_year": -27.78,
            "eps_4q": 13.7,
            "eps_4q_growth_year": -2.36,
            "roe": 2.69,
            "roe_4q": 25.05,
            "gross_profit": 317953,
            "gross_margin": 48.73,
            "gross_margin_4q_avg": 49.86,
            "net_income": 83858,
            "net_income_4q": null,
            "revenue": 652517,
            "revenue_4q": null,
            "common_shares": 539137,
            "book_valuer_per_share": 57.13,
            "book_valuer_per_share_4q_avg": 58.77,
            "equity": 3080000,
            "current_ratio": 454.28,
            "debt_ratio": 22.25,
            "inventory_turnover_ratio": 0.55,
            "account_receivable_turnover_ratio": 0.94,
            "reinvestment_rate": -6.72,
            "research_to_sale_ratio": 21.52,
            "price_fair": 485.36,
            "eps_avg_yearly": 13.87,
            "eps_latest_yearly": 6.24,
            "eps_growth_yearly": 31.57
        },
        "20172": {
            "year_quarter": 20172,
            "year": 2017,
            "quarter": 2,
            "eps": 3.44,
            "eps_growth_year": -32.55,
            "eps_4q": 12.5,
            "eps_4q_growth_year": -4.93,
            "roe": 6.09,
            "roe_4q": 23.07,
            "gross_profit": 496913,
            "gross_margin": 48.06,
            "gross_margin_4q_avg": 49.18,
            "net_income": 187461,
            "net_income_4q": null,
            "revenue": 1033878,
            "revenue_4q": null,
            "common_shares": 548885,
            "book_valuer_per_share": 56.12,
            "book_valuer_per_share_4q_avg": 56.87,
            "equity": 3080700,
            "current_ratio": 316.01,
            "debt_ratio": 31.07,
            "inventory_turnover_ratio": 0.72,
            "account_receivable_turnover_ratio": 1.63,
            "reinvestment_rate": -1.88,
            "research_to_sale_ratio": 17.15,
            "price_fair": 484.75,
            "eps_avg_yearly": 13.85,
            "eps_latest_yearly": 13.76,
            "eps_growth_yearly": 43.25
        },
        "20173": {
            "year_quarter": 20173,
            "year": 2017,
            "quarter": 3,
            "eps": 4.9,
            "eps_growth_year": 14.75,
            "eps_4q": 13.29,
            "eps_4q_growth_year": -4.1,
            "roe": 8.46,
            "roe_4q": 23.680000000000003,
            "gross_profit": 587775,
            "gross_margin": 47.25,
            "gross_margin_4q_avg": 48.48,
            "net_income": 274377,
            "net_income_4q": null,
            "revenue": 1244038,
            "revenue_4q": null,
            "common_shares": 559863,
            "book_valuer_per_share": 60.85,
            "book_valuer_per_share_4q_avg": 58.19,
            "equity": 3407145,
            "current_ratio": 416.69,
            "debt_ratio": 24.61,
            "inventory_turnover_ratio": 0.8,
            "account_receivable_turnover_ratio": 1.67,
            "reinvestment_rate": -1.41,
            "research_to_sale_ratio": 16.67,
            "price_fair": 491.05,
            "eps_avg_yearly": 14.03,
            "eps_latest_yearly": 19.6,
            "eps_growth_yearly": 49.09
        },
        "20174": {
            "year_quarter": 20174,
            "year": 2017,
            "quarter": 4,
            "eps": 4.46,
            "eps_growth_year": 21.38,
            "eps_4q": 14.21,
            "eps_4q_growth_year": 2.38,
            "roe": 7.08,
            "roe_4q": 24.320000000000004,
            "gross_profit": 616891,
            "gross_margin": 46.81,
            "gross_margin_4q_avg": 47.71,
            "net_income": 249817,
            "net_income_4q": null,
            "revenue": 1317930,
            "revenue_4q": null,
            "common_shares": 559863,
            "book_valuer_per_share": 65.13,
            "book_valuer_per_share_4q_avg": 59.81,
            "equity": 3646381,
            "current_ratio": 391.92,
            "debt_ratio": 25.42,
            "inventory_turnover_ratio": 0.8,
            "account_receivable_turnover_ratio": 1.61,
            "reinvestment_rate": -1.43,
            "research_to_sale_ratio": 14.4,
            "price_fair": 503.13,
            "eps_avg_yearly": 14.38,
            "eps_latest_yearly": 17.84,
            "eps_growth_yearly": 53.43
        },
        "20181": {
            "year_quarter": 20181,
            "year": 2018,
            "quarter": 1,
            "eps": 2.9,
            "eps_growth_year": 85.9,
            "eps_4q": 15.61,
            "eps_4q_growth_year": 13.95,
            "roe": 4.33,
            "roe_4q": 25.96,
            "gross_profit": 448732,
            "gross_margin": 45.42,
            "gross_margin_4q_avg": 46.89,
            "net_income": 162499,
            "net_income_4q": null,
            "revenue": 988045,
            "revenue_4q": null,
            "common_shares": 559863,
            "book_valuer_per_share": 69.07,
            "book_valuer_per_share_4q_avg": 62.79,
            "equity": 3867224,
            "current_ratio": 476.52,
            "debt_ratio": 21.6,
            "inventory_turnover_ratio": 0.53,
            "account_receivable_turnover_ratio": 1.29,
            "reinvestment_rate": -1.48,
            "research_to_sale_ratio": 18.29,
            "price_fair": 498.23,
            "eps_avg_yearly": 14.24,
            "eps_latest_yearly": 11.6,
            "eps_growth_yearly": 41.6
        },
        "20182": {
            "year_quarter": 20182,
            "year": 2018,
            "quarter": 2,
            "eps": 4.32,
            "eps_growth_year": 25.58,
            "eps_4q": 16.58,
            "eps_4q_growth_year": 32.72,
            "roe": 6.44,
            "roe_4q": 26.310000000000002,
            "gross_profit": 641839,
            "gross_margin": 44.34,
            "gross_margin_4q_avg": 45.96,
            "net_income": 241736,
            "net_income_4q": null,
            "revenue": 1447667,
            "revenue_4q": null,
            "common_shares": 559863,
            "book_valuer_per_share": 65,
            "book_valuer_per_share_4q_avg": 65.01,
            "equity": 3639438,
            "current_ratio": 330.25,
            "debt_ratio": 30.69,
            "inventory_turnover_ratio": 0.69,
            "account_receivable_turnover_ratio": 1.86,
            "reinvestment_rate": -1.53,
            "research_to_sale_ratio": 13.79,
            "price_fair": 498.05,
            "eps_avg_yearly": 14.23,
            "eps_latest_yearly": 17.28,
            "eps_growth_yearly": 47.48
        },
        "20183": {
            "year_quarter": 20183,
            "year": 2018,
            "quarter": 3,
            "eps": 4.19,
            "eps_growth_year": -14.49,
            "eps_4q": 15.88,
            "eps_4q_growth_year": 19.5,
            "roe": 6.36,
            "roe_4q": 24.21,
            "gross_profit": 548637,
            "gross_margin": 44.14,
            "gross_margin_4q_avg": 45.18,
            "net_income": 234815,
            "net_income_4q": null,
            "revenue": 1243077,
            "revenue_4q": null,
            "common_shares": 559863,
            "book_valuer_per_share": 66.8,
            "book_valuer_per_share_4q_avg": 66.5,
            "equity": 3739843,
            "current_ratio": 456.47,
            "debt_ratio": 23.32,
            "inventory_turnover_ratio": 0.58,
            "account_receivable_turnover_ratio": 1.5,
            "reinvestment_rate": -1.99,
            "research_to_sale_ratio": 16.69,
            "price_fair": 504.79,
            "eps_avg_yearly": 14.42,
            "eps_latest_yearly": 16.76,
            "eps_growth_yearly": 52.03
        },
        "20184": {
            "year_quarter": 20184,
            "year": 2018,
            "quarter": 4,
            "eps": 2.28,
            "eps_growth_year": -48.86,
            "eps_4q": 13.7,
            "eps_4q_growth_year": -3.6,
            "roe": 3.34,
            "roe_4q": 20.47,
            "gross_profit": 414678,
            "gross_margin": 37.44,
            "gross_margin_4q_avg": 42.84,
            "net_income": 127743,
            "net_income_4q": null,
            "revenue": 1107491,
            "revenue_4q": null,
            "common_shares": 559863,
            "book_valuer_per_share": 69.67,
            "book_valuer_per_share_4q_avg": 67.64,
            "equity": 3900780,
            "current_ratio": 476.52,
            "debt_ratio": 22.59,
            "inventory_turnover_ratio": 0.63,
            "account_receivable_turnover_ratio": 1.56,
            "reinvestment_rate": -2.33,
            "research_to_sale_ratio": 14.44,
            "price_fair": 499.98,
            "eps_avg_yearly": 14.29,
            "eps_latest_yearly": 9.12,
            "eps_growth_yearly": 44.94
        },
        "20191": {
            "year_quarter": 20191,
            "year": 2019,
            "quarter": 1,
            "eps": 1.93,
            "eps_growth_year": -33.45,
            "eps_4q": 12.72,
            "eps_4q_growth_year": -18.51,
            "roe": 2.7,
            "roe_4q": 18.84,
            "gross_profit": 396322,
            "gross_margin": 40.73,
            "gross_margin_4q_avg": 41.66,
            "net_income": 107993,
            "net_income_4q": null,
            "revenue": 972958,
            "revenue_4q": null,
            "common_shares": 559863,
            "book_valuer_per_share": 73.04,
            "book_valuer_per_share_4q_avg": 68.63,
            "equity": 4089143,
            "current_ratio": 538.33,
            "debt_ratio": 22.08,
            "inventory_turnover_ratio": 0.57,
            "account_receivable_turnover_ratio": 1.6,
            "reinvestment_rate": -1.85,
            "research_to_sale_ratio": 18.69,
            "price_fair": 497.61,
            "eps_avg_yearly": 14.22,
            "eps_latest_yearly": 7.72,
            "eps_growth_yearly": 46.67
        },
        "20192": {
            "year_quarter": 20192,
            "year": 2019,
            "quarter": 2,
            "eps": 3.43,
            "eps_growth_year": -20.6,
            "eps_4q": 11.83,
            "eps_4q_growth_year": -28.66,
            "roe": 4.85,
            "roe_4q": 17.25,
            "gross_profit": 486813,
            "gross_margin": 39.44,
            "gross_margin_4q_avg": 40.44,
            "net_income": 191782,
            "net_income_4q": null,
            "revenue": 1234454,
            "revenue_4q": null,
            "common_shares": 559863,
            "book_valuer_per_share": 68.35,
            "book_valuer_per_share_4q_avg": 69.47,
            "equity": 3826903,
            "current_ratio": 355.66,
            "debt_ratio": 30.48,
            "inventory_turnover_ratio": 0.77,
            "account_receivable_turnover_ratio": 1.99,
            "reinvestment_rate": -1.74,
            "research_to_sale_ratio": 17.25,
            "price_fair": 503.04,
            "eps_avg_yearly": 14.37,
            "eps_latest_yearly": 13.72,
            "eps_growth_yearly": 59.17
        },
        "20193": {
            "year_quarter": 20193,
            "year": 2019,
            "quarter": 3,
            "eps": 2.71,
            "eps_growth_year": -35.32,
            "eps_4q": 10.34,
            "eps_4q_growth_year": -34.86,
            "roe": 3.94,
            "roe_4q": 14.829999999999998,
            "gross_profit": 482563,
            "gross_margin": 40.94,
            "gross_margin_4q_avg": 39.64,
            "net_income": 151494,
            "net_income_4q": null,
            "revenue": 1178683,
            "revenue_4q": null,
            "common_shares": 559863,
            "book_valuer_per_share": 69.02,
            "book_valuer_per_share_4q_avg": 70.02,
            "equity": 3864416,
            "current_ratio": 410.51,
            "debt_ratio": 27.24,
            "inventory_turnover_ratio": 0.79,
            "account_receivable_turnover_ratio": 1.82,
            "reinvestment_rate": -2.6,
            "research_to_sale_ratio": 16.69,
            "price_fair": 488.95,
            "eps_avg_yearly": 13.97,
            "eps_latest_yearly": 10.84,
            "eps_growth_yearly": 40.49
        },
        "20194": {
            "year_quarter": 20194,
            "year": 2019,
            "quarter": 4,
            "eps": 3.72,
            "eps_growth_year": 63.04,
            "eps_4q": 11.78,
            "eps_4q_growth_year": -13.99,
            "roe": 5.3,
            "roe_4q": 16.79,
            "gross_profit": 469243,
            "gross_margin": 39.74,
            "gross_margin_4q_avg": 40.21,
            "net_income": 208374,
            "net_income_4q": null,
            "revenue": 1180751,
            "revenue_4q": null,
            "common_shares": 559863,
            "book_valuer_per_share": 71.31,
            "book_valuer_per_share_4q_avg": 70.43,
            "equity": 3992704,
            "current_ratio": 374.73,
            "debt_ratio": 29.04,
            "inventory_turnover_ratio": 0.85,
            "account_receivable_turnover_ratio": 1.86,
            "reinvestment_rate": -2.28,
            "research_to_sale_ratio": 10.76,
            "price_fair": 481.69,
            "eps_avg_yearly": 13.76,
            "eps_latest_yearly": 14.88,
            "eps_growth_yearly": 48.47
        },
        "20201": {
            "year_quarter": 20201,
            "year": 2020,
            "quarter": 1,
            "eps": 2.93,
            "eps_growth_year": 51.81,
            "eps_4q": 12.78,
            "eps_4q_growth_year": 0.44,
            "roe": 4.04,
            "roe_4q": 18.13,
            "gross_profit": 456378,
            "gross_margin": 43.67,
            "gross_margin_4q_avg": 40.95,
            "net_income": 163833,
            "net_income_4q": null,
            "revenue": 1045063,
            "revenue_4q": null,
            "common_shares": 559863,
            "book_valuer_per_share": 73.69,
            "book_valuer_per_share_4q_avg": 70.59,
            "equity": 4125591,
            "current_ratio": 405.59,
            "debt_ratio": 26.08,
            "inventory_turnover_ratio": 0.69,
            "account_receivable_turnover_ratio": 1.87,
            "reinvestment_rate": -2.01,
            "research_to_sale_ratio": 17.44,
            "price_fair": 488.43,
            "eps_avg_yearly": 13.96,
            "eps_latest_yearly": 11.72,
            "eps_growth_yearly": 56.3
        }
    },
    "months": {
        "2011-10": {
            "month": "2011-10",
            "price": "131.15",
            "revenue": 143394
        },
        "2011-11": {
            "month": "2011-11",
            "price": "101.99",
            "revenue": 130078
        },
        "2011-12": {
            "month": "2011-12",
            "price": "75.30",
            "revenue": 122704
        },
        "2012-01": {
            "month": "2012-01",
            "price": "88.86",
            "revenue": 79330
        },
        "2012-02": {
            "month": "2012-02",
            "price": "124.50",
            "revenue": 127579
        },
        "2012-03": {
            "month": "2012-03",
            "price": "121.89",
            "revenue": 155884
        },
        "2012-04": {
            "month": "2012-04",
            "price": "113.22",
            "revenue": 181279
        },
        "2012-05": {
            "month": "2012-05",
            "price": "124.89",
            "revenue": 192205
        },
        "2012-06": {
            "month": "2012-06",
            "price": "126.10",
            "revenue": 185264
        },
        "2012-07": {
            "month": "2012-07",
            "price": "112.59",
            "revenue": 177673
        },
        "2012-08": {
            "month": "2012-08",
            "price": "107.77",
            "revenue": 183517
        },
        "2012-09": {
            "month": "2012-09",
            "price": "103.21",
            "revenue": 183973
        },
        "2012-10": {
            "month": "2012-10",
            "price": "90.18",
            "revenue": 167641
        },
        "2012-11": {
            "month": "2012-11",
            "price": "85.24",
            "revenue": 173953
        },
        "2012-12": {
            "month": "2012-12",
            "price": "90.27",
            "revenue": 181984
        },
        "2013-01": {
            "month": "2013-01",
            "price": "104.00",
            "revenue": 171178
        },
        "2013-02": {
            "month": "2013-02",
            "price": "101.85",
            "revenue": 132070
        },
        "2013-03": {
            "month": "2013-03",
            "price": "110.74",
            "revenue": 193455
        },
        "2013-04": {
            "month": "2013-04",
            "price": "115.38",
            "revenue": 216913
        },
        "2013-05": {
            "month": "2013-05",
            "price": "114.05",
            "revenue": 237006
        },
        "2013-06": {
            "month": "2013-06",
            "price": "110.21",
            "revenue": 253198
        },
        "2013-07": {
            "month": "2013-07",
            "price": "122.43",
            "revenue": 264685
        },
        "2013-08": {
            "month": "2013-08",
            "price": "133.90",
            "revenue": 273583
        },
        "2013-09": {
            "month": "2013-09",
            "price": "157.68",
            "revenue": 275687
        },
        "2013-10": {
            "month": "2013-10",
            "price": "166.16",
            "revenue": 243724
        },
        "2013-11": {
            "month": "2013-11",
            "price": "204.36",
            "revenue": 243882
        },
        "2013-12": {
            "month": "2013-12",
            "price": "262.73",
            "revenue": 220901
        },
        "2014-01": {
            "month": "2014-01",
            "price": "266.44",
            "revenue": 240016
        },
        "2014-02": {
            "month": "2014-02",
            "price": "293.53",
            "revenue": 211015
        },
        "2014-03": {
            "month": "2014-03",
            "price": "320.71",
            "revenue": 282275
        },
        "2014-04": {
            "month": "2014-04",
            "price": "323.64",
            "revenue": 287095
        },
        "2014-05": {
            "month": "2014-05",
            "price": "274.45",
            "revenue": 281869
        },
        "2014-06": {
            "month": "2014-06",
            "price": "258.05",
            "revenue": 249914
        },
        "2014-07": {
            "month": "2014-07",
            "price": "224.77",
            "revenue": 215238
        },
        "2014-08": {
            "month": "2014-08",
            "price": "185.12",
            "revenue": 251183
        },
        "2014-09": {
            "month": "2014-09",
            "price": "177.60",
            "revenue": 255805
        },
        "2014-10": {
            "month": "2014-10",
            "price": "167.73",
            "revenue": 235645
        },
        "2014-11": {
            "month": "2014-11",
            "price": "163.05",
            "revenue": 235915
        },
        "2014-12": {
            "month": "2014-12",
            "price": "171.62",
            "revenue": 237197
        },
        "2015-01": {
            "month": "2015-01",
            "price": "185.92",
            "revenue": 231178
        },
        "2015-02": {
            "month": "2015-02",
            "price": "200.08",
            "revenue": 168771
        },
        "2015-03": {
            "month": "2015-03",
            "price": "203.41",
            "revenue": 228083
        },
        "2015-04": {
            "month": "2015-04",
            "price": "183.22",
            "revenue": 258762
        },
        "2015-05": {
            "month": "2015-05",
            "price": "168.52",
            "revenue": 242669
        },
        "2015-06": {
            "month": "2015-06",
            "price": "174.93",
            "revenue": 255040
        },
        "2015-07": {
            "month": "2015-07",
            "price": "171.82",
            "revenue": 240505
        },
        "2015-08": {
            "month": "2015-08",
            "price": "122.71",
            "revenue": 278352
        },
        "2015-09": {
            "month": "2015-09",
            "price": "141.80",
            "revenue": 314831
        },
        "2015-10": {
            "month": "2015-10",
            "price": "165.88",
            "revenue": 318496
        },
        "2015-11": {
            "month": "2015-11",
            "price": "208.31",
            "revenue": 300449
        },
        "2015-12": {
            "month": "2015-12",
            "price": "217.09",
            "revenue": 329292
        },
        "2016-01": {
            "month": "2016-01",
            "price": "226.79",
            "revenue": 230684
        },
        "2016-02": {
            "month": "2016-02",
            "price": "216.50",
            "revenue": 167932
        },
        "2016-03": {
            "month": "2016-03",
            "price": "201.37",
            "revenue": 254550
        },
        "2016-04": {
            "month": "2016-04",
            "price": "173.68",
            "revenue": 310673
        },
        "2016-05": {
            "month": "2016-05",
            "price": "183.90",
            "revenue": 330783
        },
        "2016-06": {
            "month": "2016-06",
            "price": "213.12",
            "revenue": 336114
        },
        "2016-07": {
            "month": "2016-07",
            "price": "241.30",
            "revenue": 337703
        },
        "2016-08": {
            "month": "2016-08",
            "price": "237.48",
            "revenue": 340324
        },
        "2016-09": {
            "month": "2016-09",
            "price": "234.32",
            "revenue": 343646
        },
        "2016-10": {
            "month": "2016-10",
            "price": "212.18",
            "revenue": 335664
        },
        "2016-11": {
            "month": "2016-11",
            "price": "196.68",
            "revenue": 350178
        },
        "2016-12": {
            "month": "2016-12",
            "price": "218.55",
            "revenue": 320202
        },
        "2017-01": {
            "month": "2017-01",
            "price": "213.41",
            "revenue": 229889
        },
        "2017-02": {
            "month": "2017-02",
            "price": "224.00",
            "revenue": 167215
        },
        "2017-03": {
            "month": "2017-03",
            "price": "209.17",
            "revenue": 255413
        },
        "2017-04": {
            "month": "2017-04",
            "price": "192.17",
            "revenue": 335869
        },
        "2017-05": {
            "month": "2017-05",
            "price": "207.60",
            "revenue": 348013
        },
        "2017-06": {
            "month": "2017-06",
            "price": "212.80",
            "revenue": 349996
        },
        "2017-07": {
            "month": "2017-07",
            "price": "214.43",
            "revenue": 396124
        },
        "2017-08": {
            "month": "2017-08",
            "price": "212.74",
            "revenue": 411013
        },
        "2017-09": {
            "month": "2017-09",
            "price": "227.14",
            "revenue": 436902
        },
        "2017-10": {
            "month": "2017-10",
            "price": "222.68",
            "revenue": 443653
        },
        "2017-11": {
            "month": "2017-11",
            "price": "239.02",
            "revenue": 391984
        },
        "2017-12": {
            "month": "2017-12",
            "price": "242.74",
            "revenue": 482293
        },
        "2018-01": {
            "month": "2018-01",
            "price": "286.64",
            "revenue": 349776
        },
        "2018-02": {
            "month": "2018-02",
            "price": "265.27",
            "revenue": 247953
        },
        "2018-03": {
            "month": "2018-03",
            "price": "300.26",
            "revenue": 390316
        },
        "2018-04": {
            "month": "2018-04",
            "price": "277.83",
            "revenue": 476278
        },
        "2018-05": {
            "month": "2018-05",
            "price": "279.73",
            "revenue": 477359
        },
        "2018-06": {
            "month": "2018-06",
            "price": "300.35",
            "revenue": 494030
        },
        "2018-07": {
            "month": "2018-07",
            "price": "278.93",
            "revenue": 452288
        },
        "2018-08": {
            "month": "2018-08",
            "price": "234.33",
            "revenue": 397051
        },
        "2018-09": {
            "month": "2018-09",
            "price": "183.00",
            "revenue": 393738
        },
        "2018-10": {
            "month": "2018-10",
            "price": "166.84",
            "revenue": 361549
        },
        "2018-11": {
            "month": "2018-11",
            "price": "186.59",
            "revenue": 374310
        },
        "2018-12": {
            "month": "2018-12",
            "price": "181.48",
            "revenue": 371632
        },
        "2019-01": {
            "month": "2019-01",
            "price": "168.31",
            "revenue": 353873
        },
        "2019-02": {
            "month": "2019-02",
            "price": "188.88",
            "revenue": 243287
        },
        "2019-03": {
            "month": "2019-03",
            "price": "188.70",
            "revenue": 375799
        },
        "2019-04": {
            "month": "2019-04",
            "price": "190.22",
            "revenue": 386238
        },
        "2019-05": {
            "month": "2019-05",
            "price": "154.86",
            "revenue": 422883
        },
        "2019-06": {
            "month": "2019-06",
            "price": "150.92",
            "revenue": 425333
        },
        "2019-07": {
            "month": "2019-07",
            "price": "165.80",
            "revenue": 393757
        },
        "2019-08": {
            "month": "2019-08",
            "price": "166.64",
            "revenue": 386967
        },
        "2019-09": {
            "month": "2019-09",
            "price": "174.18",
            "revenue": 397958
        },
        "2019-10": {
            "month": "2019-10",
            "price": "177.00",
            "revenue": 381281
        },
        "2019-11": {
            "month": "2019-11",
            "price": "178.21",
            "revenue": 399737
        },
        "2019-12": {
            "month": "2019-12",
            "price": "199.59",
            "revenue": 399733
        },
        "2020-01": {
            "month": "2020-01",
            "price": "219.46",
            "revenue": 359751
        },
        "2020-02": {
            "month": "2020-02",
            "price": "222.47",
            "revenue": 232317
        },
        "2020-03": {
            "month": "2020-03",
            "price": "220.77",
            "revenue": 452995
        },
        "2020-04": {
            "month": "2020-04",
            "price": "226.72",
            "revenue": 399910
        }
    }
}
