{
    "summary": {
        "stock_name": "牧東",
        "stock_id": "4950",
        "category": "其他",
        "main_business": "不鏽鋼製品之加工與銷售",
        "website_url": "http://www.muttoinc.com",
        "ceo": "暫缺",
        "pe_ratio": -2,
        "report_year_from": 2009,
        "report_year_to": 2023,
        "age": 15,
        "eps_negative_percentage": 57,
        "eps_growth_avg": {
            "last_all": -65.96,
            "last_2y": -100,
            "last_4y": -100,
            "last_8y": -48.94,
            "last_12y": -65.96,
            "last_16y": null,
            "last_20y": null,
            "at_2006_last_3y": null,
            "at_2007_last_3y": null,
            "at_2008_last_3y": null,
            "at_2009_last_3y": null,
            "at_2010_last_3y": null,
            "at_2011_last_3y": null,
            "at_2012_last_3y": null,
            "at_2013_last_3y": null,
            "at_2014_last_3y": -100,
            "at_2015_last_3y": -97.87,
            "at_2016_last_3y": 2.13,
            "at_2017_last_3y": -31.92,
            "at_2018_last_3y": -31.92,
            "at_2019_last_3y": 0,
            "at_2020_last_3y": -100,
            "at_2021_last_3y": null,
            "at_2022_last_3y": -100,
            "at_2023_last_3y": -100,
            "at_2024_last_3y": -100,
            "at_2006_last_all": null,
            "at_2007_last_all": null,
            "at_2008_last_all": null,
            "at_2009_last_all": null,
            "at_2010_last_all": null,
            "at_2011_last_all": null,
            "at_2012_last_all": -100,
            "at_2013_last_all": -100,
            "at_2014_last_all": -100,
            "at_2015_last_all": -98.58,
            "at_2016_last_all": -48.94,
            "at_2017_last_all": -59.15,
            "at_2018_last_all": -59.15,
            "at_2019_last_all": -59.15,
            "at_2020_last_all": -59.15,
            "at_2021_last_all": -59.15,
            "at_2022_last_all": -65.96,
            "at_2023_last_all": -65.96,
            "at_2024_last_all": -65.96
        },
        "latest_eps": -3.8,
        "latest_price": 6.66,
        "latest_roe": -74.15,
        "latest_gross_margin": -130.05,
        "latest_equity": 152337,
        "latest_revenue": 20435,
        "latest_gross_profit": -26576,
        "latest_net_income": -114522,
        "latest_debt_ratio": 23.72,
        "latest_current_ratio": 429.73,
        "latest_account_receivable_turnover_ratio": 0.96,
        "latest_inventory_turnover_ratio": 1.05,
        "latest_reinvestment_rate": null,
        "latest_research_to_sale_ratio": 8.74
    },
    "eps_dividends": {
        "2001": {
            "cash": 0,
            "stock": 0,
            "eps": 0
        },
        "2002": {
            "cash": 0,
            "stock": 0,
            "eps": 0
        },
        "2003": {
            "cash": 0,
            "stock": 0,
            "eps": 0
        },
        "2004": {
            "cash": 0,
            "stock": 0,
            "eps": 0
        },
        "2005": {
            "cash": 0,
            "stock": 0,
            "eps": 0
        },
        "2006": {
            "cash": 0,
            "stock": 0,
            "eps": 0
        },
        "2007": {
            "cash": 0,
            "stock": 0,
            "eps": 0
        },
        "2008": {
            "cash": 0,
            "stock": 0,
            "eps": 0
        },
        "2009": {
            "cash": 0,
            "stock": 0,
            "eps": 0
        },
        "2010": {
            "cash": 0,
            "stock": 0,
            "eps": 0.75
        },
        "2011": {
            "cash": 0.39,
            "stock": 0,
            "eps": 0
        },
        "2012": {
            "cash": 0,
            "stock": 0,
            "eps": -0.8
        },
        "2013": {
            "cash": 0,
            "stock": 0,
            "eps": -5.84
        },
        "2014": {
            "cash": 0,
            "stock": 0,
            "eps": 5.41
        },
        "2015": {
            "cash": 0.54,
            "stock": 0,
            "eps": 0.23
        },
        "2016": {
            "cash": 0.5,
            "stock": 0,
            "eps": 3.04
        },
        "2017": {
            "cash": 1,
            "stock": 0,
            "eps": -3.63
        },
        "2018": {
            "cash": 0,
            "stock": 0,
            "eps": -2.46
        },
        "2019": {
            "cash": 0,
            "stock": 0,
            "eps": -8.19
        },
        "2020": {
            "cash": 0,
            "stock": 0,
            "eps": -4.18
        },
        "2021": {
            "cash": 0,
            "stock": 0,
            "eps": 0.48
        },
        "2022": {
            "cash": 0,
            "stock": 0,
            "eps": -1.37
        },
        "2023": {
            "cash": 0,
            "stock": 0,
            "eps": -2.91
        }
    },
    "dividends": {
        "2011-03-18": {
            "cash": 0.39,
            "stock": 0
        },
        "2015-11-18": {
            "cash": 0.54,
            "stock": 0
        },
        "2016-08-31": {
            "cash": 0.5,
            "stock": 0
        },
        "2017-08-17": {
            "cash": 1,
            "stock": 0
        }
    },
    "prices": {
        "200101": "無",
        "200102": "無",
        "200103": "無",
        "200104": "無",
        "200105": "無",
        "200106": "無",
        "200107": "無",
        "200108": "無",
        "200109": "無",
        "200110": "無",
        "200111": "無",
        "200112": "無",
        "200201": "無",
        "200202": "無",
        "200203": "無",
        "200204": "無",
        "200205": "無",
        "200206": "無",
        "200207": "無",
        "200208": "無",
        "200209": "無",
        "200210": "無",
        "200211": "無",
        "200212": "無",
        "200301": "無",
        "200302": "無",
        "200303": "無",
        "200304": "無",
        "200305": "無",
        "200306": "無",
        "200307": "無",
        "200308": "無",
        "200309": "無",
        "200310": "無",
        "200311": "無",
        "200312": "無",
        "200401": "無",
        "200402": "無",
        "200403": "無",
        "200404": "無",
        "200405": "無",
        "200406": "無",
        "200407": "無",
        "200408": "無",
        "200409": "無",
        "200410": "無",
        "200411": "無",
        "200412": "無",
        "200501": "無",
        "200502": "無",
        "200503": "無",
        "200504": "無",
        "200505": "無",
        "200506": "無",
        "200507": "無",
        "200508": "無",
        "200509": "無",
        "200510": "無",
        "200511": "無",
        "200512": "無",
        "200601": "無",
        "200602": "無",
        "200603": "無",
        "200604": "無",
        "200605": "無",
        "200606": "無",
        "200607": "無",
        "200608": "無",
        "200609": "無",
        "200610": "無",
        "200611": "無",
        "200612": "無",
        "200701": "無",
        "200702": "無",
        "200703": "無",
        "200704": "無",
        "200705": "無",
        "200706": "無",
        "200707": "無",
        "200708": "無",
        "200709": "無",
        "200710": "無",
        "200711": "無",
        "200712": "無",
        "200801": "無",
        "200802": "無",
        "200803": "無",
        "200804": "無",
        "200805": "無",
        "200806": "無",
        "200807": "無",
        "200808": "無",
        "200809": "無",
        "200810": "無",
        "200811": "無",
        "200812": "無",
        "200901": "無",
        "200902": "無",
        "200903": "無",
        "200904": "無",
        "200905": "無",
        "200906": "無",
        "200907": "無",
        "200908": "無",
        "200909": "無",
        "200910": "無",
        "200911": "無",
        "200912": "無",
        "201001": "無",
        "201002": "無",
        "201003": "無",
        "201004": "無",
        "201005": "無",
        "201006": "56.95",
        "201007": "55.32",
        "201008": "66.48",
        "201009": "70.93",
        "201010": "65.90",
        "201011": "58.52",
        "201012": "68.81",
        "201101": "63.65",
        "201102": "61.73",
        "201103": "58.23",
        "201104": "53.16",
        "201105": "46.69",
        "201106": "45.50",
        "201107": "42.98",
        "201108": "37.12",
        "201109": "37.79",
        "201110": "39.15",
        "201111": "31.33",
        "201112": "23.89",
        "201201": "23.51",
        "201202": "26.96",
        "201203": "33.91",
        "201204": "24.90",
        "201205": "25.12",
        "201206": "21.85",
        "201207": "26.16",
        "201208": "28.11",
        "201209": "24.84",
        "201210": "22.82",
        "201211": "23.40",
        "201212": "26.92",
        "201301": "30.04",
        "201302": "29.34",
        "201303": "32.62",
        "201304": "29.56",
        "201305": "26.34",
        "201306": "21.97",
        "201307": "18.42",
        "201308": "13.27",
        "201309": "15.16",
        "201310": "14.39",
        "201311": "12.50",
        "201312": "12.03",
        "201401": "12.39",
        "201402": "11.98",
        "201403": "14.78",
        "201404": "16.02",
        "201405": "18.07",
        "201406": "19.43",
        "201407": "21.68",
        "201408": "20.71",
        "201409": "22.09",
        "201410": "22.34",
        "201411": "23.42",
        "201412": "25.79",
        "201501": "24.37",
        "201502": "22.83",
        "201503": "24.48",
        "201504": "24.55",
        "201505": "22.82",
        "201506": "22.10",
        "201507": "20.57",
        "201508": "20.14",
        "201509": "19.77",
        "201510": "19.49",
        "201511": "18.89",
        "201512": "18.37",
        "201601": "15.07",
        "201602": "17.24",
        "201603": "16.72",
        "201604": "14.11",
        "201605": "16.82",
        "201606": "15.54",
        "201607": "15.20",
        "201608": "16.75",
        "201609": "17.23",
        "201610": "17.26",
        "201611": "17.43",
        "201612": "18.88",
        "201701": "18.57",
        "201702": "19.54",
        "201703": "19.07",
        "201704": "19.64",
        "201705": "19.94",
        "201706": "19.55",
        "201707": "19.13",
        "201708": "19.04",
        "201709": "18.60",
        "201710": "18.53",
        "201711": "18.30",
        "201712": "17.95",
        "201801": "18.53",
        "201802": "17.84",
        "201803": "18.44",
        "201804": "17.98",
        "201805": "17.64",
        "201806": "17.18",
        "201807": "16.73",
        "201808": "16.68",
        "201809": "16.97",
        "201810": "16.38",
        "201811": "15.13",
        "201812": "15.00",
        "201901": "15.76",
        "201902": "14.98",
        "201903": "15.04",
        "201904": "12.06",
        "201905": "9.88",
        "201906": "9.58",
        "201907": "10.37",
        "201908": "9.81",
        "201909": "9.15",
        "201910": "9.19",
        "201911": "9.18",
        "201912": "9.19",
        "202001": "9.11",
        "202002": "9.03",
        "202003": "7.40",
        "202004": "6.08",
        "202005": "6.03",
        "202006": "5.95",
        "202007": "6.16",
        "202008": "7.73",
        "202009": "9.34",
        "202010": "9.88",
        "202011": "15.64",
        "202012": "25.48",
        "202101": "23.46",
        "202102": "23.92",
        "202103": "24.32",
        "202104": "25.41",
        "202105": "27.08",
        "202106": "25.05",
        "202107": "19.64",
        "202108": "19.61",
        "202109": "19.52",
        "202110": "18.15",
        "202111": "19.18",
        "202112": "19.69",
        "202201": "19.66",
        "202202": "21.88",
        "202203": "25.65",
        "202204": "27.41",
        "202205": "25.84",
        "202206": "25.57",
        "202207": "25.01",
        "202208": "24.07",
        "202209": "23.35",
        "202210": "22.33",
        "202211": "22.08",
        "202212": "22.12",
        "202301": "21.88",
        "202302": "20.99",
        "202303": "19.43",
        "202304": "18.00",
        "202305": "20.04",
        "202306": "18.16",
        "202307": "14.20",
        "202308": "12.03",
        "202309": "11.75",
        "202310": "9.41",
        "202311": "8.97",
        "202312": "無"
    },
    "quarters": {
        "20011": {
            "year_quarter": 20011,
            "year": 2001,
            "quarter": 1,
            "eps": null,
            "eps_growth_year": null,
            "eps_4q": null,
            "eps_4q_growth_year": null,
            "roe": null,
            "roe_4q": 0,
            "gross_profit": null,
            "gross_margin": null,
            "gross_margin_4q_avg": 0,
            "net_income": null,
            "net_income_4q": null,
            "revenue": null,
            "revenue_4q": null,
            "common_shares": null,
            "book_valuer_per_share": null,
            "book_valuer_per_share_4q_avg": 0,
            "equity": null,
            "current_ratio": null,
            "debt_ratio": null,
            "inventory_turnover_ratio": null,
            "account_receivable_turnover_ratio": null,
            "reinvestment_rate": null,
            "research_to_sale_ratio": null,
            "price_fair": 0,
            "eps_avg_yearly": 0,
            "eps_latest_yearly": 0,
            "eps_growth_yearly": 0
        },
        "20012": {
            "year_quarter": 20012,
            "year": 2001,
            "quarter": 2,
            "eps": null,
            "eps_growth_year": null,
            "eps_4q": null,
            "eps_4q_growth_year": null,
            "roe": null,
            "roe_4q": 0,
            "gross_profit": null,
            "gross_margin": null,
            "gross_margin_4q_avg": 0,
            "net_income": null,
            "net_income_4q": null,
            "revenue": null,
            "revenue_4q": null,
            "common_shares": null,
            "book_valuer_per_share": null,
            "book_valuer_per_share_4q_avg": 0,
            "equity": null,
            "current_ratio": null,
            "debt_ratio": null,
            "inventory_turnover_ratio": null,
            "account_receivable_turnover_ratio": null,
            "reinvestment_rate": null,
            "research_to_sale_ratio": null,
            "price_fair": 0,
            "eps_avg_yearly": 0,
            "eps_latest_yearly": 0,
            "eps_growth_yearly": 0
        },
        "20013": {
            "year_quarter": 20013,
            "year": 2001,
            "quarter": 3,
            "eps": null,
            "eps_growth_year": null,
            "eps_4q": null,
            "eps_4q_growth_year": null,
            "roe": null,
            "roe_4q": 0,
            "gross_profit": null,
            "gross_margin": null,
            "gross_margin_4q_avg": 0,
            "net_income": null,
            "net_income_4q": null,
            "revenue": null,
            "revenue_4q": null,
            "common_shares": null,
            "book_valuer_per_share": null,
            "book_valuer_per_share_4q_avg": 0,
            "equity": null,
            "current_ratio": null,
            "debt_ratio": null,
            "inventory_turnover_ratio": null,
            "account_receivable_turnover_ratio": null,
            "reinvestment_rate": null,
            "research_to_sale_ratio": null,
            "price_fair": 0,
            "eps_avg_yearly": 0,
            "eps_latest_yearly": 0,
            "eps_growth_yearly": 0
        },
        "20014": {
            "year_quarter": 20014,
            "year": 2001,
            "quarter": 4,
            "eps": null,
            "eps_growth_year": null,
            "eps_4q": null,
            "eps_4q_growth_year": null,
            "roe": null,
            "roe_4q": 0,
            "gross_profit": null,
            "gross_margin": null,
            "gross_margin_4q_avg": 0,
            "net_income": null,
            "net_income_4q": null,
            "revenue": null,
            "revenue_4q": null,
            "common_shares": null,
            "book_valuer_per_share": null,
            "book_valuer_per_share_4q_avg": 0,
            "equity": null,
            "current_ratio": null,
            "debt_ratio": null,
            "inventory_turnover_ratio": null,
            "account_receivable_turnover_ratio": null,
            "reinvestment_rate": null,
            "research_to_sale_ratio": null,
            "price_fair": 0,
            "eps_avg_yearly": 0,
            "eps_latest_yearly": 0,
            "eps_growth_yearly": 0
        },
        "20021": {
            "year_quarter": 20021,
            "year": 2002,
            "quarter": 1,
            "eps": null,
            "eps_growth_year": null,
            "eps_4q": null,
            "eps_4q_growth_year": null,
            "roe": null,
            "roe_4q": 0,
            "gross_profit": null,
            "gross_margin": null,
            "gross_margin_4q_avg": 0,
            "net_income": null,
            "net_income_4q": null,
            "revenue": null,
            "revenue_4q": null,
            "common_shares": null,
            "book_valuer_per_share": null,
            "book_valuer_per_share_4q_avg": 0,
            "equity": null,
            "current_ratio": null,
            "debt_ratio": null,
            "inventory_turnover_ratio": null,
            "account_receivable_turnover_ratio": null,
            "reinvestment_rate": null,
            "research_to_sale_ratio": null,
            "price_fair": 0,
            "eps_avg_yearly": 0,
            "eps_latest_yearly": 0,
            "eps_growth_yearly": 0
        },
        "20022": {
            "year_quarter": 20022,
            "year": 2002,
            "quarter": 2,
            "eps": null,
            "eps_growth_year": null,
            "eps_4q": null,
            "eps_4q_growth_year": null,
            "roe": null,
            "roe_4q": 0,
            "gross_profit": null,
            "gross_margin": null,
            "gross_margin_4q_avg": 0,
            "net_income": null,
            "net_income_4q": null,
            "revenue": null,
            "revenue_4q": null,
            "common_shares": null,
            "book_valuer_per_share": null,
            "book_valuer_per_share_4q_avg": 0,
            "equity": null,
            "current_ratio": null,
            "debt_ratio": null,
            "inventory_turnover_ratio": null,
            "account_receivable_turnover_ratio": null,
            "reinvestment_rate": null,
            "research_to_sale_ratio": null,
            "price_fair": 0,
            "eps_avg_yearly": 0,
            "eps_latest_yearly": 0,
            "eps_growth_yearly": 0
        },
        "20023": {
            "year_quarter": 20023,
            "year": 2002,
            "quarter": 3,
            "eps": null,
            "eps_growth_year": null,
            "eps_4q": null,
            "eps_4q_growth_year": null,
            "roe": null,
            "roe_4q": 0,
            "gross_profit": null,
            "gross_margin": null,
            "gross_margin_4q_avg": 0,
            "net_income": null,
            "net_income_4q": null,
            "revenue": null,
            "revenue_4q": null,
            "common_shares": null,
            "book_valuer_per_share": null,
            "book_valuer_per_share_4q_avg": 0,
            "equity": null,
            "current_ratio": null,
            "debt_ratio": null,
            "inventory_turnover_ratio": null,
            "account_receivable_turnover_ratio": null,
            "reinvestment_rate": null,
            "research_to_sale_ratio": null,
            "price_fair": 0,
            "eps_avg_yearly": 0,
            "eps_latest_yearly": 0,
            "eps_growth_yearly": 0
        },
        "20024": {
            "year_quarter": 20024,
            "year": 2002,
            "quarter": 4,
            "eps": null,
            "eps_growth_year": null,
            "eps_4q": null,
            "eps_4q_growth_year": null,
            "roe": null,
            "roe_4q": 0,
            "gross_profit": null,
            "gross_margin": null,
            "gross_margin_4q_avg": 0,
            "net_income": null,
            "net_income_4q": null,
            "revenue": null,
            "revenue_4q": null,
            "common_shares": null,
            "book_valuer_per_share": null,
            "book_valuer_per_share_4q_avg": 0,
            "equity": null,
            "current_ratio": null,
            "debt_ratio": null,
            "inventory_turnover_ratio": null,
            "account_receivable_turnover_ratio": null,
            "reinvestment_rate": null,
            "research_to_sale_ratio": null,
            "price_fair": 0,
            "eps_avg_yearly": 0,
            "eps_latest_yearly": 0,
            "eps_growth_yearly": 0
        },
        "20031": {
            "year_quarter": 20031,
            "year": 2003,
            "quarter": 1,
            "eps": null,
            "eps_growth_year": null,
            "eps_4q": null,
            "eps_4q_growth_year": null,
            "roe": null,
            "roe_4q": 0,
            "gross_profit": null,
            "gross_margin": null,
            "gross_margin_4q_avg": 0,
            "net_income": null,
            "net_income_4q": null,
            "revenue": null,
            "revenue_4q": null,
            "common_shares": null,
            "book_valuer_per_share": null,
            "book_valuer_per_share_4q_avg": 0,
            "equity": null,
            "current_ratio": null,
            "debt_ratio": null,
            "inventory_turnover_ratio": null,
            "account_receivable_turnover_ratio": null,
            "reinvestment_rate": null,
            "research_to_sale_ratio": null,
            "price_fair": 0,
            "eps_avg_yearly": 0,
            "eps_latest_yearly": 0,
            "eps_growth_yearly": 0
        },
        "20032": {
            "year_quarter": 20032,
            "year": 2003,
            "quarter": 2,
            "eps": null,
            "eps_growth_year": null,
            "eps_4q": null,
            "eps_4q_growth_year": null,
            "roe": null,
            "roe_4q": 0,
            "gross_profit": null,
            "gross_margin": null,
            "gross_margin_4q_avg": 0,
            "net_income": null,
            "net_income_4q": null,
            "revenue": null,
            "revenue_4q": null,
            "common_shares": null,
            "book_valuer_per_share": null,
            "book_valuer_per_share_4q_avg": 0,
            "equity": null,
            "current_ratio": null,
            "debt_ratio": null,
            "inventory_turnover_ratio": null,
            "account_receivable_turnover_ratio": null,
            "reinvestment_rate": null,
            "research_to_sale_ratio": null,
            "price_fair": 0,
            "eps_avg_yearly": 0,
            "eps_latest_yearly": 0,
            "eps_growth_yearly": 0
        },
        "20033": {
            "year_quarter": 20033,
            "year": 2003,
            "quarter": 3,
            "eps": null,
            "eps_growth_year": null,
            "eps_4q": null,
            "eps_4q_growth_year": null,
            "roe": null,
            "roe_4q": 0,
            "gross_profit": null,
            "gross_margin": null,
            "gross_margin_4q_avg": 0,
            "net_income": null,
            "net_income_4q": null,
            "revenue": null,
            "revenue_4q": null,
            "common_shares": null,
            "book_valuer_per_share": null,
            "book_valuer_per_share_4q_avg": 0,
            "equity": null,
            "current_ratio": null,
            "debt_ratio": null,
            "inventory_turnover_ratio": null,
            "account_receivable_turnover_ratio": null,
            "reinvestment_rate": null,
            "research_to_sale_ratio": null,
            "price_fair": 0,
            "eps_avg_yearly": 0,
            "eps_latest_yearly": 0,
            "eps_growth_yearly": 0
        },
        "20034": {
            "year_quarter": 20034,
            "year": 2003,
            "quarter": 4,
            "eps": null,
            "eps_growth_year": null,
            "eps_4q": null,
            "eps_4q_growth_year": null,
            "roe": null,
            "roe_4q": 0,
            "gross_profit": null,
            "gross_margin": null,
            "gross_margin_4q_avg": 0,
            "net_income": null,
            "net_income_4q": null,
            "revenue": null,
            "revenue_4q": null,
            "common_shares": null,
            "book_valuer_per_share": null,
            "book_valuer_per_share_4q_avg": 0,
            "equity": null,
            "current_ratio": null,
            "debt_ratio": null,
            "inventory_turnover_ratio": null,
            "account_receivable_turnover_ratio": null,
            "reinvestment_rate": null,
            "research_to_sale_ratio": null,
            "price_fair": 0,
            "eps_avg_yearly": 0,
            "eps_latest_yearly": 0,
            "eps_growth_yearly": 0
        },
        "20041": {
            "year_quarter": 20041,
            "year": 2004,
            "quarter": 1,
            "eps": null,
            "eps_growth_year": null,
            "eps_4q": null,
            "eps_4q_growth_year": null,
            "roe": null,
            "roe_4q": 0,
            "gross_profit": null,
            "gross_margin": null,
            "gross_margin_4q_avg": 0,
            "net_income": null,
            "net_income_4q": null,
            "revenue": null,
            "revenue_4q": null,
            "common_shares": null,
            "book_valuer_per_share": null,
            "book_valuer_per_share_4q_avg": 0,
            "equity": null,
            "current_ratio": null,
            "debt_ratio": null,
            "inventory_turnover_ratio": null,
            "account_receivable_turnover_ratio": null,
            "reinvestment_rate": null,
            "research_to_sale_ratio": null,
            "price_fair": 0,
            "eps_avg_yearly": 0,
            "eps_latest_yearly": 0,
            "eps_growth_yearly": 0
        },
        "20042": {
            "year_quarter": 20042,
            "year": 2004,
            "quarter": 2,
            "eps": null,
            "eps_growth_year": null,
            "eps_4q": null,
            "eps_4q_growth_year": null,
            "roe": null,
            "roe_4q": 0,
            "gross_profit": null,
            "gross_margin": null,
            "gross_margin_4q_avg": 0,
            "net_income": null,
            "net_income_4q": null,
            "revenue": null,
            "revenue_4q": null,
            "common_shares": null,
            "book_valuer_per_share": null,
            "book_valuer_per_share_4q_avg": 0,
            "equity": null,
            "current_ratio": null,
            "debt_ratio": null,
            "inventory_turnover_ratio": null,
            "account_receivable_turnover_ratio": null,
            "reinvestment_rate": null,
            "research_to_sale_ratio": null,
            "price_fair": 0,
            "eps_avg_yearly": 0,
            "eps_latest_yearly": 0,
            "eps_growth_yearly": 0
        },
        "20043": {
            "year_quarter": 20043,
            "year": 2004,
            "quarter": 3,
            "eps": null,
            "eps_growth_year": null,
            "eps_4q": null,
            "eps_4q_growth_year": null,
            "roe": null,
            "roe_4q": 0,
            "gross_profit": null,
            "gross_margin": null,
            "gross_margin_4q_avg": 0,
            "net_income": null,
            "net_income_4q": null,
            "revenue": null,
            "revenue_4q": null,
            "common_shares": null,
            "book_valuer_per_share": null,
            "book_valuer_per_share_4q_avg": 0,
            "equity": null,
            "current_ratio": null,
            "debt_ratio": null,
            "inventory_turnover_ratio": null,
            "account_receivable_turnover_ratio": null,
            "reinvestment_rate": null,
            "research_to_sale_ratio": null,
            "price_fair": 0,
            "eps_avg_yearly": 0,
            "eps_latest_yearly": 0,
            "eps_growth_yearly": 0
        },
        "20044": {
            "year_quarter": 20044,
            "year": 2004,
            "quarter": 4,
            "eps": null,
            "eps_growth_year": null,
            "eps_4q": null,
            "eps_4q_growth_year": null,
            "roe": null,
            "roe_4q": 0,
            "gross_profit": null,
            "gross_margin": null,
            "gross_margin_4q_avg": 0,
            "net_income": null,
            "net_income_4q": null,
            "revenue": null,
            "revenue_4q": null,
            "common_shares": null,
            "book_valuer_per_share": null,
            "book_valuer_per_share_4q_avg": 0,
            "equity": null,
            "current_ratio": null,
            "debt_ratio": null,
            "inventory_turnover_ratio": null,
            "account_receivable_turnover_ratio": null,
            "reinvestment_rate": null,
            "research_to_sale_ratio": null,
            "price_fair": 0,
            "eps_avg_yearly": 0,
            "eps_latest_yearly": 0,
            "eps_growth_yearly": 0
        },
        "20051": {
            "year_quarter": 20051,
            "year": 2005,
            "quarter": 1,
            "eps": null,
            "eps_growth_year": null,
            "eps_4q": null,
            "eps_4q_growth_year": null,
            "roe": null,
            "roe_4q": 0,
            "gross_profit": null,
            "gross_margin": null,
            "gross_margin_4q_avg": 0,
            "net_income": null,
            "net_income_4q": null,
            "revenue": null,
            "revenue_4q": null,
            "common_shares": null,
            "book_valuer_per_share": null,
            "book_valuer_per_share_4q_avg": 0,
            "equity": null,
            "current_ratio": null,
            "debt_ratio": null,
            "inventory_turnover_ratio": null,
            "account_receivable_turnover_ratio": null,
            "reinvestment_rate": null,
            "research_to_sale_ratio": null,
            "price_fair": 0,
            "eps_avg_yearly": 0,
            "eps_latest_yearly": 0,
            "eps_growth_yearly": 0
        },
        "20052": {
            "year_quarter": 20052,
            "year": 2005,
            "quarter": 2,
            "eps": null,
            "eps_growth_year": null,
            "eps_4q": null,
            "eps_4q_growth_year": null,
            "roe": null,
            "roe_4q": 0,
            "gross_profit": null,
            "gross_margin": null,
            "gross_margin_4q_avg": 0,
            "net_income": null,
            "net_income_4q": null,
            "revenue": null,
            "revenue_4q": null,
            "common_shares": null,
            "book_valuer_per_share": null,
            "book_valuer_per_share_4q_avg": 0,
            "equity": null,
            "current_ratio": null,
            "debt_ratio": null,
            "inventory_turnover_ratio": null,
            "account_receivable_turnover_ratio": null,
            "reinvestment_rate": null,
            "research_to_sale_ratio": null,
            "price_fair": 0,
            "eps_avg_yearly": 0,
            "eps_latest_yearly": 0,
            "eps_growth_yearly": 0
        },
        "20053": {
            "year_quarter": 20053,
            "year": 2005,
            "quarter": 3,
            "eps": null,
            "eps_growth_year": null,
            "eps_4q": null,
            "eps_4q_growth_year": null,
            "roe": null,
            "roe_4q": 0,
            "gross_profit": null,
            "gross_margin": null,
            "gross_margin_4q_avg": 0,
            "net_income": null,
            "net_income_4q": null,
            "revenue": null,
            "revenue_4q": null,
            "common_shares": null,
            "book_valuer_per_share": null,
            "book_valuer_per_share_4q_avg": 0,
            "equity": null,
            "current_ratio": null,
            "debt_ratio": null,
            "inventory_turnover_ratio": null,
            "account_receivable_turnover_ratio": null,
            "reinvestment_rate": null,
            "research_to_sale_ratio": null,
            "price_fair": 0,
            "eps_avg_yearly": 0,
            "eps_latest_yearly": 0,
            "eps_growth_yearly": 0
        },
        "20054": {
            "year_quarter": 20054,
            "year": 2005,
            "quarter": 4,
            "eps": null,
            "eps_growth_year": null,
            "eps_4q": null,
            "eps_4q_growth_year": null,
            "roe": null,
            "roe_4q": 0,
            "gross_profit": null,
            "gross_margin": null,
            "gross_margin_4q_avg": 0,
            "net_income": null,
            "net_income_4q": null,
            "revenue": null,
            "revenue_4q": null,
            "common_shares": null,
            "book_valuer_per_share": null,
            "book_valuer_per_share_4q_avg": 0,
            "equity": null,
            "current_ratio": null,
            "debt_ratio": null,
            "inventory_turnover_ratio": null,
            "account_receivable_turnover_ratio": null,
            "reinvestment_rate": null,
            "research_to_sale_ratio": null,
            "price_fair": 0,
            "eps_avg_yearly": 0,
            "eps_latest_yearly": 0,
            "eps_growth_yearly": 0
        },
        "20061": {
            "year_quarter": 20061,
            "year": 2006,
            "quarter": 1,
            "eps": null,
            "eps_growth_year": null,
            "eps_4q": null,
            "eps_4q_growth_year": null,
            "roe": null,
            "roe_4q": 0,
            "gross_profit": null,
            "gross_margin": null,
            "gross_margin_4q_avg": 0,
            "net_income": null,
            "net_income_4q": null,
            "revenue": null,
            "revenue_4q": null,
            "common_shares": null,
            "book_valuer_per_share": null,
            "book_valuer_per_share_4q_avg": 0,
            "equity": null,
            "current_ratio": null,
            "debt_ratio": null,
            "inventory_turnover_ratio": null,
            "account_receivable_turnover_ratio": null,
            "reinvestment_rate": null,
            "research_to_sale_ratio": null,
            "price_fair": 0,
            "eps_avg_yearly": 0,
            "eps_latest_yearly": 0,
            "eps_growth_yearly": 0
        },
        "20062": {
            "year_quarter": 20062,
            "year": 2006,
            "quarter": 2,
            "eps": null,
            "eps_growth_year": null,
            "eps_4q": null,
            "eps_4q_growth_year": null,
            "roe": null,
            "roe_4q": 0,
            "gross_profit": null,
            "gross_margin": null,
            "gross_margin_4q_avg": 0,
            "net_income": null,
            "net_income_4q": null,
            "revenue": null,
            "revenue_4q": null,
            "common_shares": null,
            "book_valuer_per_share": null,
            "book_valuer_per_share_4q_avg": 0,
            "equity": null,
            "current_ratio": null,
            "debt_ratio": null,
            "inventory_turnover_ratio": null,
            "account_receivable_turnover_ratio": null,
            "reinvestment_rate": null,
            "research_to_sale_ratio": null,
            "price_fair": 0,
            "eps_avg_yearly": 0,
            "eps_latest_yearly": 0,
            "eps_growth_yearly": 0
        },
        "20063": {
            "year_quarter": 20063,
            "year": 2006,
            "quarter": 3,
            "eps": null,
            "eps_growth_year": null,
            "eps_4q": null,
            "eps_4q_growth_year": null,
            "roe": null,
            "roe_4q": 0,
            "gross_profit": null,
            "gross_margin": null,
            "gross_margin_4q_avg": 0,
            "net_income": null,
            "net_income_4q": null,
            "revenue": null,
            "revenue_4q": null,
            "common_shares": null,
            "book_valuer_per_share": null,
            "book_valuer_per_share_4q_avg": 0,
            "equity": null,
            "current_ratio": null,
            "debt_ratio": null,
            "inventory_turnover_ratio": null,
            "account_receivable_turnover_ratio": null,
            "reinvestment_rate": null,
            "research_to_sale_ratio": null,
            "price_fair": 0,
            "eps_avg_yearly": 0,
            "eps_latest_yearly": 0,
            "eps_growth_yearly": 0
        },
        "20064": {
            "year_quarter": 20064,
            "year": 2006,
            "quarter": 4,
            "eps": null,
            "eps_growth_year": null,
            "eps_4q": null,
            "eps_4q_growth_year": null,
            "roe": null,
            "roe_4q": 0,
            "gross_profit": null,
            "gross_margin": null,
            "gross_margin_4q_avg": 0,
            "net_income": null,
            "net_income_4q": null,
            "revenue": null,
            "revenue_4q": null,
            "common_shares": null,
            "book_valuer_per_share": null,
            "book_valuer_per_share_4q_avg": 0,
            "equity": null,
            "current_ratio": null,
            "debt_ratio": null,
            "inventory_turnover_ratio": null,
            "account_receivable_turnover_ratio": null,
            "reinvestment_rate": null,
            "research_to_sale_ratio": null,
            "price_fair": 0,
            "eps_avg_yearly": 0,
            "eps_latest_yearly": 0,
            "eps_growth_yearly": 0
        },
        "20071": {
            "year_quarter": 20071,
            "year": 2007,
            "quarter": 1,
            "eps": null,
            "eps_growth_year": null,
            "eps_4q": null,
            "eps_4q_growth_year": null,
            "roe": null,
            "roe_4q": 0,
            "gross_profit": null,
            "gross_margin": null,
            "gross_margin_4q_avg": 0,
            "net_income": null,
            "net_income_4q": null,
            "revenue": null,
            "revenue_4q": null,
            "common_shares": null,
            "book_valuer_per_share": null,
            "book_valuer_per_share_4q_avg": 0,
            "equity": null,
            "current_ratio": null,
            "debt_ratio": null,
            "inventory_turnover_ratio": null,
            "account_receivable_turnover_ratio": null,
            "reinvestment_rate": null,
            "research_to_sale_ratio": null,
            "price_fair": 0,
            "eps_avg_yearly": 0,
            "eps_latest_yearly": 0,
            "eps_growth_yearly": 0
        },
        "20072": {
            "year_quarter": 20072,
            "year": 2007,
            "quarter": 2,
            "eps": null,
            "eps_growth_year": null,
            "eps_4q": null,
            "eps_4q_growth_year": null,
            "roe": null,
            "roe_4q": 0,
            "gross_profit": null,
            "gross_margin": null,
            "gross_margin_4q_avg": 0,
            "net_income": null,
            "net_income_4q": null,
            "revenue": null,
            "revenue_4q": null,
            "common_shares": null,
            "book_valuer_per_share": null,
            "book_valuer_per_share_4q_avg": 0,
            "equity": null,
            "current_ratio": null,
            "debt_ratio": null,
            "inventory_turnover_ratio": null,
            "account_receivable_turnover_ratio": null,
            "reinvestment_rate": null,
            "research_to_sale_ratio": null,
            "price_fair": 0,
            "eps_avg_yearly": 0,
            "eps_latest_yearly": 0,
            "eps_growth_yearly": 0
        },
        "20073": {
            "year_quarter": 20073,
            "year": 2007,
            "quarter": 3,
            "eps": null,
            "eps_growth_year": null,
            "eps_4q": null,
            "eps_4q_growth_year": null,
            "roe": null,
            "roe_4q": 0,
            "gross_profit": null,
            "gross_margin": null,
            "gross_margin_4q_avg": 0,
            "net_income": null,
            "net_income_4q": null,
            "revenue": null,
            "revenue_4q": null,
            "common_shares": null,
            "book_valuer_per_share": null,
            "book_valuer_per_share_4q_avg": 0,
            "equity": null,
            "current_ratio": null,
            "debt_ratio": null,
            "inventory_turnover_ratio": null,
            "account_receivable_turnover_ratio": null,
            "reinvestment_rate": null,
            "research_to_sale_ratio": null,
            "price_fair": 0,
            "eps_avg_yearly": 0,
            "eps_latest_yearly": 0,
            "eps_growth_yearly": 0
        },
        "20074": {
            "year_quarter": 20074,
            "year": 2007,
            "quarter": 4,
            "eps": null,
            "eps_growth_year": null,
            "eps_4q": null,
            "eps_4q_growth_year": null,
            "roe": null,
            "roe_4q": 0,
            "gross_profit": null,
            "gross_margin": null,
            "gross_margin_4q_avg": 0,
            "net_income": null,
            "net_income_4q": null,
            "revenue": null,
            "revenue_4q": null,
            "common_shares": null,
            "book_valuer_per_share": null,
            "book_valuer_per_share_4q_avg": 0,
            "equity": null,
            "current_ratio": null,
            "debt_ratio": null,
            "inventory_turnover_ratio": null,
            "account_receivable_turnover_ratio": null,
            "reinvestment_rate": null,
            "research_to_sale_ratio": null,
            "price_fair": 0,
            "eps_avg_yearly": 0,
            "eps_latest_yearly": 0,
            "eps_growth_yearly": 0
        },
        "20081": {
            "year_quarter": 20081,
            "year": 2008,
            "quarter": 1,
            "eps": null,
            "eps_growth_year": null,
            "eps_4q": null,
            "eps_4q_growth_year": null,
            "roe": null,
            "roe_4q": 0,
            "gross_profit": null,
            "gross_margin": null,
            "gross_margin_4q_avg": 0,
            "net_income": null,
            "net_income_4q": null,
            "revenue": null,
            "revenue_4q": null,
            "common_shares": null,
            "book_valuer_per_share": null,
            "book_valuer_per_share_4q_avg": 0,
            "equity": null,
            "current_ratio": null,
            "debt_ratio": null,
            "inventory_turnover_ratio": null,
            "account_receivable_turnover_ratio": null,
            "reinvestment_rate": null,
            "research_to_sale_ratio": null,
            "price_fair": 0,
            "eps_avg_yearly": 0,
            "eps_latest_yearly": 0,
            "eps_growth_yearly": 0
        },
        "20082": {
            "year_quarter": 20082,
            "year": 2008,
            "quarter": 2,
            "eps": null,
            "eps_growth_year": null,
            "eps_4q": null,
            "eps_4q_growth_year": null,
            "roe": null,
            "roe_4q": 0,
            "gross_profit": null,
            "gross_margin": null,
            "gross_margin_4q_avg": 0,
            "net_income": null,
            "net_income_4q": null,
            "revenue": null,
            "revenue_4q": null,
            "common_shares": null,
            "book_valuer_per_share": null,
            "book_valuer_per_share_4q_avg": 0,
            "equity": null,
            "current_ratio": null,
            "debt_ratio": null,
            "inventory_turnover_ratio": null,
            "account_receivable_turnover_ratio": null,
            "reinvestment_rate": null,
            "research_to_sale_ratio": null,
            "price_fair": 0,
            "eps_avg_yearly": 0,
            "eps_latest_yearly": 0,
            "eps_growth_yearly": 0
        },
        "20083": {
            "year_quarter": 20083,
            "year": 2008,
            "quarter": 3,
            "eps": null,
            "eps_growth_year": null,
            "eps_4q": null,
            "eps_4q_growth_year": null,
            "roe": null,
            "roe_4q": 0,
            "gross_profit": null,
            "gross_margin": null,
            "gross_margin_4q_avg": 0,
            "net_income": null,
            "net_income_4q": null,
            "revenue": null,
            "revenue_4q": null,
            "common_shares": null,
            "book_valuer_per_share": null,
            "book_valuer_per_share_4q_avg": 0,
            "equity": null,
            "current_ratio": null,
            "debt_ratio": null,
            "inventory_turnover_ratio": null,
            "account_receivable_turnover_ratio": null,
            "reinvestment_rate": null,
            "research_to_sale_ratio": null,
            "price_fair": 0,
            "eps_avg_yearly": 0,
            "eps_latest_yearly": 0,
            "eps_growth_yearly": 0
        },
        "20084": {
            "year_quarter": 20084,
            "year": 2008,
            "quarter": 4,
            "eps": null,
            "eps_growth_year": null,
            "eps_4q": null,
            "eps_4q_growth_year": null,
            "roe": null,
            "roe_4q": 0,
            "gross_profit": null,
            "gross_margin": null,
            "gross_margin_4q_avg": 0,
            "net_income": null,
            "net_income_4q": null,
            "revenue": null,
            "revenue_4q": null,
            "common_shares": 10000,
            "book_valuer_per_share": 8.77,
            "book_valuer_per_share_4q_avg": 2.19,
            "equity": 8769,
            "current_ratio": 1688.59,
            "debt_ratio": 5.92,
            "inventory_turnover_ratio": null,
            "account_receivable_turnover_ratio": null,
            "reinvestment_rate": null,
            "research_to_sale_ratio": null,
            "price_fair": 0,
            "eps_avg_yearly": 0,
            "eps_latest_yearly": 0,
            "eps_growth_yearly": 0
        },
        "20091": {
            "year_quarter": 20091,
            "year": 2009,
            "quarter": 1,
            "eps": null,
            "eps_growth_year": null,
            "eps_4q": null,
            "eps_4q_growth_year": null,
            "roe": null,
            "roe_4q": 0,
            "gross_profit": null,
            "gross_margin": null,
            "gross_margin_4q_avg": 0,
            "net_income": null,
            "net_income_4q": null,
            "revenue": null,
            "revenue_4q": null,
            "common_shares": null,
            "book_valuer_per_share": null,
            "book_valuer_per_share_4q_avg": 2.19,
            "equity": null,
            "current_ratio": null,
            "debt_ratio": null,
            "inventory_turnover_ratio": null,
            "account_receivable_turnover_ratio": null,
            "reinvestment_rate": null,
            "research_to_sale_ratio": null,
            "price_fair": 0,
            "eps_avg_yearly": 0,
            "eps_latest_yearly": 0,
            "eps_growth_yearly": 0
        },
        "20092": {
            "year_quarter": 20092,
            "year": 2009,
            "quarter": 2,
            "eps": null,
            "eps_growth_year": null,
            "eps_4q": null,
            "eps_4q_growth_year": null,
            "roe": null,
            "roe_4q": 0,
            "gross_profit": null,
            "gross_margin": null,
            "gross_margin_4q_avg": 0,
            "net_income": null,
            "net_income_4q": null,
            "revenue": null,
            "revenue_4q": null,
            "common_shares": 10000,
            "book_valuer_per_share": null,
            "book_valuer_per_share_4q_avg": 2.19,
            "equity": 2689,
            "current_ratio": null,
            "debt_ratio": null,
            "inventory_turnover_ratio": null,
            "account_receivable_turnover_ratio": null,
            "reinvestment_rate": null,
            "research_to_sale_ratio": null,
            "price_fair": 0,
            "eps_avg_yearly": 0,
            "eps_latest_yearly": 0,
            "eps_growth_yearly": 0
        },
        "20093": {
            "year_quarter": 20093,
            "year": 2009,
            "quarter": 3,
            "eps": null,
            "eps_growth_year": null,
            "eps_4q": null,
            "eps_4q_growth_year": null,
            "roe": null,
            "roe_4q": 0,
            "gross_profit": null,
            "gross_margin": null,
            "gross_margin_4q_avg": 0,
            "net_income": null,
            "net_income_4q": null,
            "revenue": null,
            "revenue_4q": null,
            "common_shares": null,
            "book_valuer_per_share": null,
            "book_valuer_per_share_4q_avg": 2.19,
            "equity": null,
            "current_ratio": null,
            "debt_ratio": null,
            "inventory_turnover_ratio": null,
            "account_receivable_turnover_ratio": null,
            "reinvestment_rate": null,
            "research_to_sale_ratio": null,
            "price_fair": 0,
            "eps_avg_yearly": 0,
            "eps_latest_yearly": 0,
            "eps_growth_yearly": 0
        },
        "20094": {
            "year_quarter": 20094,
            "year": 2009,
            "quarter": 4,
            "eps": null,
            "eps_growth_year": null,
            "eps_4q": null,
            "eps_4q_growth_year": null,
            "roe": null,
            "roe_4q": 0,
            "gross_profit": null,
            "gross_margin": null,
            "gross_margin_4q_avg": 0,
            "net_income": null,
            "net_income_4q": null,
            "revenue": null,
            "revenue_4q": null,
            "common_shares": 400000,
            "book_valuer_per_share": 9.41,
            "book_valuer_per_share_4q_avg": 2.35,
            "equity": 376595,
            "current_ratio": 5668.46,
            "debt_ratio": 1.76,
            "inventory_turnover_ratio": null,
            "account_receivable_turnover_ratio": null,
            "reinvestment_rate": null,
            "research_to_sale_ratio": null,
            "price_fair": 0,
            "eps_avg_yearly": 0,
            "eps_latest_yearly": 0,
            "eps_growth_yearly": 0
        },
        "20101": {
            "year_quarter": 20101,
            "year": 2010,
            "quarter": 1,
            "eps": null,
            "eps_growth_year": null,
            "eps_4q": null,
            "eps_4q_growth_year": null,
            "roe": null,
            "roe_4q": 0,
            "gross_profit": 58518,
            "gross_margin": null,
            "gross_margin_4q_avg": 0,
            "net_income": 24324,
            "net_income_4q": null,
            "revenue": 150606,
            "revenue_4q": null,
            "common_shares": 500000,
            "book_valuer_per_share": 11.28,
            "book_valuer_per_share_4q_avg": 5.17,
            "equity": 563802,
            "current_ratio": 282.98,
            "debt_ratio": 28.22,
            "inventory_turnover_ratio": null,
            "account_receivable_turnover_ratio": null,
            "reinvestment_rate": null,
            "research_to_sale_ratio": null,
            "price_fair": 0,
            "eps_avg_yearly": 0,
            "eps_latest_yearly": 0,
            "eps_growth_yearly": 0
        },
        "20102": {
            "year_quarter": 20102,
            "year": 2010,
            "quarter": 2,
            "eps": 0.75,
            "eps_growth_year": null,
            "eps_4q": null,
            "eps_4q_growth_year": null,
            "roe": 5.38,
            "roe_4q": 5.38,
            "gross_profit": 96049,
            "gross_margin": 31.58,
            "gross_margin_4q_avg": 7.9,
            "net_income": 45161,
            "net_income_4q": null,
            "revenue": 304169,
            "revenue_4q": null,
            "common_shares": 600000,
            "book_valuer_per_share": 18.59,
            "book_valuer_per_share_4q_avg": 9.82,
            "equity": 1115434,
            "current_ratio": 429.4,
            "debt_ratio": 19.89,
            "inventory_turnover_ratio": 2.4,
            "account_receivable_turnover_ratio": 1.85,
            "reinvestment_rate": null,
            "research_to_sale_ratio": null,
            "price_fair": 0,
            "eps_avg_yearly": 0,
            "eps_latest_yearly": 0,
            "eps_growth_yearly": 0
        },
        "20103": {
            "year_quarter": 20103,
            "year": 2010,
            "quarter": 3,
            "eps": null,
            "eps_growth_year": null,
            "eps_4q": null,
            "eps_4q_growth_year": null,
            "roe": null,
            "roe_4q": 5.38,
            "gross_profit": 84849,
            "gross_margin": null,
            "gross_margin_4q_avg": 7.9,
            "net_income": 26821,
            "net_income_4q": null,
            "revenue": 317933,
            "revenue_4q": null,
            "common_shares": 600000,
            "book_valuer_per_share": 18.79,
            "book_valuer_per_share_4q_avg": 14.52,
            "equity": 1127683,
            "current_ratio": 286.43,
            "debt_ratio": 24.38,
            "inventory_turnover_ratio": null,
            "account_receivable_turnover_ratio": null,
            "reinvestment_rate": null,
            "research_to_sale_ratio": null,
            "price_fair": 0,
            "eps_avg_yearly": 0,
            "eps_latest_yearly": 0,
            "eps_growth_yearly": 0
        },
        "20104": {
            "year_quarter": 20104,
            "year": 2010,
            "quarter": 4,
            "eps": null,
            "eps_growth_year": null,
            "eps_4q": null,
            "eps_4q_growth_year": null,
            "roe": null,
            "roe_4q": 5.38,
            "gross_profit": 100088,
            "gross_margin": null,
            "gross_margin_4q_avg": 7.9,
            "net_income": 27681,
            "net_income_4q": null,
            "revenue": 405293,
            "revenue_4q": null,
            "common_shares": 600000,
            "book_valuer_per_share": 18.45,
            "book_valuer_per_share_4q_avg": 16.78,
            "equity": 1106727,
            "current_ratio": 242.82,
            "debt_ratio": 25.76,
            "inventory_turnover_ratio": null,
            "account_receivable_turnover_ratio": null,
            "reinvestment_rate": null,
            "research_to_sale_ratio": null,
            "price_fair": 0,
            "eps_avg_yearly": 0,
            "eps_latest_yearly": 0,
            "eps_growth_yearly": 0
        },
        "20111": {
            "year_quarter": 20111,
            "year": 2011,
            "quarter": 1,
            "eps": 0.8,
            "eps_growth_year": null,
            "eps_4q": 1.34,
            "eps_4q_growth_year": null,
            "roe": 3.38,
            "roe_4q": 8.76,
            "gross_profit": 103199,
            "gross_margin": 23.72,
            "gross_margin_4q_avg": 13.83,
            "net_income": 48538,
            "net_income_4q": null,
            "revenue": 435098,
            "revenue_4q": null,
            "common_shares": 700000,
            "book_valuer_per_share": 25.22,
            "book_valuer_per_share_4q_avg": 20.26,
            "equity": 1765628,
            "current_ratio": 264.64,
            "debt_ratio": 27.71,
            "inventory_turnover_ratio": 2.08,
            "account_receivable_turnover_ratio": 0.85,
            "reinvestment_rate": null,
            "research_to_sale_ratio": 4.26,
            "price_fair": 0,
            "eps_avg_yearly": 0,
            "eps_latest_yearly": 0,
            "eps_growth_yearly": 0
        },
        "20112": {
            "year_quarter": 20112,
            "year": 2011,
            "quarter": 2,
            "eps": -0.49,
            "eps_growth_year": -165.46,
            "eps_4q": 0.2,
            "eps_4q_growth_year": null,
            "roe": -2,
            "roe_4q": 1.38,
            "gross_profit": 26563,
            "gross_margin": 8.68,
            "gross_margin_4q_avg": 8.1,
            "net_income": -34489,
            "net_income_4q": null,
            "revenue": 306175,
            "revenue_4q": null,
            "common_shares": 700000,
            "book_valuer_per_share": 24.15,
            "book_valuer_per_share_4q_avg": 21.65,
            "equity": 1690311,
            "current_ratio": 305.76,
            "debt_ratio": 21.69,
            "inventory_turnover_ratio": 1.62,
            "account_receivable_turnover_ratio": 0.62,
            "reinvestment_rate": null,
            "research_to_sale_ratio": 9.15,
            "price_fair": 0,
            "eps_avg_yearly": 0,
            "eps_latest_yearly": 0,
            "eps_growth_yearly": 0
        },
        "20113": {
            "year_quarter": 20113,
            "year": 2011,
            "quarter": 3,
            "eps": 0.03,
            "eps_growth_year": null,
            "eps_4q": 0.23,
            "eps_4q_growth_year": null,
            "roe": 0.13,
            "roe_4q": 1.5099999999999998,
            "gross_profit": 49984,
            "gross_margin": 8.31,
            "gross_margin_4q_avg": 10.18,
            "net_income": 2281,
            "net_income_4q": null,
            "revenue": 601169,
            "revenue_4q": null,
            "common_shares": 700000,
            "book_valuer_per_share": 25.43,
            "book_valuer_per_share_4q_avg": 23.31,
            "equity": 1779764,
            "current_ratio": 191.34,
            "debt_ratio": 33.62,
            "inventory_turnover_ratio": 2.2,
            "account_receivable_turnover_ratio": 1.07,
            "reinvestment_rate": null,
            "research_to_sale_ratio": 5.29,
            "price_fair": 0,
            "eps_avg_yearly": 0,
            "eps_latest_yearly": 0,
            "eps_growth_yearly": 0
        },
        "20114": {
            "year_quarter": 20114,
            "year": 2011,
            "quarter": 4,
            "eps": -0.34,
            "eps_growth_year": null,
            "eps_4q": -0.1,
            "eps_4q_growth_year": null,
            "roe": -1.33,
            "roe_4q": 0.17999999999999972,
            "gross_profit": 52111,
            "gross_margin": 6.26,
            "gross_margin_4q_avg": 11.74,
            "net_income": -23473,
            "net_income_4q": null,
            "revenue": 832376,
            "revenue_4q": null,
            "common_shares": 700000,
            "book_valuer_per_share": 24.99,
            "book_valuer_per_share_4q_avg": 24.95,
            "equity": 1749457,
            "current_ratio": 148.05,
            "debt_ratio": 44.52,
            "inventory_turnover_ratio": 2.29,
            "account_receivable_turnover_ratio": 0.93,
            "reinvestment_rate": null,
            "research_to_sale_ratio": 5.65,
            "price_fair": 0,
            "eps_avg_yearly": 0,
            "eps_latest_yearly": 0,
            "eps_growth_yearly": 0
        },
        "20121": {
            "year_quarter": 20121,
            "year": 2012,
            "quarter": 1,
            "eps": -0.38,
            "eps_growth_year": -147.5,
            "eps_4q": -1.18,
            "eps_4q_growth_year": -187.79,
            "roe": -1.55,
            "roe_4q": -4.75,
            "gross_profit": 38552,
            "gross_margin": 5.46,
            "gross_margin_4q_avg": 7.18,
            "net_income": -26578,
            "net_income_4q": null,
            "revenue": 705835,
            "revenue_4q": null,
            "common_shares": 700000,
            "book_valuer_per_share": 24.09,
            "book_valuer_per_share_4q_avg": 24.67,
            "equity": 1686297,
            "current_ratio": 147.58,
            "debt_ratio": 42.87,
            "inventory_turnover_ratio": 2.05,
            "account_receivable_turnover_ratio": 0.65,
            "reinvestment_rate": null,
            "research_to_sale_ratio": 4.56,
            "price_fair": 0,
            "eps_avg_yearly": 0,
            "eps_latest_yearly": 0,
            "eps_growth_yearly": 0
        },
        "20122": {
            "year_quarter": 20122,
            "year": 2012,
            "quarter": 2,
            "eps": -0.75,
            "eps_growth_year": null,
            "eps_4q": -1.37,
            "eps_4q_growth_year": -782.09,
            "roe": -3.29,
            "roe_4q": -6.04,
            "gross_profit": 30566,
            "gross_margin": 4.28,
            "gross_margin_4q_avg": 6.08,
            "net_income": -57470,
            "net_income_4q": null,
            "revenue": 713868,
            "revenue_4q": null,
            "common_shares": 768760,
            "book_valuer_per_share": 23.52,
            "book_valuer_per_share_4q_avg": 24.51,
            "equity": 1807792,
            "current_ratio": 151.12,
            "debt_ratio": 42.44,
            "inventory_turnover_ratio": 2.05,
            "account_receivable_turnover_ratio": 0.77,
            "reinvestment_rate": null,
            "research_to_sale_ratio": 5.76,
            "price_fair": 0,
            "eps_avg_yearly": 0,
            "eps_latest_yearly": 0,
            "eps_growth_yearly": 0
        },
        "20123": {
            "year_quarter": 20123,
            "year": 2012,
            "quarter": 3,
            "eps": 0.21,
            "eps_growth_year": 537.1,
            "eps_4q": -1.19,
            "eps_4q_growth_year": -610.54,
            "roe": 0.88,
            "roe_4q": -5.29,
            "gross_profit": 131977,
            "gross_margin": 13.02,
            "gross_margin_4q_avg": 7.26,
            "net_income": 15960,
            "net_income_4q": null,
            "revenue": 1013736,
            "revenue_4q": null,
            "common_shares": 768760,
            "book_valuer_per_share": 23.41,
            "book_valuer_per_share_4q_avg": 24,
            "equity": 1799690,
            "current_ratio": 156.43,
            "debt_ratio": 41.48,
            "inventory_turnover_ratio": 2.62,
            "account_receivable_turnover_ratio": 1.3,
            "reinvestment_rate": null,
            "research_to_sale_ratio": 4.19,
            "price_fair": 0,
            "eps_avg_yearly": 0,
            "eps_latest_yearly": 0,
            "eps_growth_yearly": 0
        },
        "20124": {
            "year_quarter": 20124,
            "year": 2012,
            "quarter": 4,
            "eps": 0.12,
            "eps_growth_year": null,
            "eps_4q": -0.79,
            "eps_4q_growth_year": null,
            "roe": 0.51,
            "roe_4q": -3.45,
            "gross_profit": 109469,
            "gross_margin": 8.89,
            "gross_margin_4q_avg": 7.91,
            "net_income": 9031,
            "net_income_4q": null,
            "revenue": 1231931,
            "revenue_4q": null,
            "common_shares": 768760,
            "book_valuer_per_share": 23.4,
            "book_valuer_per_share_4q_avg": 23.61,
            "equity": 1757565,
            "current_ratio": 137.58,
            "debt_ratio": 48.44,
            "inventory_turnover_ratio": 2.93,
            "account_receivable_turnover_ratio": 1.24,
            "reinvestment_rate": null,
            "research_to_sale_ratio": 4.06,
            "price_fair": 1.44,
            "eps_avg_yearly": 0.48,
            "eps_latest_yearly": 0.48,
            "eps_growth_yearly": -171.43
        },
        "20131": {
            "year_quarter": 20131,
            "year": 2013,
            "quarter": 1,
            "eps": -0.97,
            "eps_growth_year": null,
            "eps_4q": -1.41,
            "eps_4q_growth_year": null,
            "roe": -4.24,
            "roe_4q": -6.140000000000001,
            "gross_profit": -17796,
            "gross_margin": -1.7,
            "gross_margin_4q_avg": 6.12,
            "net_income": -73204,
            "net_income_4q": null,
            "revenue": 1045815,
            "revenue_4q": null,
            "common_shares": 768760,
            "book_valuer_per_share": 22.61,
            "book_valuer_per_share_4q_avg": 23.24,
            "equity": 1698341,
            "current_ratio": 130.09,
            "debt_ratio": 54.28,
            "inventory_turnover_ratio": 2.37,
            "account_receivable_turnover_ratio": 0.79,
            "reinvestment_rate": null,
            "research_to_sale_ratio": 3.85,
            "price_fair": 1.44,
            "eps_avg_yearly": 0.48,
            "eps_latest_yearly": 0.48,
            "eps_growth_yearly": -171.43
        },
        "20132": {
            "year_quarter": 20132,
            "year": 2013,
            "quarter": 2,
            "eps": -1.35,
            "eps_growth_year": null,
            "eps_4q": -1.99,
            "eps_4q_growth_year": null,
            "roe": -6.14,
            "roe_4q": -8.989999999999998,
            "gross_profit": -43977,
            "gross_margin": -3.87,
            "gross_margin_4q_avg": 4.09,
            "net_income": -101227,
            "net_income_4q": null,
            "revenue": 1137738,
            "revenue_4q": null,
            "common_shares": 768760,
            "book_valuer_per_share": 21.27,
            "book_valuer_per_share_4q_avg": 22.67,
            "equity": 1597519,
            "current_ratio": 116.6,
            "debt_ratio": 59.3,
            "inventory_turnover_ratio": 2.59,
            "account_receivable_turnover_ratio": 0.82,
            "reinvestment_rate": null,
            "research_to_sale_ratio": 3.41,
            "price_fair": 1.44,
            "eps_avg_yearly": 0.48,
            "eps_latest_yearly": 0.48,
            "eps_growth_yearly": -171.43
        },
        "20133": {
            "year_quarter": 20133,
            "year": 2013,
            "quarter": 3,
            "eps": -1.23,
            "eps_growth_year": -692.47,
            "eps_4q": -3.43,
            "eps_4q_growth_year": null,
            "roe": -5.93,
            "roe_4q": -15.800000000000002,
            "gross_profit": -28113,
            "gross_margin": -2.5,
            "gross_margin_4q_avg": 0.21,
            "net_income": -91913,
            "net_income_4q": null,
            "revenue": 1125767,
            "revenue_4q": null,
            "common_shares": 768760,
            "book_valuer_per_share": 20.02,
            "book_valuer_per_share_4q_avg": 21.83,
            "equity": 1503706,
            "current_ratio": 112.51,
            "debt_ratio": 62.6,
            "inventory_turnover_ratio": 2.19,
            "account_receivable_turnover_ratio": 0.91,
            "reinvestment_rate": null,
            "research_to_sale_ratio": 2.51,
            "price_fair": 1.44,
            "eps_avg_yearly": 0.48,
            "eps_latest_yearly": 0.48,
            "eps_growth_yearly": -171.43
        },
        "20134": {
            "year_quarter": 20134,
            "year": 2013,
            "quarter": 4,
            "eps": -2.29,
            "eps_growth_year": -2002.54,
            "eps_4q": -5.83,
            "eps_4q_growth_year": null,
            "roe": -12.15,
            "roe_4q": -28.46,
            "gross_profit": -24144,
            "gross_margin": 1.91,
            "gross_margin_4q_avg": -1.54,
            "net_income": -171819,
            "net_income_4q": null,
            "revenue": -1262921,
            "revenue_4q": null,
            "common_shares": 768760,
            "book_valuer_per_share": 17.63,
            "book_valuer_per_share_4q_avg": 20.38,
            "equity": 1324467,
            "current_ratio": 159.81,
            "debt_ratio": 57.76,
            "inventory_turnover_ratio": -3.52,
            "account_receivable_turnover_ratio": -1.46,
            "reinvestment_rate": null,
            "research_to_sale_ratio": 7.35,
            "price_fair": 1.44,
            "eps_avg_yearly": 0.48,
            "eps_latest_yearly": 0.48,
            "eps_growth_yearly": -171.43
        },
        "20141": {
            "year_quarter": 20141,
            "year": 2014,
            "quarter": 1,
            "eps": 7.05,
            "eps_growth_year": null,
            "eps_4q": 2.23,
            "eps_4q_growth_year": null,
            "roe": 33.34,
            "roe_4q": 9.120000000000005,
            "gross_profit": -93313,
            "gross_margin": -32.61,
            "gross_margin_4q_avg": -9.27,
            "net_income": 529250,
            "net_income_4q": null,
            "revenue": 286156,
            "revenue_4q": null,
            "common_shares": 768760,
            "book_valuer_per_share": 25.07,
            "book_valuer_per_share_4q_avg": 21,
            "equity": 1850165,
            "current_ratio": 842.82,
            "debt_ratio": 12,
            "inventory_turnover_ratio": 6.46,
            "account_receivable_turnover_ratio": 0.62,
            "reinvestment_rate": -103.41,
            "research_to_sale_ratio": 0,
            "price_fair": 1.44,
            "eps_avg_yearly": 0.48,
            "eps_latest_yearly": 0.48,
            "eps_growth_yearly": -171.43
        },
        "20142": {
            "year_quarter": 20142,
            "year": 2014,
            "quarter": 2,
            "eps": -0.27,
            "eps_growth_year": null,
            "eps_4q": 3.52,
            "eps_4q_growth_year": null,
            "roe": -1.08,
            "roe_4q": 14.180000000000007,
            "gross_profit": -2407,
            "gross_margin": 98.41,
            "gross_margin_4q_avg": 16.3,
            "net_income": -19423,
            "net_income_4q": null,
            "revenue": -2446,
            "revenue_4q": null,
            "common_shares": 720390,
            "book_valuer_per_share": 25.19,
            "book_valuer_per_share_4q_avg": 21.98,
            "equity": 1758725,
            "current_ratio": 1264.74,
            "debt_ratio": 7.89,
            "inventory_turnover_ratio": null,
            "account_receivable_turnover_ratio": -0.01,
            "reinvestment_rate": -1085.35,
            "research_to_sale_ratio": 0,
            "price_fair": 1.44,
            "eps_avg_yearly": 0.48,
            "eps_latest_yearly": 0.48,
            "eps_growth_yearly": -171.43
        },
        "20143": {
            "year_quarter": 20143,
            "year": 2014,
            "quarter": 3,
            "eps": 0.45,
            "eps_growth_year": null,
            "eps_4q": 5.66,
            "eps_4q_growth_year": null,
            "roe": 1.75,
            "roe_4q": 21.860000000000007,
            "gross_profit": 8632,
            "gross_margin": 26.44,
            "gross_margin_4q_avg": 23.54,
            "net_income": 30067,
            "net_income_4q": null,
            "revenue": 32643,
            "revenue_4q": null,
            "common_shares": 675430,
            "book_valuer_per_share": 25.94,
            "book_valuer_per_share_4q_avg": 23.46,
            "equity": 1685961,
            "current_ratio": 498.17,
            "debt_ratio": 16.6,
            "inventory_turnover_ratio": 0.63,
            "account_receivable_turnover_ratio": 0.66,
            "reinvestment_rate": -524.19,
            "research_to_sale_ratio": 0,
            "price_fair": 1.44,
            "eps_avg_yearly": 0.48,
            "eps_latest_yearly": 0.48,
            "eps_growth_yearly": -171.43
        },
        "20144": {
            "year_quarter": 20144,
            "year": 2014,
            "quarter": 4,
            "eps": -1.82,
            "eps_growth_year": null,
            "eps_4q": 7.4,
            "eps_4q_growth_year": null,
            "roe": -6.87,
            "roe_4q": 27.140000000000004,
            "gross_profit": 11679,
            "gross_margin": 15.08,
            "gross_margin_4q_avg": 26.83,
            "net_income": -106421,
            "net_income_4q": null,
            "revenue": 77446,
            "revenue_4q": null,
            "common_shares": 635430,
            "book_valuer_per_share": 24.12,
            "book_valuer_per_share_4q_avg": 25.08,
            "equity": 1412784,
            "current_ratio": 193.84,
            "debt_ratio": 50.39,
            "inventory_turnover_ratio": 0.84,
            "account_receivable_turnover_ratio": 0.93,
            "reinvestment_rate": null,
            "research_to_sale_ratio": 0,
            "price_fair": 1.44,
            "eps_avg_yearly": 0.48,
            "eps_latest_yearly": 0.48,
            "eps_growth_yearly": -171.43
        },
        "20151": {
            "year_quarter": 20151,
            "year": 2015,
            "quarter": 1,
            "eps": -0.16,
            "eps_growth_year": -102.27,
            "eps_4q": -1.88,
            "eps_4q_growth_year": -184.38,
            "roe": -0.67,
            "roe_4q": -6.87,
            "gross_profit": 7136,
            "gross_margin": 10.73,
            "gross_margin_4q_avg": 37.67,
            "net_income": -9175,
            "net_income_4q": null,
            "revenue": 66499,
            "revenue_4q": null,
            "common_shares": 590430,
            "book_valuer_per_share": 23.82,
            "book_valuer_per_share_4q_avg": 24.77,
            "equity": 1331079,
            "current_ratio": 177.39,
            "debt_ratio": 54.57,
            "inventory_turnover_ratio": 0.63,
            "account_receivable_turnover_ratio": 0.86,
            "reinvestment_rate": null,
            "research_to_sale_ratio": null,
            "price_fair": 1.44,
            "eps_avg_yearly": 0.48,
            "eps_latest_yearly": 0.48,
            "eps_growth_yearly": -171.43
        },
        "20152": {
            "year_quarter": 20152,
            "year": 2015,
            "quarter": 2,
            "eps": -0.28,
            "eps_growth_year": null,
            "eps_4q": -1.88,
            "eps_4q_growth_year": -153.46,
            "roe": -1.19,
            "roe_4q": -6.98,
            "gross_profit": 6848,
            "gross_margin": 8.95,
            "gross_margin_4q_avg": 15.3,
            "net_income": -14848,
            "net_income_4q": null,
            "revenue": 76551,
            "revenue_4q": null,
            "common_shares": 550430,
            "book_valuer_per_share": 21.88,
            "book_valuer_per_share_4q_avg": 23.94,
            "equity": 1165741,
            "current_ratio": 151.15,
            "debt_ratio": 57.44,
            "inventory_turnover_ratio": 0.69,
            "account_receivable_turnover_ratio": 1.18,
            "reinvestment_rate": null,
            "research_to_sale_ratio": null,
            "price_fair": 1.44,
            "eps_avg_yearly": 0.48,
            "eps_latest_yearly": 0.48,
            "eps_growth_yearly": -171.43
        },
        "20153": {
            "year_quarter": 20153,
            "year": 2015,
            "quarter": 3,
            "eps": 1.65,
            "eps_growth_year": 266.67,
            "eps_4q": -0.9,
            "eps_4q_growth_year": -115.88,
            "roe": 7.83,
            "roe_4q": -0.8999999999999995,
            "gross_profit": 17925,
            "gross_margin": 16.54,
            "gross_margin_4q_avg": 12.83,
            "net_income": 85742,
            "net_income_4q": null,
            "revenue": 108368,
            "revenue_4q": null,
            "common_shares": 550430,
            "book_valuer_per_share": 20.6,
            "book_valuer_per_share_4q_avg": 22.61,
            "equity": 1024246,
            "current_ratio": 145.33,
            "debt_ratio": 59.25,
            "inventory_turnover_ratio": 1.05,
            "account_receivable_turnover_ratio": 1.29,
            "reinvestment_rate": null,
            "research_to_sale_ratio": null,
            "price_fair": 1.44,
            "eps_avg_yearly": 0.48,
            "eps_latest_yearly": 0.48,
            "eps_growth_yearly": -171.43
        },
        "20154": {
            "year_quarter": 20154,
            "year": 2015,
            "quarter": 4,
            "eps": -0.98,
            "eps_growth_year": null,
            "eps_4q": 0.27,
            "eps_4q_growth_year": -96.42,
            "roe": -4.73,
            "roe_4q": 1.2399999999999998,
            "gross_profit": 2541,
            "gross_margin": 3.01,
            "gross_margin_4q_avg": 9.81,
            "net_income": -48571,
            "net_income_4q": null,
            "revenue": 84548,
            "revenue_4q": null,
            "common_shares": 495790,
            "book_valuer_per_share": 20.78,
            "book_valuer_per_share_4q_avg": 21.77,
            "equity": 1030323,
            "current_ratio": 172.15,
            "debt_ratio": 48.15,
            "inventory_turnover_ratio": 1.1,
            "account_receivable_turnover_ratio": 0.98,
            "reinvestment_rate": null,
            "research_to_sale_ratio": null,
            "price_fair": 1.44,
            "eps_avg_yearly": 0.48,
            "eps_latest_yearly": 0.48,
            "eps_growth_yearly": -171.43
        },
        "20161": {
            "year_quarter": 20161,
            "year": 2016,
            "quarter": 1,
            "eps": 1.05,
            "eps_growth_year": null,
            "eps_4q": 1.54,
            "eps_4q_growth_year": null,
            "roe": 4.8,
            "roe_4q": 6.709999999999999,
            "gross_profit": 3987,
            "gross_margin": 4.05,
            "gross_margin_4q_avg": 8.14,
            "net_income": 51617,
            "net_income_4q": null,
            "revenue": 98391,
            "revenue_4q": null,
            "common_shares": 479000,
            "book_valuer_per_share": 23.36,
            "book_valuer_per_share_4q_avg": 21.66,
            "equity": 1118919,
            "current_ratio": 201.97,
            "debt_ratio": 40.63,
            "inventory_turnover_ratio": 1.24,
            "account_receivable_turnover_ratio": 1.3,
            "reinvestment_rate": -3286.51,
            "research_to_sale_ratio": null,
            "price_fair": 1.44,
            "eps_avg_yearly": 0.48,
            "eps_latest_yearly": 0.48,
            "eps_growth_yearly": -171.43
        },
        "20162": {
            "year_quarter": 20162,
            "year": 2016,
            "quarter": 2,
            "eps": 0.16,
            "eps_growth_year": null,
            "eps_4q": 2.01,
            "eps_4q_growth_year": null,
            "roe": 0.68,
            "roe_4q": 8.579999999999998,
            "gross_profit": 4151,
            "gross_margin": 3.33,
            "gross_margin_4q_avg": 6.73,
            "net_income": 7622,
            "net_income_4q": null,
            "revenue": 124642,
            "revenue_4q": null,
            "common_shares": 479000,
            "book_valuer_per_share": 23.5,
            "book_valuer_per_share_4q_avg": 22.06,
            "equity": 1125846,
            "current_ratio": 166.78,
            "debt_ratio": 51.27,
            "inventory_turnover_ratio": 1.17,
            "account_receivable_turnover_ratio": 1.34,
            "reinvestment_rate": -1000.01,
            "research_to_sale_ratio": null,
            "price_fair": 1.68,
            "eps_avg_yearly": 0.56,
            "eps_latest_yearly": 0.64,
            "eps_growth_yearly": -255.24
        },
        "20163": {
            "year_quarter": 20163,
            "year": 2016,
            "quarter": 3,
            "eps": 0.54,
            "eps_growth_year": -67.27,
            "eps_4q": 0.76,
            "eps_4q_growth_year": null,
            "roe": 2.18,
            "roe_4q": 2.9299999999999997,
            "gross_profit": 23880,
            "gross_margin": 11.26,
            "gross_margin_4q_avg": 5.41,
            "net_income": 25638,
            "net_income_4q": null,
            "revenue": 212042,
            "revenue_4q": null,
            "common_shares": 479000,
            "book_valuer_per_share": 25.62,
            "book_valuer_per_share_4q_avg": 23.32,
            "equity": 1227337,
            "current_ratio": 166.12,
            "debt_ratio": 52.49,
            "inventory_turnover_ratio": 1.65,
            "account_receivable_turnover_ratio": 1.42,
            "reinvestment_rate": -844.29,
            "research_to_sale_ratio": 4.11,
            "price_fair": 38.27,
            "eps_avg_yearly": 1.09,
            "eps_latest_yearly": 2.16,
            "eps_growth_yearly": 146.51
        },
        "20164": {
            "year_quarter": 20164,
            "year": 2016,
            "quarter": 4,
            "eps": 1.29,
            "eps_growth_year": null,
            "eps_4q": 3.06,
            "eps_4q_growth_year": 1052.79,
            "roe": 4.93,
            "roe_4q": 12.59,
            "gross_profit": 7677,
            "gross_margin": 6.35,
            "gross_margin_4q_avg": 6.25,
            "net_income": 61559,
            "net_income_4q": null,
            "revenue": 120976,
            "revenue_4q": null,
            "common_shares": 479000,
            "book_valuer_per_share": 26.54,
            "book_valuer_per_share_4q_avg": 24.76,
            "equity": 1271471,
            "current_ratio": 176.01,
            "debt_ratio": 49.6,
            "inventory_turnover_ratio": 1.13,
            "account_receivable_turnover_ratio": 0.84,
            "reinvestment_rate": -1311.75,
            "research_to_sale_ratio": 12.76,
            "price_fair": 92.87,
            "eps_avg_yearly": 2.65,
            "eps_latest_yearly": 5.16,
            "eps_growth_yearly": 388.84
        },
        "20171": {
            "year_quarter": 20171,
            "year": 2017,
            "quarter": 1,
            "eps": -0.94,
            "eps_growth_year": -189.52,
            "eps_4q": 1.04,
            "eps_4q_growth_year": -32.62,
            "roe": -3.55,
            "roe_4q": 4.24,
            "gross_profit": 4290,
            "gross_margin": 7.45,
            "gross_margin_4q_avg": 7.1,
            "net_income": -44995,
            "net_income_4q": null,
            "revenue": 57559,
            "revenue_4q": null,
            "common_shares": 479000,
            "book_valuer_per_share": 26.32,
            "book_valuer_per_share_4q_avg": 25.5,
            "equity": 1260814,
            "current_ratio": 175.56,
            "debt_ratio": 49.71,
            "inventory_turnover_ratio": 0.57,
            "account_receivable_turnover_ratio": 0.85,
            "reinvestment_rate": -448.63,
            "research_to_sale_ratio": 12.02,
            "price_fair": 92.87,
            "eps_avg_yearly": 2.65,
            "eps_latest_yearly": 5.16,
            "eps_growth_yearly": 388.84
        },
        "20172": {
            "year_quarter": 20172,
            "year": 2017,
            "quarter": 2,
            "eps": -1.16,
            "eps_growth_year": -825,
            "eps_4q": -0.26,
            "eps_4q_growth_year": -112.77,
            "roe": -4.51,
            "roe_4q": -0.9499999999999988,
            "gross_profit": 10989,
            "gross_margin": 11.66,
            "gross_margin_4q_avg": 9.18,
            "net_income": -53970,
            "net_income_4q": null,
            "revenue": 94264,
            "revenue_4q": null,
            "common_shares": 479000,
            "book_valuer_per_share": 24.69,
            "book_valuer_per_share_4q_avg": 25.79,
            "equity": 1130494,
            "current_ratio": 156.16,
            "debt_ratio": 57.27,
            "inventory_turnover_ratio": 0.93,
            "account_receivable_turnover_ratio": 1.75,
            "reinvestment_rate": -408.64,
            "research_to_sale_ratio": 7.25,
            "price_fair": 92.87,
            "eps_avg_yearly": 2.65,
            "eps_latest_yearly": 5.16,
            "eps_growth_yearly": 388.84
        },
        "20173": {
            "year_quarter": 20173,
            "year": 2017,
            "quarter": 3,
            "eps": -0.34,
            "eps_growth_year": -162.96,
            "eps_4q": -1.16,
            "eps_4q_growth_year": -252.52,
            "roe": -1.37,
            "roe_4q": -4.5,
            "gross_profit": 4635,
            "gross_margin": 5.18,
            "gross_margin_4q_avg": 7.66,
            "net_income": -15517,
            "net_income_4q": null,
            "revenue": 89519,
            "revenue_4q": null,
            "common_shares": 457790,
            "book_valuer_per_share": 24.83,
            "book_valuer_per_share_4q_avg": 25.6,
            "equity": 1136640,
            "current_ratio": 153.97,
            "debt_ratio": 57.86,
            "inventory_turnover_ratio": 0.86,
            "account_receivable_turnover_ratio": 1.22,
            "reinvestment_rate": -283.91,
            "research_to_sale_ratio": 6.78,
            "price_fair": 92.87,
            "eps_avg_yearly": 2.65,
            "eps_latest_yearly": 5.16,
            "eps_growth_yearly": 388.84
        },
        "20174": {
            "year_quarter": 20174,
            "year": 2017,
            "quarter": 4,
            "eps": -1.19,
            "eps_growth_year": -192.5,
            "eps_4q": -3.69,
            "eps_4q_growth_year": -220.69,
            "roe": -4.95,
            "roe_4q": -14.379999999999999,
            "gross_profit": -1342,
            "gross_margin": -2.86,
            "gross_margin_4q_avg": 5.36,
            "net_income": -54423,
            "net_income_4q": null,
            "revenue": 46942,
            "revenue_4q": null,
            "common_shares": 457790,
            "book_valuer_per_share": 23.18,
            "book_valuer_per_share_4q_avg": 24.76,
            "equity": 1061068,
            "current_ratio": 154.35,
            "debt_ratio": 57.17,
            "inventory_turnover_ratio": 0.44,
            "account_receivable_turnover_ratio": 0.98,
            "reinvestment_rate": 16,
            "research_to_sale_ratio": 14.7,
            "price_fair": 92.87,
            "eps_avg_yearly": 2.65,
            "eps_latest_yearly": 5.16,
            "eps_growth_yearly": 388.84
        },
        "20181": {
            "year_quarter": 20181,
            "year": 2018,
            "quarter": 1,
            "eps": -0.99,
            "eps_growth_year": null,
            "eps_4q": -3.69,
            "eps_4q_growth_year": -454.95,
            "roe": -4.39,
            "roe_4q": -15.22,
            "gross_profit": -28,
            "gross_margin": -0.06,
            "gross_margin_4q_avg": 3.48,
            "net_income": -45110,
            "net_income_4q": null,
            "revenue": 48690,
            "revenue_4q": null,
            "common_shares": 457790,
            "book_valuer_per_share": 21.67,
            "book_valuer_per_share_4q_avg": 23.59,
            "equity": 992104,
            "current_ratio": 149.94,
            "debt_ratio": 58.45,
            "inventory_turnover_ratio": 0.45,
            "account_receivable_turnover_ratio": 3.99,
            "reinvestment_rate": null,
            "research_to_sale_ratio": 15.98,
            "price_fair": 92.87,
            "eps_avg_yearly": 2.65,
            "eps_latest_yearly": 5.16,
            "eps_growth_yearly": 388.84
        },
        "20182": {
            "year_quarter": 20182,
            "year": 2018,
            "quarter": 2,
            "eps": -0.17,
            "eps_growth_year": null,
            "eps_4q": -2.69,
            "eps_4q_growth_year": null,
            "roe": -0.82,
            "roe_4q": -11.530000000000001,
            "gross_profit": -6499,
            "gross_margin": -21.71,
            "gross_margin_4q_avg": -4.86,
            "net_income": -7902,
            "net_income_4q": null,
            "revenue": 29929,
            "revenue_4q": null,
            "common_shares": 457790,
            "book_valuer_per_share": 20.59,
            "book_valuer_per_share_4q_avg": 22.57,
            "equity": 942594,
            "current_ratio": 160.53,
            "debt_ratio": 52.84,
            "inventory_turnover_ratio": 0.35,
            "account_receivable_turnover_ratio": 2.49,
            "reinvestment_rate": null,
            "research_to_sale_ratio": 26.16,
            "price_fair": 92.87,
            "eps_avg_yearly": 2.65,
            "eps_latest_yearly": 5.16,
            "eps_growth_yearly": 388.84
        },
        "20183": {
            "year_quarter": 20183,
            "year": 2018,
            "quarter": 3,
            "eps": -0.21,
            "eps_growth_year": null,
            "eps_4q": -2.56,
            "eps_4q_growth_year": null,
            "roe": -1.04,
            "roe_4q": -11.2,
            "gross_profit": 2463,
            "gross_margin": 5.3,
            "gross_margin_4q_avg": -4.83,
            "net_income": -9626,
            "net_income_4q": null,
            "revenue": 46446,
            "revenue_4q": null,
            "common_shares": 457790,
            "book_valuer_per_share": 19.91,
            "book_valuer_per_share_4q_avg": 21.34,
            "equity": 911508,
            "current_ratio": 170.28,
            "debt_ratio": 48.86,
            "inventory_turnover_ratio": 0.45,
            "account_receivable_turnover_ratio": 1.62,
            "reinvestment_rate": null,
            "research_to_sale_ratio": 18.29,
            "price_fair": 92.87,
            "eps_avg_yearly": 2.65,
            "eps_latest_yearly": 5.16,
            "eps_growth_yearly": 388.84
        },
        "20184": {
            "year_quarter": 20184,
            "year": 2018,
            "quarter": 4,
            "eps": -1.09,
            "eps_growth_year": null,
            "eps_4q": -2.46,
            "eps_4q_growth_year": null,
            "roe": -5.66,
            "roe_4q": -11.91,
            "gross_profit": -3881,
            "gross_margin": -8.55,
            "gross_margin_4q_avg": -6.26,
            "net_income": -49777,
            "net_income_4q": null,
            "revenue": 45411,
            "revenue_4q": null,
            "common_shares": 457790,
            "book_valuer_per_share": 18.48,
            "book_valuer_per_share_4q_avg": 20.16,
            "equity": 845986,
            "current_ratio": 179.3,
            "debt_ratio": 45.66,
            "inventory_turnover_ratio": 0.56,
            "account_receivable_turnover_ratio": 0.97,
            "reinvestment_rate": null,
            "research_to_sale_ratio": 19.28,
            "price_fair": 92.87,
            "eps_avg_yearly": 2.65,
            "eps_latest_yearly": 5.16,
            "eps_growth_yearly": 388.84
        },
        "20191": {
            "year_quarter": 20191,
            "year": 2019,
            "quarter": 1,
            "eps": -2.38,
            "eps_growth_year": null,
            "eps_4q": -3.85,
            "eps_4q_growth_year": null,
            "roe": -13.26,
            "roe_4q": -20.78,
            "gross_profit": -6405,
            "gross_margin": -19.69,
            "gross_margin_4q_avg": -11.16,
            "net_income": -108745,
            "net_income_4q": null,
            "revenue": 32526,
            "revenue_4q": null,
            "common_shares": 457790,
            "book_valuer_per_share": 17.34,
            "book_valuer_per_share_4q_avg": 19.08,
            "equity": 793944,
            "current_ratio": 200.04,
            "debt_ratio": 42.26,
            "inventory_turnover_ratio": 0.48,
            "account_receivable_turnover_ratio": 0.74,
            "reinvestment_rate": null,
            "research_to_sale_ratio": 24.11,
            "price_fair": 92.87,
            "eps_avg_yearly": 2.65,
            "eps_latest_yearly": 5.16,
            "eps_growth_yearly": 388.84
        },
        "20192": {
            "year_quarter": 20192,
            "year": 2019,
            "quarter": 2,
            "eps": -1.44,
            "eps_growth_year": null,
            "eps_4q": -5.11,
            "eps_4q_growth_year": null,
            "roe": -8.57,
            "roe_4q": -28.529999999999998,
            "gross_profit": -21301,
            "gross_margin": -80.5,
            "gross_margin_4q_avg": -25.86,
            "net_income": -65785,
            "net_income_4q": null,
            "revenue": 26462,
            "revenue_4q": null,
            "common_shares": 457790,
            "book_valuer_per_share": 16.19,
            "book_valuer_per_share_4q_avg": 17.98,
            "equity": 740940,
            "current_ratio": 198,
            "debt_ratio": 43.65,
            "inventory_turnover_ratio": 0.61,
            "account_receivable_turnover_ratio": 1.04,
            "reinvestment_rate": null,
            "research_to_sale_ratio": 23.46,
            "price_fair": 92.87,
            "eps_avg_yearly": 2.65,
            "eps_latest_yearly": 5.16,
            "eps_growth_yearly": 388.84
        },
        "20193": {
            "year_quarter": 20193,
            "year": 2019,
            "quarter": 3,
            "eps": -0.28,
            "eps_growth_year": null,
            "eps_4q": -5.18,
            "eps_4q_growth_year": null,
            "roe": -1.76,
            "roe_4q": -29.25,
            "gross_profit": 2019,
            "gross_margin": 3.24,
            "gross_margin_4q_avg": -26.38,
            "net_income": -12705,
            "net_income_4q": null,
            "revenue": 62271,
            "revenue_4q": null,
            "common_shares": 457790,
            "book_valuer_per_share": 15.29,
            "book_valuer_per_share_4q_avg": 16.83,
            "equity": 700108,
            "current_ratio": 197.21,
            "debt_ratio": 44.49,
            "inventory_turnover_ratio": 0.9,
            "account_receivable_turnover_ratio": 1.66,
            "reinvestment_rate": null,
            "research_to_sale_ratio": 9.62,
            "price_fair": 92.87,
            "eps_avg_yearly": 2.65,
            "eps_latest_yearly": 5.16,
            "eps_growth_yearly": 388.84
        },
        "20194": {
            "year_quarter": 20194,
            "year": 2019,
            "quarter": 4,
            "eps": -4.09,
            "eps_growth_year": null,
            "eps_4q": -8.18,
            "eps_4q_growth_year": null,
            "roe": -30.94,
            "roe_4q": -54.53,
            "gross_profit": 8717,
            "gross_margin": 15.26,
            "gross_margin_4q_avg": -20.42,
            "net_income": -187326,
            "net_income_4q": null,
            "revenue": 57141,
            "revenue_4q": null,
            "common_shares": 457790,
            "book_valuer_per_share": 11.16,
            "book_valuer_per_share_4q_avg": 15,
            "equity": 510919,
            "current_ratio": 199.27,
            "debt_ratio": 49.37,
            "inventory_turnover_ratio": 0.91,
            "account_receivable_turnover_ratio": 1.15,
            "reinvestment_rate": null,
            "research_to_sale_ratio": 13.63,
            "price_fair": 92.87,
            "eps_avg_yearly": 2.65,
            "eps_latest_yearly": 5.16,
            "eps_growth_yearly": 388.84
        },
        "20201": {
            "year_quarter": 20201,
            "year": 2020,
            "quarter": 1,
            "eps": -1,
            "eps_growth_year": null,
            "eps_4q": -6.8,
            "eps_4q_growth_year": null,
            "roe": -10.54,
            "roe_4q": -51.81,
            "gross_profit": -2132,
            "gross_margin": -8.75,
            "gross_margin_4q_avg": -17.69,
            "net_income": -45578,
            "net_income_4q": null,
            "revenue": 24366,
            "revenue_4q": null,
            "common_shares": 457790,
            "book_valuer_per_share": 7.74,
            "book_valuer_per_share_4q_avg": 12.6,
            "equity": 354201,
            "current_ratio": 377.58,
            "debt_ratio": 28.34,
            "inventory_turnover_ratio": 0.66,
            "account_receivable_turnover_ratio": 0.64,
            "reinvestment_rate": null,
            "research_to_sale_ratio": 7.93,
            "price_fair": 92.87,
            "eps_avg_yearly": 2.65,
            "eps_latest_yearly": 5.16,
            "eps_growth_yearly": 388.84
        },
        "20202": {
            "year_quarter": 20202,
            "year": 2020,
            "quarter": 2,
            "eps": -0.37,
            "eps_growth_year": null,
            "eps_4q": -5.74,
            "eps_4q_growth_year": null,
            "roe": -4.77,
            "roe_4q": -48.01,
            "gross_profit": -572,
            "gross_margin": -5.27,
            "gross_margin_4q_avg": 1.12,
            "net_income": -17063,
            "net_income_4q": null,
            "revenue": 10855,
            "revenue_4q": null,
            "common_shares": 457790,
            "book_valuer_per_share": 7.88,
            "book_valuer_per_share_4q_avg": 10.52,
            "equity": 360907,
            "current_ratio": 631.54,
            "debt_ratio": 18.96,
            "inventory_turnover_ratio": 0.36,
            "account_receivable_turnover_ratio": 0.61,
            "reinvestment_rate": null,
            "research_to_sale_ratio": 15.75,
            "price_fair": 128.1,
            "eps_avg_yearly": 3.66,
            "eps_latest_yearly": 5.16,
            "eps_growth_yearly": 752.78
        },
        "20203": {
            "year_quarter": 20203,
            "year": 2020,
            "quarter": 3,
            "eps": -1.69,
            "eps_growth_year": null,
            "eps_4q": -7.15,
            "eps_4q_growth_year": null,
            "roe": -23.09,
            "roe_4q": -69.34,
            "gross_profit": -14914,
            "gross_margin": -41.31,
            "gross_margin_4q_avg": -10.02,
            "net_income": -77517,
            "net_income_4q": null,
            "revenue": 36104,
            "revenue_4q": null,
            "common_shares": 457790,
            "book_valuer_per_share": 6.78,
            "book_valuer_per_share_4q_avg": 8.39,
            "equity": 310414,
            "current_ratio": 692.31,
            "debt_ratio": 19.3,
            "inventory_turnover_ratio": 2.18,
            "account_receivable_turnover_ratio": 2.37,
            "reinvestment_rate": null,
            "research_to_sale_ratio": 2.44,
            "price_fair": 180.6,
            "eps_avg_yearly": 5.16,
            "eps_latest_yearly": 5.16,
            "eps_growth_yearly": 555.56
        },
        "20204": {
            "year_quarter": 20204,
            "year": 2020,
            "quarter": 4,
            "eps": -1.12,
            "eps_growth_year": null,
            "eps_4q": -4.18,
            "eps_4q_growth_year": null,
            "roe": -16.37,
            "roe_4q": -54.77,
            "gross_profit": 10499,
            "gross_margin": 34.75,
            "gross_margin_4q_avg": -5.15,
            "net_income": -51261,
            "net_income_4q": null,
            "revenue": 30216,
            "revenue_4q": null,
            "common_shares": 457790,
            "book_valuer_per_share": 6.9,
            "book_valuer_per_share_4q_avg": 7.33,
            "equity": 315808,
            "current_ratio": 760.37,
            "debt_ratio": 18.37,
            "inventory_turnover_ratio": 0.98,
            "account_receivable_turnover_ratio": 0.93,
            "reinvestment_rate": null,
            "research_to_sale_ratio": 5,
            "price_fair": 0,
            "eps_avg_yearly": 0,
            "eps_latest_yearly": 0,
            "eps_growth_yearly": 0
        },
        "20211": {
            "year_quarter": 20211,
            "year": 2021,
            "quarter": 1,
            "eps": -0.39,
            "eps_growth_year": null,
            "eps_4q": -3.54,
            "eps_4q_growth_year": null,
            "roe": -5.77,
            "roe_4q": -50,
            "gross_profit": -5597,
            "gross_margin": -14.13,
            "gross_margin_4q_avg": -6.49,
            "net_income": -17971,
            "net_income_4q": null,
            "revenue": 39617,
            "revenue_4q": null,
            "common_shares": 457790,
            "book_valuer_per_share": 6.71,
            "book_valuer_per_share_4q_avg": 7.07,
            "equity": 307241,
            "current_ratio": 606.89,
            "debt_ratio": 22.43,
            "inventory_turnover_ratio": 2.28,
            "account_receivable_turnover_ratio": 0.93,
            "reinvestment_rate": null,
            "research_to_sale_ratio": 2.08,
            "price_fair": 0,
            "eps_avg_yearly": 0,
            "eps_latest_yearly": 0,
            "eps_growth_yearly": 0
        },
        "20212": {
            "year_quarter": 20212,
            "year": 2021,
            "quarter": 2,
            "eps": -0.13,
            "eps_growth_year": null,
            "eps_4q": -3.27,
            "eps_4q_growth_year": null,
            "roe": -2.04,
            "roe_4q": -47.269999999999996,
            "gross_profit": 13398,
            "gross_margin": 18.49,
            "gross_margin_4q_avg": -0.55,
            "net_income": -6245,
            "net_income_4q": null,
            "revenue": 72446,
            "revenue_4q": null,
            "common_shares": 462848,
            "book_valuer_per_share": 6.6,
            "book_valuer_per_share_4q_avg": 6.75,
            "equity": 305553,
            "current_ratio": 409.47,
            "debt_ratio": 27.2,
            "inventory_turnover_ratio": 2.16,
            "account_receivable_turnover_ratio": 1.17,
            "reinvestment_rate": null,
            "research_to_sale_ratio": 2.13,
            "price_fair": 0,
            "eps_avg_yearly": 0,
            "eps_latest_yearly": 0,
            "eps_growth_yearly": 0
        },
        "20213": {
            "year_quarter": 20213,
            "year": 2021,
            "quarter": 3,
            "eps": 0.59,
            "eps_growth_year": null,
            "eps_4q": -1.03,
            "eps_4q_growth_year": null,
            "roe": 8.63,
            "roe_4q": -15.55,
            "gross_profit": 43059,
            "gross_margin": 29.08,
            "gross_margin_4q_avg": 17.05,
            "net_income": 27524,
            "net_income_4q": null,
            "revenue": 148056,
            "revenue_4q": null,
            "common_shares": 467598,
            "book_valuer_per_share": 7.11,
            "book_valuer_per_share_4q_avg": 6.83,
            "equity": 332424,
            "current_ratio": 403,
            "debt_ratio": 27.05,
            "inventory_turnover_ratio": 2.24,
            "account_receivable_turnover_ratio": 1.08,
            "reinvestment_rate": null,
            "research_to_sale_ratio": 1.61,
            "price_fair": 0,
            "eps_avg_yearly": 0,
            "eps_latest_yearly": 0,
            "eps_growth_yearly": 0
        },
        "20214": {
            "year_quarter": 20214,
            "year": 2021,
            "quarter": 4,
            "eps": 0.41,
            "eps_growth_year": null,
            "eps_4q": 0.48,
            "eps_4q_growth_year": null,
            "roe": 5.6,
            "roe_4q": 6.420000000000002,
            "gross_profit": 42198,
            "gross_margin": 22.84,
            "gross_margin_4q_avg": 14.07,
            "net_income": 19185,
            "net_income_4q": null,
            "revenue": 184728,
            "revenue_4q": null,
            "common_shares": 467598,
            "book_valuer_per_share": 7.54,
            "book_valuer_per_share_4q_avg": 6.99,
            "equity": 352347,
            "current_ratio": 472.45,
            "debt_ratio": 23.22,
            "inventory_turnover_ratio": 2.59,
            "account_receivable_turnover_ratio": 0.88,
            "reinvestment_rate": null,
            "research_to_sale_ratio": 3.09,
            "price_fair": 4.92,
            "eps_avg_yearly": 1.64,
            "eps_latest_yearly": 1.64,
            "eps_growth_yearly": -122.03
        },
        "20221": {
            "year_quarter": 20221,
            "year": 2022,
            "quarter": 1,
            "eps": 0.04,
            "eps_growth_year": null,
            "eps_4q": 0.9,
            "eps_4q_growth_year": null,
            "roe": 0.5,
            "roe_4q": 12.690000000000001,
            "gross_profit": 4910,
            "gross_margin": 8.49,
            "gross_margin_4q_avg": 19.73,
            "net_income": 1756,
            "net_income_4q": null,
            "revenue": 57846,
            "revenue_4q": null,
            "common_shares": 467598,
            "book_valuer_per_share": 7.51,
            "book_valuer_per_share_4q_avg": 7.19,
            "equity": 351157,
            "current_ratio": 588.8,
            "debt_ratio": 19.47,
            "inventory_turnover_ratio": 0.93,
            "account_receivable_turnover_ratio": 0.4,
            "reinvestment_rate": null,
            "research_to_sale_ratio": 3,
            "price_fair": 2.7,
            "eps_avg_yearly": 0.9,
            "eps_latest_yearly": 0.16,
            "eps_growth_yearly": -241.5
        },
        "20222": {
            "year_quarter": 20222,
            "year": 2022,
            "quarter": 2,
            "eps": -0.52,
            "eps_growth_year": null,
            "eps_4q": 0.51,
            "eps_4q_growth_year": null,
            "roe": -7.23,
            "roe_4q": 7.5,
            "gross_profit": -8070,
            "gross_margin": -27.27,
            "gross_margin_4q_avg": 8.29,
            "net_income": -24499,
            "net_income_4q": null,
            "revenue": 29589,
            "revenue_4q": null,
            "common_shares": 467598,
            "book_valuer_per_share": 6.98,
            "book_valuer_per_share_4q_avg": 7.29,
            "equity": 326359,
            "current_ratio": 727.77,
            "debt_ratio": 16.74,
            "inventory_turnover_ratio": 0.69,
            "account_receivable_turnover_ratio": 0.53,
            "reinvestment_rate": null,
            "research_to_sale_ratio": 7.92,
            "price_fair": 2.7,
            "eps_avg_yearly": 0.9,
            "eps_latest_yearly": 0.16,
            "eps_growth_yearly": -241.5
        },
        "20223": {
            "year_quarter": 20223,
            "year": 2022,
            "quarter": 3,
            "eps": 0.04,
            "eps_growth_year": -93.22,
            "eps_4q": -0.04,
            "eps_4q_growth_year": null,
            "roe": 0.5,
            "roe_4q": -0.6300000000000008,
            "gross_profit": 602,
            "gross_margin": 4.1,
            "gross_margin_4q_avg": 2.04,
            "net_income": 1655,
            "net_income_4q": null,
            "revenue": 14674,
            "revenue_4q": null,
            "common_shares": 467598,
            "book_valuer_per_share": 7.04,
            "book_valuer_per_share_4q_avg": 7.27,
            "equity": 329218,
            "current_ratio": 933.2,
            "debt_ratio": 14.14,
            "inventory_turnover_ratio": 0.25,
            "account_receivable_turnover_ratio": 0.42,
            "reinvestment_rate": null,
            "research_to_sale_ratio": 11.3,
            "price_fair": 2.7,
            "eps_avg_yearly": 0.9,
            "eps_latest_yearly": 0.16,
            "eps_growth_yearly": -241.5
        },
        "20224": {
            "year_quarter": 20224,
            "year": 2022,
            "quarter": 4,
            "eps": -0.93,
            "eps_growth_year": -325.71,
            "eps_4q": -1.38,
            "eps_4q_growth_year": -386.27,
            "roe": -14.05,
            "roe_4q": -20.28,
            "gross_profit": -3532,
            "gross_margin": -68.88,
            "gross_margin_4q_avg": -20.89,
            "net_income": -43302,
            "net_income_4q": null,
            "revenue": 5128,
            "revenue_4q": null,
            "common_shares": 467598,
            "book_valuer_per_share": 6.15,
            "book_valuer_per_share_4q_avg": 6.92,
            "equity": 287352,
            "current_ratio": 927.17,
            "debt_ratio": 14.69,
            "inventory_turnover_ratio": 0.14,
            "account_receivable_turnover_ratio": 0.25,
            "reinvestment_rate": null,
            "research_to_sale_ratio": 38.36,
            "price_fair": 2.7,
            "eps_avg_yearly": 0.9,
            "eps_latest_yearly": 0.16,
            "eps_growth_yearly": -241.5
        },
        "20231": {
            "year_quarter": 20231,
            "year": 2023,
            "quarter": 1,
            "eps": -0.46,
            "eps_growth_year": -1250,
            "eps_4q": -1.87,
            "eps_4q_growth_year": -307.14,
            "roe": -7.7,
            "roe_4q": -28.48,
            "gross_profit": -3892,
            "gross_margin": -27.32,
            "gross_margin_4q_avg": -29.84,
            "net_income": -21310,
            "net_income_4q": null,
            "revenue": 14244,
            "revenue_4q": null,
            "common_shares": 467598,
            "book_valuer_per_share": 5.7,
            "book_valuer_per_share_4q_avg": 6.47,
            "equity": 266375,
            "current_ratio": 1359.56,
            "debt_ratio": 12.49,
            "inventory_turnover_ratio": 0.3,
            "account_receivable_turnover_ratio": 0.62,
            "reinvestment_rate": null,
            "research_to_sale_ratio": 6.52,
            "price_fair": 2.7,
            "eps_avg_yearly": 0.9,
            "eps_latest_yearly": 0.16,
            "eps_growth_yearly": -241.5
        },
        "20232": {
            "year_quarter": 20232,
            "year": 2023,
            "quarter": 2,
            "eps": -2.45,
            "eps_growth_year": null,
            "eps_4q": -3.8,
            "eps_4q_growth_year": -840.55,
            "roe": -54.7,
            "roe_4q": -75.95,
            "gross_profit": -26576,
            "gross_margin": -130.05,
            "gross_margin_4q_avg": -55.54,
            "net_income": -114522,
            "net_income_4q": null,
            "revenue": 20435,
            "revenue_4q": null,
            "common_shares": 467598,
            "book_valuer_per_share": 3.26,
            "book_valuer_per_share_4q_avg": 5.54,
            "equity": 152337,
            "current_ratio": 429.73,
            "debt_ratio": 23.72,
            "inventory_turnover_ratio": 1.05,
            "account_receivable_turnover_ratio": 0.96,
            "reinvestment_rate": null,
            "research_to_sale_ratio": 8.74,
            "price_fair": 2.7,
            "eps_avg_yearly": 0.9,
            "eps_latest_yearly": 0.16,
            "eps_growth_yearly": -241.5
        }
    },
    "months": {
        "2010-06": {
            "month": "2010-06",
            "price": "56.95",
            "revenue": 35518
        },
        "2010-07": {
            "month": "2010-07",
            "price": "55.32",
            "revenue": 28160
        },
        "2010-08": {
            "month": "2010-08",
            "price": "66.48",
            "revenue": 52470
        },
        "2010-09": {
            "month": "2010-09",
            "price": "70.93",
            "revenue": 62617
        },
        "2010-10": {
            "month": "2010-10",
            "price": "65.90",
            "revenue": 62618
        },
        "2010-11": {
            "month": "2010-11",
            "price": "58.52",
            "revenue": 96244
        },
        "2010-12": {
            "month": "2010-12",
            "price": "68.81",
            "revenue": 52804
        },
        "2011-01": {
            "month": "2011-01",
            "price": "63.65",
            "revenue": 44732
        },
        "2011-02": {
            "month": "2011-02",
            "price": "61.73",
            "revenue": 56122
        },
        "2011-03": {
            "month": "2011-03",
            "price": "58.23",
            "revenue": 67160
        },
        "2011-04": {
            "month": "2011-04",
            "price": "53.16",
            "revenue": 58967
        },
        "2011-05": {
            "month": "2011-05",
            "price": "46.69",
            "revenue": 41554
        },
        "2011-06": {
            "month": "2011-06",
            "price": "45.50",
            "revenue": 36332
        },
        "2011-07": {
            "month": "2011-07",
            "price": "42.98",
            "revenue": 60912
        },
        "2011-08": {
            "month": "2011-08",
            "price": "37.12",
            "revenue": 92797
        },
        "2011-09": {
            "month": "2011-09",
            "price": "37.79",
            "revenue": 243716
        },
        "2011-10": {
            "month": "2011-10",
            "price": "39.15",
            "revenue": 289994
        },
        "2011-11": {
            "month": "2011-11",
            "price": "31.33",
            "revenue": 277929
        },
        "2011-12": {
            "month": "2011-12",
            "price": "23.89",
            "revenue": 264834
        },
        "2012-01": {
            "month": "2012-01",
            "price": "23.51",
            "revenue": 181039
        },
        "2012-02": {
            "month": "2012-02",
            "price": "26.96",
            "revenue": 265915
        },
        "2012-03": {
            "month": "2012-03",
            "price": "33.91",
            "revenue": 258886
        },
        "2012-04": {
            "month": "2012-04",
            "price": "24.90",
            "revenue": 178411
        },
        "2012-05": {
            "month": "2012-05",
            "price": "25.12",
            "revenue": 212523
        },
        "2012-06": {
            "month": "2012-06",
            "price": "21.85",
            "revenue": 322926
        },
        "2012-07": {
            "month": "2012-07",
            "price": "26.16",
            "revenue": 327524
        },
        "2012-08": {
            "month": "2012-08",
            "price": "28.11",
            "revenue": 371667
        },
        "2012-09": {
            "month": "2012-09",
            "price": "24.84",
            "revenue": 314527
        },
        "2012-10": {
            "month": "2012-10",
            "price": "22.82",
            "revenue": 289377
        },
        "2012-11": {
            "month": "2012-11",
            "price": "23.40",
            "revenue": 394928
        },
        "2012-12": {
            "month": "2012-12",
            "price": "26.92",
            "revenue": 547674
        },
        "2013-01": {
            "month": "2013-01",
            "price": "30.04",
            "revenue": 363145
        },
        "2013-02": {
            "month": "2013-02",
            "price": "29.34",
            "revenue": 250226
        },
        "2013-03": {
            "month": "2013-03",
            "price": "32.62",
            "revenue": 423848
        },
        "2013-04": {
            "month": "2013-04",
            "price": "29.56",
            "revenue": 363328
        },
        "2013-05": {
            "month": "2013-05",
            "price": "26.34",
            "revenue": 400570
        },
        "2013-06": {
            "month": "2013-06",
            "price": "21.97",
            "revenue": 351242
        },
        "2013-07": {
            "month": "2013-07",
            "price": "18.42",
            "revenue": 292774
        },
        "2013-08": {
            "month": "2013-08",
            "price": "13.27",
            "revenue": 506128
        },
        "2013-09": {
            "month": "2013-09",
            "price": "15.16",
            "revenue": 357901
        },
        "2013-10": {
            "month": "2013-10",
            "price": "14.39",
            "revenue": 331978
        },
        "2013-11": {
            "month": "2013-11",
            "price": "12.50",
            "revenue": 325725
        },
        "2013-12": {
            "month": "2013-12",
            "price": "12.03",
            "revenue": 217835
        },
        "2014-01": {
            "month": "2014-01",
            "price": "12.39",
            "revenue": 172177
        },
        "2014-02": {
            "month": "2014-02",
            "price": "11.98",
            "revenue": 72832
        },
        "2014-03": {
            "month": "2014-03",
            "price": "14.78",
            "revenue": 138305
        },
        "2014-04": {
            "month": "2014-04",
            "price": "16.02",
            "revenue": 0
        },
        "2014-05": {
            "month": "2014-05",
            "price": "18.07",
            "revenue": 0
        },
        "2014-06": {
            "month": "2014-06",
            "price": "19.43",
            "revenue": -2446
        },
        "2014-07": {
            "month": "2014-07",
            "price": "21.68",
            "revenue": 0
        },
        "2014-08": {
            "month": "2014-08",
            "price": "20.71",
            "revenue": 0
        },
        "2014-09": {
            "month": "2014-09",
            "price": "22.09",
            "revenue": 32643
        },
        "2014-10": {
            "month": "2014-10",
            "price": "22.34",
            "revenue": 53833
        },
        "2014-11": {
            "month": "2014-11",
            "price": "23.42",
            "revenue": 9110
        },
        "2014-12": {
            "month": "2014-12",
            "price": "25.79",
            "revenue": 14503
        },
        "2015-01": {
            "month": "2015-01",
            "price": "24.37",
            "revenue": 13693
        },
        "2015-02": {
            "month": "2015-02",
            "price": "22.83",
            "revenue": 41823
        },
        "2015-03": {
            "month": "2015-03",
            "price": "24.48",
            "revenue": 10977
        },
        "2015-04": {
            "month": "2015-04",
            "price": "24.55",
            "revenue": 26632
        },
        "2015-05": {
            "month": "2015-05",
            "price": "22.82",
            "revenue": 21540
        },
        "2015-06": {
            "month": "2015-06",
            "price": "22.10",
            "revenue": 28207
        },
        "2015-07": {
            "month": "2015-07",
            "price": "20.57",
            "revenue": 24379
        },
        "2015-08": {
            "month": "2015-08",
            "price": "20.14",
            "revenue": 38725
        },
        "2015-09": {
            "month": "2015-09",
            "price": "19.77",
            "revenue": 44997
        },
        "2015-10": {
            "month": "2015-10",
            "price": "19.49",
            "revenue": 35907
        },
        "2015-11": {
            "month": "2015-11",
            "price": "18.89",
            "revenue": 32754
        },
        "2015-12": {
            "month": "2015-12",
            "price": "18.37",
            "revenue": 15661
        },
        "2016-01": {
            "month": "2016-01",
            "price": "15.07",
            "revenue": 40432
        },
        "2016-02": {
            "month": "2016-02",
            "price": "17.24",
            "revenue": 22973
        },
        "2016-03": {
            "month": "2016-03",
            "price": "16.72",
            "revenue": 34157
        },
        "2016-04": {
            "month": "2016-04",
            "price": "14.11",
            "revenue": 51983
        },
        "2016-05": {
            "month": "2016-05",
            "price": "16.82",
            "revenue": 60015
        },
        "2016-06": {
            "month": "2016-06",
            "price": "15.54",
            "revenue": 14704
        },
        "2016-07": {
            "month": "2016-07",
            "price": "15.20",
            "revenue": 87436
        },
        "2016-08": {
            "month": "2016-08",
            "price": "16.75",
            "revenue": 77508
        },
        "2016-09": {
            "month": "2016-09",
            "price": "17.23",
            "revenue": 46364
        },
        "2016-10": {
            "month": "2016-10",
            "price": "17.26",
            "revenue": 59200
        },
        "2016-11": {
            "month": "2016-11",
            "price": "17.43",
            "revenue": 47732
        },
        "2016-12": {
            "month": "2016-12",
            "price": "18.88",
            "revenue": 13546
        },
        "2017-01": {
            "month": "2017-01",
            "price": "18.57",
            "revenue": 28389
        },
        "2017-02": {
            "month": "2017-02",
            "price": "19.54",
            "revenue": 7772
        },
        "2017-03": {
            "month": "2017-03",
            "price": "19.07",
            "revenue": 21398
        },
        "2017-04": {
            "month": "2017-04",
            "price": "19.64",
            "revenue": 46984
        },
        "2017-05": {
            "month": "2017-05",
            "price": "19.94",
            "revenue": 27466
        },
        "2017-06": {
            "month": "2017-06",
            "price": "19.55",
            "revenue": 19814
        },
        "2017-07": {
            "month": "2017-07",
            "price": "19.13",
            "revenue": 32108
        },
        "2017-08": {
            "month": "2017-08",
            "price": "19.04",
            "revenue": 44153
        },
        "2017-09": {
            "month": "2017-09",
            "price": "18.60",
            "revenue": 13258
        },
        "2017-10": {
            "month": "2017-10",
            "price": "18.53",
            "revenue": 38166
        },
        "2017-11": {
            "month": "2017-11",
            "price": "18.30",
            "revenue": 3071
        },
        "2017-12": {
            "month": "2017-12",
            "price": "17.95",
            "revenue": 5724
        },
        "2018-01": {
            "month": "2018-01",
            "price": "18.53",
            "revenue": 23201
        },
        "2018-02": {
            "month": "2018-02",
            "price": "17.84",
            "revenue": 23037
        },
        "2018-03": {
            "month": "2018-03",
            "price": "18.44",
            "revenue": 2452
        },
        "2018-04": {
            "month": "2018-04",
            "price": "17.98",
            "revenue": 11837
        },
        "2018-05": {
            "month": "2018-05",
            "price": "17.64",
            "revenue": 9937
        },
        "2018-06": {
            "month": "2018-06",
            "price": "17.18",
            "revenue": 8155
        },
        "2018-07": {
            "month": "2018-07",
            "price": "16.73",
            "revenue": 16275
        },
        "2018-08": {
            "month": "2018-08",
            "price": "16.68",
            "revenue": 18799
        },
        "2018-09": {
            "month": "2018-09",
            "price": "16.97",
            "revenue": 11372
        },
        "2018-10": {
            "month": "2018-10",
            "price": "16.38",
            "revenue": 23589
        },
        "2018-11": {
            "month": "2018-11",
            "price": "15.13",
            "revenue": 4112
        },
        "2018-12": {
            "month": "2018-12",
            "price": "15.00",
            "revenue": 17710
        },
        "2019-01": {
            "month": "2019-01",
            "price": "15.76",
            "revenue": 17998
        },
        "2019-02": {
            "month": "2019-02",
            "price": "14.98",
            "revenue": 2258
        },
        "2019-03": {
            "month": "2019-03",
            "price": "15.04",
            "revenue": 12270
        },
        "2019-04": {
            "month": "2019-04",
            "price": "12.06",
            "revenue": 10825
        },
        "2019-05": {
            "month": "2019-05",
            "price": "9.88",
            "revenue": 9250
        },
        "2019-06": {
            "month": "2019-06",
            "price": "9.58",
            "revenue": 6387
        },
        "2019-07": {
            "month": "2019-07",
            "price": "10.37",
            "revenue": 42634
        },
        "2019-08": {
            "month": "2019-08",
            "price": "9.81",
            "revenue": 11025
        },
        "2019-09": {
            "month": "2019-09",
            "price": "9.15",
            "revenue": 8612
        },
        "2019-10": {
            "month": "2019-10",
            "price": "9.19",
            "revenue": 21671
        },
        "2019-11": {
            "month": "2019-11",
            "price": "9.18",
            "revenue": 13016
        },
        "2019-12": {
            "month": "2019-12",
            "price": "9.19",
            "revenue": 22454
        },
        "2020-01": {
            "month": "2020-01",
            "price": "9.11",
            "revenue": 22073
        },
        "2020-02": {
            "month": "2020-02",
            "price": "9.03",
            "revenue": 0
        },
        "2020-03": {
            "month": "2020-03",
            "price": "7.40",
            "revenue": 2293
        },
        "2020-04": {
            "month": "2020-04",
            "price": "6.08",
            "revenue": 5040
        },
        "2020-05": {
            "month": "2020-05",
            "price": "6.03",
            "revenue": 5078
        },
        "2020-06": {
            "month": "2020-06",
            "price": "5.95",
            "revenue": 737
        },
        "2020-07": {
            "month": "2020-07",
            "price": "6.16",
            "revenue": 8759
        },
        "2020-08": {
            "month": "2020-08",
            "price": "7.73",
            "revenue": 10725
        },
        "2020-09": {
            "month": "2020-09",
            "price": "9.34",
            "revenue": 16620
        },
        "2020-10": {
            "month": "2020-10",
            "price": "9.88",
            "revenue": 12610
        },
        "2020-11": {
            "month": "2020-11",
            "price": "15.64",
            "revenue": 4200
        },
        "2020-12": {
            "month": "2020-12",
            "price": "25.48",
            "revenue": 13406
        },
        "2021-01": {
            "month": "2021-01",
            "price": "23.46",
            "revenue": 10495
        },
        "2021-02": {
            "month": "2021-02",
            "price": "23.92",
            "revenue": 15126
        },
        "2021-03": {
            "month": "2021-03",
            "price": "24.32",
            "revenue": 13968
        },
        "2021-04": {
            "month": "2021-04",
            "price": "25.41",
            "revenue": 8233
        },
        "2021-05": {
            "month": "2021-05",
            "price": "27.08",
            "revenue": 20628
        },
        "2021-06": {
            "month": "2021-06",
            "price": "25.05",
            "revenue": 43613
        },
        "2021-07": {
            "month": "2021-07",
            "price": "19.64",
            "revenue": 45396
        },
        "2021-08": {
            "month": "2021-08",
            "price": "19.61",
            "revenue": 56689
        },
        "2021-09": {
            "month": "2021-09",
            "price": "19.52",
            "revenue": 45971
        },
        "2021-10": {
            "month": "2021-10",
            "price": "18.15",
            "revenue": 62488
        },
        "2021-11": {
            "month": "2021-11",
            "price": "19.18",
            "revenue": 78263
        },
        "2021-12": {
            "month": "2021-12",
            "price": "19.69",
            "revenue": 43977
        },
        "2022-01": {
            "month": "2022-01",
            "price": "19.66",
            "revenue": 28437
        },
        "2022-02": {
            "month": "2022-02",
            "price": "21.88",
            "revenue": 11959
        },
        "2022-03": {
            "month": "2022-03",
            "price": "25.65",
            "revenue": 23634
        },
        "2022-04": {
            "month": "2022-04",
            "price": "27.41",
            "revenue": 8848
        },
        "2022-05": {
            "month": "2022-05",
            "price": "25.84",
            "revenue": 14313
        },
        "2022-06": {
            "month": "2022-06",
            "price": "25.57",
            "revenue": 6428
        },
        "2022-07": {
            "month": "2022-07",
            "price": "25.01",
            "revenue": 3991
        },
        "2022-08": {
            "month": "2022-08",
            "price": "24.07",
            "revenue": 6407
        },
        "2022-09": {
            "month": "2022-09",
            "price": "23.35",
            "revenue": 4276
        },
        "2022-10": {
            "month": "2022-10",
            "price": "22.33",
            "revenue": 807
        },
        "2022-11": {
            "month": "2022-11",
            "price": "22.08",
            "revenue": 1476
        },
        "2022-12": {
            "month": "2022-12",
            "price": "22.12",
            "revenue": 2845
        },
        "2023-01": {
            "month": "2023-01",
            "price": "21.88",
            "revenue": 7939
        },
        "2023-02": {
            "month": "2023-02",
            "price": "20.99",
            "revenue": 1526
        },
        "2023-03": {
            "month": "2023-03",
            "price": "19.43",
            "revenue": 4779
        },
        "2023-04": {
            "month": "2023-04",
            "price": "18.00",
            "revenue": 4015
        },
        "2023-05": {
            "month": "2023-05",
            "price": "20.04",
            "revenue": 10975
        },
        "2023-06": {
            "month": "2023-06",
            "price": "18.16",
            "revenue": 5445
        },
        "2023-07": {
            "month": "2023-07",
            "price": "14.20",
            "revenue": 6546
        },
        "2023-08": {
            "month": "2023-08",
            "price": "12.03",
            "revenue": 12390
        },
        "2023-09": {
            "month": "2023-09",
            "price": "11.75",
            "revenue": 7743
        },
        "2023-10": {
            "month": "2023-10",
            "price": "9.41",
            "revenue": 5091
        },
        "2023-11": {
            "month": "2023-11",
            "price": "8.97",
            "revenue": 606
        }
    }
}
