{
    "summary": {
        "stock_name": "凌通",
        "stock_id": "4952",
        "category": "半導體",
        "main_business": "I501010產品設計業<br>CC01080電子零組件製造業<br>I301020資料處理服務業",
        "website_url": "http://www.generalplus.com",
        "ceo": "賈懿行",
        "pe_ratio": 34,
        "report_year_from": 2010,
        "report_year_to": 2023,
        "age": 14,
        "eps_negative_percentage": 0,
        "eps_growth_avg": {
            "last_all": 3.63,
            "last_2y": 4.75,
            "last_4y": 3.88,
            "last_8y": 1.84,
            "last_12y": 3.63,
            "last_16y": null,
            "last_20y": null,
            "at_2006_last_3y": null,
            "at_2007_last_3y": null,
            "at_2008_last_3y": null,
            "at_2009_last_3y": null,
            "at_2010_last_3y": null,
            "at_2011_last_3y": null,
            "at_2012_last_3y": null,
            "at_2013_last_3y": null,
            "at_2014_last_3y": 7.65,
            "at_2015_last_3y": 14.47,
            "at_2016_last_3y": 33.32,
            "at_2017_last_3y": 4.97,
            "at_2018_last_3y": -0.7,
            "at_2019_last_3y": -12.09,
            "at_2020_last_3y": -7.29,
            "at_2021_last_3y": 21.06,
            "at_2022_last_3y": 23.27,
            "at_2023_last_3y": 10.12,
            "at_2024_last_3y": 10.12,
            "at_2006_last_all": null,
            "at_2007_last_all": null,
            "at_2008_last_all": null,
            "at_2009_last_all": null,
            "at_2010_last_all": null,
            "at_2011_last_all": null,
            "at_2012_last_all": -35.59,
            "at_2013_last_all": 9.61,
            "at_2014_last_all": 7.65,
            "at_2015_last_all": 11.01,
            "at_2016_last_all": 10.35,
            "at_2017_last_all": 6.96,
            "at_2018_last_all": 3.47,
            "at_2019_last_all": 0.75,
            "at_2020_last_all": 3.29,
            "at_2021_last_all": 12.09,
            "at_2022_last_all": 10.07,
            "at_2023_last_all": 3.63,
            "at_2024_last_all": 3.63
        },
        "latest_eps": 1.62,
        "latest_price": 54.9,
        "latest_roe": 7.69,
        "latest_gross_margin": 37.17,
        "latest_equity": 2109807,
        "latest_revenue": 587740,
        "latest_gross_profit": 218470,
        "latest_net_income": 54018,
        "latest_debt_ratio": 24.54,
        "latest_current_ratio": 373.48,
        "latest_account_receivable_turnover_ratio": 1.31,
        "latest_inventory_turnover_ratio": 0.55,
        "latest_reinvestment_rate": -4.31,
        "latest_research_to_sale_ratio": 19.75
    },
    "eps_dividends": {
        "2001": {
            "cash": 0,
            "stock": 0,
            "eps": 0
        },
        "2002": {
            "cash": 0,
            "stock": 0,
            "eps": 0
        },
        "2003": {
            "cash": 0,
            "stock": 0,
            "eps": 0
        },
        "2004": {
            "cash": 0,
            "stock": 0,
            "eps": 0
        },
        "2005": {
            "cash": 0,
            "stock": 0,
            "eps": 0
        },
        "2006": {
            "cash": 0,
            "stock": 0,
            "eps": 0
        },
        "2007": {
            "cash": 0,
            "stock": 0,
            "eps": 0
        },
        "2008": {
            "cash": 0,
            "stock": 0,
            "eps": 0
        },
        "2009": {
            "cash": 0,
            "stock": 0,
            "eps": 0
        },
        "2010": {
            "cash": 0,
            "stock": 0,
            "eps": 1.79
        },
        "2011": {
            "cash": 4.5,
            "stock": 0,
            "eps": 1.74
        },
        "2012": {
            "cash": 0,
            "stock": 0,
            "eps": 0.55
        },
        "2013": {
            "cash": 1,
            "stock": 0,
            "eps": 2.81
        },
        "2014": {
            "cash": 2.5,
            "stock": 0,
            "eps": 2.86
        },
        "2015": {
            "cash": 2.8,
            "stock": 0,
            "eps": 3.56
        },
        "2016": {
            "cash": 3.2,
            "stock": 0,
            "eps": 3.81
        },
        "2017": {
            "cash": 3.5,
            "stock": 0,
            "eps": 3.3
        },
        "2018": {
            "cash": 3,
            "stock": 0,
            "eps": 2.61
        },
        "2019": {
            "cash": 2.5,
            "stock": 0,
            "eps": 2.06
        },
        "2020": {
            "cash": 1.8,
            "stock": 0,
            "eps": 2.6
        },
        "2021": {
            "cash": 2.4,
            "stock": 0,
            "eps": 6.05
        },
        "2022": {
            "cash": 5.4,
            "stock": 0,
            "eps": 5.32
        },
        "2023": {
            "cash": 10,
            "stock": 0,
            "eps": 1.4
        }
    },
    "dividends": {
        "2011-01-01": {
            "cash": 1.5,
            "stock": 0
        },
        "2011-03-25": {
            "cash": 3,
            "stock": 0
        },
        "2013-04-26": {
            "cash": 1,
            "stock": 0
        },
        "2014-06-12": {
            "cash": 2.5,
            "stock": 0
        },
        "2015-08-06": {
            "cash": 2.8,
            "stock": 0
        },
        "2016-07-29": {
            "cash": 3.2,
            "stock": 0
        },
        "2017-08-04": {
            "cash": 3.5,
            "stock": 0
        },
        "2018-08-03": {
            "cash": 3,
            "stock": 0
        },
        "2019-07-31": {
            "cash": 2.5,
            "stock": 0
        },
        "2020-07-31": {
            "cash": 1.8,
            "stock": 0
        },
        "2021-09-07": {
            "cash": 2.4,
            "stock": 0
        },
        "2022-07-19": {
            "cash": 5.4,
            "stock": 0
        },
        "2023-02-20": {
            "cash": 5,
            "stock": 0
        },
        "2023-07-28": {
            "cash": 5,
            "stock": 0
        }
    },
    "prices": {
        "200101": "無",
        "200102": "無",
        "200103": "無",
        "200104": "無",
        "200105": "無",
        "200106": "無",
        "200107": "無",
        "200108": "無",
        "200109": "無",
        "200110": "無",
        "200111": "無",
        "200112": "無",
        "200201": "無",
        "200202": "無",
        "200203": "無",
        "200204": "無",
        "200205": "無",
        "200206": "無",
        "200207": "無",
        "200208": "無",
        "200209": "無",
        "200210": "無",
        "200211": "無",
        "200212": "無",
        "200301": "無",
        "200302": "無",
        "200303": "無",
        "200304": "無",
        "200305": "無",
        "200306": "無",
        "200307": "無",
        "200308": "無",
        "200309": "無",
        "200310": "無",
        "200311": "無",
        "200312": "無",
        "200401": "無",
        "200402": "無",
        "200403": "無",
        "200404": "無",
        "200405": "無",
        "200406": "無",
        "200407": "無",
        "200408": "無",
        "200409": "無",
        "200410": "無",
        "200411": "無",
        "200412": "無",
        "200501": "無",
        "200502": "無",
        "200503": "無",
        "200504": "無",
        "200505": "無",
        "200506": "無",
        "200507": "無",
        "200508": "無",
        "200509": "無",
        "200510": "無",
        "200511": "無",
        "200512": "無",
        "200601": "無",
        "200602": "無",
        "200603": "無",
        "200604": "無",
        "200605": "無",
        "200606": "無",
        "200607": "無",
        "200608": "無",
        "200609": "無",
        "200610": "無",
        "200611": "無",
        "200612": "無",
        "200701": "無",
        "200702": "無",
        "200703": "無",
        "200704": "無",
        "200705": "無",
        "200706": "無",
        "200707": "無",
        "200708": "無",
        "200709": "無",
        "200710": "無",
        "200711": "無",
        "200712": "無",
        "200801": "無",
        "200802": "無",
        "200803": "無",
        "200804": "無",
        "200805": "無",
        "200806": "無",
        "200807": "無",
        "200808": "無",
        "200809": "無",
        "200810": "無",
        "200811": "無",
        "200812": "無",
        "200901": "無",
        "200902": "無",
        "200903": "無",
        "200904": "無",
        "200905": "無",
        "200906": "無",
        "200907": "無",
        "200908": "無",
        "200909": "無",
        "200910": "無",
        "200911": "無",
        "200912": "無",
        "201001": "無",
        "201002": "無",
        "201003": "無",
        "201004": "無",
        "201005": "無",
        "201006": "無",
        "201007": "無",
        "201008": "49.96",
        "201009": "44.75",
        "201010": "46.07",
        "201011": "41.85",
        "201012": "43.06",
        "201101": "45.99",
        "201102": "46.51",
        "201103": "45.03",
        "201104": "44.83",
        "201105": "43.22",
        "201106": "39.29",
        "201107": "35.32",
        "201108": "30.85",
        "201109": "28.95",
        "201110": "27.45",
        "201111": "24.24",
        "201112": "19.63",
        "201201": "19.58",
        "201202": "26.02",
        "201203": "26.24",
        "201204": "22.92",
        "201205": "21.18",
        "201206": "19.87",
        "201207": "19.58",
        "201208": "22.63",
        "201209": "23.02",
        "201210": "20.00",
        "201211": "17.95",
        "201212": "19.37",
        "201301": "20.77",
        "201302": "19.45",
        "201303": "19.75",
        "201304": "21.71",
        "201305": "28.07",
        "201306": "29.32",
        "201307": "30.33",
        "201308": "34.98",
        "201309": "32.03",
        "201310": "28.13",
        "201311": "30.32",
        "201312": "33.48",
        "201401": "39.85",
        "201402": "36.92",
        "201403": "38.70",
        "201404": "37.89",
        "201405": "36.61",
        "201406": "38.94",
        "201407": "37.80",
        "201408": "42.80",
        "201409": "38.84",
        "201410": "32.33",
        "201411": "33.17",
        "201412": "35.87",
        "201501": "37.79",
        "201502": "37.74",
        "201503": "40.99",
        "201504": "43.81",
        "201505": "40.92",
        "201506": "37.38",
        "201507": "33.36",
        "201508": "29.94",
        "201509": "30.69",
        "201510": "33.25",
        "201511": "38.60",
        "201512": "39.51",
        "201601": "35.95",
        "201602": "38.20",
        "201603": "41.39",
        "201604": "42.37",
        "201605": "42.17",
        "201606": "43.10",
        "201607": "42.22",
        "201608": "42.14",
        "201609": "38.94",
        "201610": "38.24",
        "201611": "36.69",
        "201612": "37.14",
        "201701": "38.58",
        "201702": "39.98",
        "201703": "41.38",
        "201704": "40.68",
        "201705": "39.74",
        "201706": "39.88",
        "201707": "37.04",
        "201708": "37.32",
        "201709": "43.73",
        "201710": "53.87",
        "201711": "61.08",
        "201712": "53.87",
        "201801": "52.56",
        "201802": "48.26",
        "201803": "50.34",
        "201804": "45.58",
        "201805": "43.99",
        "201806": "44.30",
        "201807": "38.60",
        "201808": "38.07",
        "201809": "34.83",
        "201810": "30.55",
        "201811": "30.57",
        "201812": "30.80",
        "201901": "31.85",
        "201902": "35.53",
        "201903": "36.41",
        "201904": "36.31",
        "201905": "35.00",
        "201906": "35.37",
        "201907": "34.78",
        "201908": "34.10",
        "201909": "35.04",
        "201910": "33.44",
        "201911": "32.79",
        "201912": "33.48",
        "202001": "32.53",
        "202002": "30.47",
        "202003": "28.25",
        "202004": "28.30",
        "202005": "29.28",
        "202006": "30.18",
        "202007": "30.63",
        "202008": "29.84",
        "202009": "31.28",
        "202010": "34.08",
        "202011": "36.72",
        "202012": "40.26",
        "202101": "41.73",
        "202102": "44.84",
        "202103": "48.92",
        "202104": "56.83",
        "202105": "49.46",
        "202106": "55.05",
        "202107": "74.44",
        "202108": "73.56",
        "202109": "69.25",
        "202110": "63.02",
        "202111": "71.70",
        "202112": "68.94",
        "202201": "63.46",
        "202202": "64.19",
        "202203": "73.74",
        "202204": "72.21",
        "202205": "77.69",
        "202206": "72.76",
        "202207": "58.15",
        "202208": "59.04",
        "202209": "51.87",
        "202210": "45.38",
        "202211": "47.84",
        "202212": "47.95",
        "202301": "47.72",
        "202302": "52.08",
        "202303": "57.22",
        "202304": "56.72",
        "202305": "55.04",
        "202306": "56.70",
        "202307": "49.42",
        "202308": "49.39",
        "202309": "51.96",
        "202310": "50.42",
        "202311": "52.52",
        "202312": "55.58"
    },
    "quarters": {
        "20011": {
            "year_quarter": 20011,
            "year": 2001,
            "quarter": 1,
            "eps": null,
            "eps_growth_year": null,
            "eps_4q": null,
            "eps_4q_growth_year": null,
            "roe": null,
            "roe_4q": 0,
            "gross_profit": null,
            "gross_margin": null,
            "gross_margin_4q_avg": 0,
            "net_income": null,
            "net_income_4q": null,
            "revenue": null,
            "revenue_4q": null,
            "common_shares": null,
            "book_valuer_per_share": null,
            "book_valuer_per_share_4q_avg": 0,
            "equity": null,
            "current_ratio": null,
            "debt_ratio": null,
            "inventory_turnover_ratio": null,
            "account_receivable_turnover_ratio": null,
            "reinvestment_rate": null,
            "research_to_sale_ratio": null,
            "price_fair": 0,
            "eps_avg_yearly": 0,
            "eps_latest_yearly": 0,
            "eps_growth_yearly": 0
        },
        "20012": {
            "year_quarter": 20012,
            "year": 2001,
            "quarter": 2,
            "eps": null,
            "eps_growth_year": null,
            "eps_4q": null,
            "eps_4q_growth_year": null,
            "roe": null,
            "roe_4q": 0,
            "gross_profit": null,
            "gross_margin": null,
            "gross_margin_4q_avg": 0,
            "net_income": null,
            "net_income_4q": null,
            "revenue": null,
            "revenue_4q": null,
            "common_shares": null,
            "book_valuer_per_share": null,
            "book_valuer_per_share_4q_avg": 0,
            "equity": null,
            "current_ratio": null,
            "debt_ratio": null,
            "inventory_turnover_ratio": null,
            "account_receivable_turnover_ratio": null,
            "reinvestment_rate": null,
            "research_to_sale_ratio": null,
            "price_fair": 0,
            "eps_avg_yearly": 0,
            "eps_latest_yearly": 0,
            "eps_growth_yearly": 0
        },
        "20013": {
            "year_quarter": 20013,
            "year": 2001,
            "quarter": 3,
            "eps": null,
            "eps_growth_year": null,
            "eps_4q": null,
            "eps_4q_growth_year": null,
            "roe": null,
            "roe_4q": 0,
            "gross_profit": null,
            "gross_margin": null,
            "gross_margin_4q_avg": 0,
            "net_income": null,
            "net_income_4q": null,
            "revenue": null,
            "revenue_4q": null,
            "common_shares": null,
            "book_valuer_per_share": null,
            "book_valuer_per_share_4q_avg": 0,
            "equity": null,
            "current_ratio": null,
            "debt_ratio": null,
            "inventory_turnover_ratio": null,
            "account_receivable_turnover_ratio": null,
            "reinvestment_rate": null,
            "research_to_sale_ratio": null,
            "price_fair": 0,
            "eps_avg_yearly": 0,
            "eps_latest_yearly": 0,
            "eps_growth_yearly": 0
        },
        "20014": {
            "year_quarter": 20014,
            "year": 2001,
            "quarter": 4,
            "eps": null,
            "eps_growth_year": null,
            "eps_4q": null,
            "eps_4q_growth_year": null,
            "roe": null,
            "roe_4q": 0,
            "gross_profit": null,
            "gross_margin": null,
            "gross_margin_4q_avg": 0,
            "net_income": null,
            "net_income_4q": null,
            "revenue": null,
            "revenue_4q": null,
            "common_shares": null,
            "book_valuer_per_share": null,
            "book_valuer_per_share_4q_avg": 0,
            "equity": null,
            "current_ratio": null,
            "debt_ratio": null,
            "inventory_turnover_ratio": null,
            "account_receivable_turnover_ratio": null,
            "reinvestment_rate": null,
            "research_to_sale_ratio": null,
            "price_fair": 0,
            "eps_avg_yearly": 0,
            "eps_latest_yearly": 0,
            "eps_growth_yearly": 0
        },
        "20021": {
            "year_quarter": 20021,
            "year": 2002,
            "quarter": 1,
            "eps": null,
            "eps_growth_year": null,
            "eps_4q": null,
            "eps_4q_growth_year": null,
            "roe": null,
            "roe_4q": 0,
            "gross_profit": null,
            "gross_margin": null,
            "gross_margin_4q_avg": 0,
            "net_income": null,
            "net_income_4q": null,
            "revenue": null,
            "revenue_4q": null,
            "common_shares": null,
            "book_valuer_per_share": null,
            "book_valuer_per_share_4q_avg": 0,
            "equity": null,
            "current_ratio": null,
            "debt_ratio": null,
            "inventory_turnover_ratio": null,
            "account_receivable_turnover_ratio": null,
            "reinvestment_rate": null,
            "research_to_sale_ratio": null,
            "price_fair": 0,
            "eps_avg_yearly": 0,
            "eps_latest_yearly": 0,
            "eps_growth_yearly": 0
        },
        "20022": {
            "year_quarter": 20022,
            "year": 2002,
            "quarter": 2,
            "eps": null,
            "eps_growth_year": null,
            "eps_4q": null,
            "eps_4q_growth_year": null,
            "roe": null,
            "roe_4q": 0,
            "gross_profit": null,
            "gross_margin": null,
            "gross_margin_4q_avg": 0,
            "net_income": null,
            "net_income_4q": null,
            "revenue": null,
            "revenue_4q": null,
            "common_shares": null,
            "book_valuer_per_share": null,
            "book_valuer_per_share_4q_avg": 0,
            "equity": null,
            "current_ratio": null,
            "debt_ratio": null,
            "inventory_turnover_ratio": null,
            "account_receivable_turnover_ratio": null,
            "reinvestment_rate": null,
            "research_to_sale_ratio": null,
            "price_fair": 0,
            "eps_avg_yearly": 0,
            "eps_latest_yearly": 0,
            "eps_growth_yearly": 0
        },
        "20023": {
            "year_quarter": 20023,
            "year": 2002,
            "quarter": 3,
            "eps": null,
            "eps_growth_year": null,
            "eps_4q": null,
            "eps_4q_growth_year": null,
            "roe": null,
            "roe_4q": 0,
            "gross_profit": null,
            "gross_margin": null,
            "gross_margin_4q_avg": 0,
            "net_income": null,
            "net_income_4q": null,
            "revenue": null,
            "revenue_4q": null,
            "common_shares": null,
            "book_valuer_per_share": null,
            "book_valuer_per_share_4q_avg": 0,
            "equity": null,
            "current_ratio": null,
            "debt_ratio": null,
            "inventory_turnover_ratio": null,
            "account_receivable_turnover_ratio": null,
            "reinvestment_rate": null,
            "research_to_sale_ratio": null,
            "price_fair": 0,
            "eps_avg_yearly": 0,
            "eps_latest_yearly": 0,
            "eps_growth_yearly": 0
        },
        "20024": {
            "year_quarter": 20024,
            "year": 2002,
            "quarter": 4,
            "eps": null,
            "eps_growth_year": null,
            "eps_4q": null,
            "eps_4q_growth_year": null,
            "roe": null,
            "roe_4q": 0,
            "gross_profit": null,
            "gross_margin": null,
            "gross_margin_4q_avg": 0,
            "net_income": null,
            "net_income_4q": null,
            "revenue": null,
            "revenue_4q": null,
            "common_shares": null,
            "book_valuer_per_share": null,
            "book_valuer_per_share_4q_avg": 0,
            "equity": null,
            "current_ratio": null,
            "debt_ratio": null,
            "inventory_turnover_ratio": null,
            "account_receivable_turnover_ratio": null,
            "reinvestment_rate": null,
            "research_to_sale_ratio": null,
            "price_fair": 0,
            "eps_avg_yearly": 0,
            "eps_latest_yearly": 0,
            "eps_growth_yearly": 0
        },
        "20031": {
            "year_quarter": 20031,
            "year": 2003,
            "quarter": 1,
            "eps": null,
            "eps_growth_year": null,
            "eps_4q": null,
            "eps_4q_growth_year": null,
            "roe": null,
            "roe_4q": 0,
            "gross_profit": null,
            "gross_margin": null,
            "gross_margin_4q_avg": 0,
            "net_income": null,
            "net_income_4q": null,
            "revenue": null,
            "revenue_4q": null,
            "common_shares": null,
            "book_valuer_per_share": null,
            "book_valuer_per_share_4q_avg": 0,
            "equity": null,
            "current_ratio": null,
            "debt_ratio": null,
            "inventory_turnover_ratio": null,
            "account_receivable_turnover_ratio": null,
            "reinvestment_rate": null,
            "research_to_sale_ratio": null,
            "price_fair": 0,
            "eps_avg_yearly": 0,
            "eps_latest_yearly": 0,
            "eps_growth_yearly": 0
        },
        "20032": {
            "year_quarter": 20032,
            "year": 2003,
            "quarter": 2,
            "eps": null,
            "eps_growth_year": null,
            "eps_4q": null,
            "eps_4q_growth_year": null,
            "roe": null,
            "roe_4q": 0,
            "gross_profit": null,
            "gross_margin": null,
            "gross_margin_4q_avg": 0,
            "net_income": null,
            "net_income_4q": null,
            "revenue": null,
            "revenue_4q": null,
            "common_shares": null,
            "book_valuer_per_share": null,
            "book_valuer_per_share_4q_avg": 0,
            "equity": null,
            "current_ratio": null,
            "debt_ratio": null,
            "inventory_turnover_ratio": null,
            "account_receivable_turnover_ratio": null,
            "reinvestment_rate": null,
            "research_to_sale_ratio": null,
            "price_fair": 0,
            "eps_avg_yearly": 0,
            "eps_latest_yearly": 0,
            "eps_growth_yearly": 0
        },
        "20033": {
            "year_quarter": 20033,
            "year": 2003,
            "quarter": 3,
            "eps": null,
            "eps_growth_year": null,
            "eps_4q": null,
            "eps_4q_growth_year": null,
            "roe": null,
            "roe_4q": 0,
            "gross_profit": null,
            "gross_margin": null,
            "gross_margin_4q_avg": 0,
            "net_income": null,
            "net_income_4q": null,
            "revenue": null,
            "revenue_4q": null,
            "common_shares": null,
            "book_valuer_per_share": null,
            "book_valuer_per_share_4q_avg": 0,
            "equity": null,
            "current_ratio": null,
            "debt_ratio": null,
            "inventory_turnover_ratio": null,
            "account_receivable_turnover_ratio": null,
            "reinvestment_rate": null,
            "research_to_sale_ratio": null,
            "price_fair": 0,
            "eps_avg_yearly": 0,
            "eps_latest_yearly": 0,
            "eps_growth_yearly": 0
        },
        "20034": {
            "year_quarter": 20034,
            "year": 2003,
            "quarter": 4,
            "eps": null,
            "eps_growth_year": null,
            "eps_4q": null,
            "eps_4q_growth_year": null,
            "roe": null,
            "roe_4q": 0,
            "gross_profit": null,
            "gross_margin": null,
            "gross_margin_4q_avg": 0,
            "net_income": null,
            "net_income_4q": null,
            "revenue": null,
            "revenue_4q": null,
            "common_shares": null,
            "book_valuer_per_share": null,
            "book_valuer_per_share_4q_avg": 0,
            "equity": null,
            "current_ratio": null,
            "debt_ratio": null,
            "inventory_turnover_ratio": null,
            "account_receivable_turnover_ratio": null,
            "reinvestment_rate": null,
            "research_to_sale_ratio": null,
            "price_fair": 0,
            "eps_avg_yearly": 0,
            "eps_latest_yearly": 0,
            "eps_growth_yearly": 0
        },
        "20041": {
            "year_quarter": 20041,
            "year": 2004,
            "quarter": 1,
            "eps": null,
            "eps_growth_year": null,
            "eps_4q": null,
            "eps_4q_growth_year": null,
            "roe": null,
            "roe_4q": 0,
            "gross_profit": null,
            "gross_margin": null,
            "gross_margin_4q_avg": 0,
            "net_income": null,
            "net_income_4q": null,
            "revenue": null,
            "revenue_4q": null,
            "common_shares": null,
            "book_valuer_per_share": null,
            "book_valuer_per_share_4q_avg": 0,
            "equity": null,
            "current_ratio": null,
            "debt_ratio": null,
            "inventory_turnover_ratio": null,
            "account_receivable_turnover_ratio": null,
            "reinvestment_rate": null,
            "research_to_sale_ratio": null,
            "price_fair": 0,
            "eps_avg_yearly": 0,
            "eps_latest_yearly": 0,
            "eps_growth_yearly": 0
        },
        "20042": {
            "year_quarter": 20042,
            "year": 2004,
            "quarter": 2,
            "eps": null,
            "eps_growth_year": null,
            "eps_4q": null,
            "eps_4q_growth_year": null,
            "roe": null,
            "roe_4q": 0,
            "gross_profit": null,
            "gross_margin": null,
            "gross_margin_4q_avg": 0,
            "net_income": null,
            "net_income_4q": null,
            "revenue": null,
            "revenue_4q": null,
            "common_shares": null,
            "book_valuer_per_share": null,
            "book_valuer_per_share_4q_avg": 0,
            "equity": null,
            "current_ratio": null,
            "debt_ratio": null,
            "inventory_turnover_ratio": null,
            "account_receivable_turnover_ratio": null,
            "reinvestment_rate": null,
            "research_to_sale_ratio": null,
            "price_fair": 0,
            "eps_avg_yearly": 0,
            "eps_latest_yearly": 0,
            "eps_growth_yearly": 0
        },
        "20043": {
            "year_quarter": 20043,
            "year": 2004,
            "quarter": 3,
            "eps": null,
            "eps_growth_year": null,
            "eps_4q": null,
            "eps_4q_growth_year": null,
            "roe": null,
            "roe_4q": 0,
            "gross_profit": null,
            "gross_margin": null,
            "gross_margin_4q_avg": 0,
            "net_income": null,
            "net_income_4q": null,
            "revenue": null,
            "revenue_4q": null,
            "common_shares": null,
            "book_valuer_per_share": null,
            "book_valuer_per_share_4q_avg": 0,
            "equity": null,
            "current_ratio": null,
            "debt_ratio": null,
            "inventory_turnover_ratio": null,
            "account_receivable_turnover_ratio": null,
            "reinvestment_rate": null,
            "research_to_sale_ratio": null,
            "price_fair": 0,
            "eps_avg_yearly": 0,
            "eps_latest_yearly": 0,
            "eps_growth_yearly": 0
        },
        "20044": {
            "year_quarter": 20044,
            "year": 2004,
            "quarter": 4,
            "eps": null,
            "eps_growth_year": null,
            "eps_4q": null,
            "eps_4q_growth_year": null,
            "roe": null,
            "roe_4q": 0,
            "gross_profit": null,
            "gross_margin": null,
            "gross_margin_4q_avg": 0,
            "net_income": null,
            "net_income_4q": null,
            "revenue": null,
            "revenue_4q": null,
            "common_shares": null,
            "book_valuer_per_share": null,
            "book_valuer_per_share_4q_avg": 0,
            "equity": null,
            "current_ratio": null,
            "debt_ratio": null,
            "inventory_turnover_ratio": null,
            "account_receivable_turnover_ratio": null,
            "reinvestment_rate": null,
            "research_to_sale_ratio": null,
            "price_fair": 0,
            "eps_avg_yearly": 0,
            "eps_latest_yearly": 0,
            "eps_growth_yearly": 0
        },
        "20051": {
            "year_quarter": 20051,
            "year": 2005,
            "quarter": 1,
            "eps": null,
            "eps_growth_year": null,
            "eps_4q": null,
            "eps_4q_growth_year": null,
            "roe": null,
            "roe_4q": 0,
            "gross_profit": null,
            "gross_margin": null,
            "gross_margin_4q_avg": 0,
            "net_income": null,
            "net_income_4q": null,
            "revenue": null,
            "revenue_4q": null,
            "common_shares": null,
            "book_valuer_per_share": null,
            "book_valuer_per_share_4q_avg": 0,
            "equity": null,
            "current_ratio": null,
            "debt_ratio": null,
            "inventory_turnover_ratio": null,
            "account_receivable_turnover_ratio": null,
            "reinvestment_rate": null,
            "research_to_sale_ratio": null,
            "price_fair": 0,
            "eps_avg_yearly": 0,
            "eps_latest_yearly": 0,
            "eps_growth_yearly": 0
        },
        "20052": {
            "year_quarter": 20052,
            "year": 2005,
            "quarter": 2,
            "eps": null,
            "eps_growth_year": null,
            "eps_4q": null,
            "eps_4q_growth_year": null,
            "roe": null,
            "roe_4q": 0,
            "gross_profit": null,
            "gross_margin": null,
            "gross_margin_4q_avg": 0,
            "net_income": null,
            "net_income_4q": null,
            "revenue": null,
            "revenue_4q": null,
            "common_shares": null,
            "book_valuer_per_share": null,
            "book_valuer_per_share_4q_avg": 0,
            "equity": null,
            "current_ratio": null,
            "debt_ratio": null,
            "inventory_turnover_ratio": null,
            "account_receivable_turnover_ratio": null,
            "reinvestment_rate": null,
            "research_to_sale_ratio": null,
            "price_fair": 0,
            "eps_avg_yearly": 0,
            "eps_latest_yearly": 0,
            "eps_growth_yearly": 0
        },
        "20053": {
            "year_quarter": 20053,
            "year": 2005,
            "quarter": 3,
            "eps": null,
            "eps_growth_year": null,
            "eps_4q": null,
            "eps_4q_growth_year": null,
            "roe": null,
            "roe_4q": 0,
            "gross_profit": null,
            "gross_margin": null,
            "gross_margin_4q_avg": 0,
            "net_income": null,
            "net_income_4q": null,
            "revenue": null,
            "revenue_4q": null,
            "common_shares": null,
            "book_valuer_per_share": null,
            "book_valuer_per_share_4q_avg": 0,
            "equity": null,
            "current_ratio": null,
            "debt_ratio": null,
            "inventory_turnover_ratio": null,
            "account_receivable_turnover_ratio": null,
            "reinvestment_rate": null,
            "research_to_sale_ratio": null,
            "price_fair": 0,
            "eps_avg_yearly": 0,
            "eps_latest_yearly": 0,
            "eps_growth_yearly": 0
        },
        "20054": {
            "year_quarter": 20054,
            "year": 2005,
            "quarter": 4,
            "eps": null,
            "eps_growth_year": null,
            "eps_4q": null,
            "eps_4q_growth_year": null,
            "roe": null,
            "roe_4q": 0,
            "gross_profit": null,
            "gross_margin": null,
            "gross_margin_4q_avg": 0,
            "net_income": null,
            "net_income_4q": null,
            "revenue": null,
            "revenue_4q": null,
            "common_shares": 300000,
            "book_valuer_per_share": 12.8,
            "book_valuer_per_share_4q_avg": 3.2,
            "equity": 384088,
            "current_ratio": 288.45,
            "debt_ratio": 35.97,
            "inventory_turnover_ratio": null,
            "account_receivable_turnover_ratio": null,
            "reinvestment_rate": null,
            "research_to_sale_ratio": null,
            "price_fair": 0,
            "eps_avg_yearly": 0,
            "eps_latest_yearly": 0,
            "eps_growth_yearly": 0
        },
        "20061": {
            "year_quarter": 20061,
            "year": 2006,
            "quarter": 1,
            "eps": null,
            "eps_growth_year": null,
            "eps_4q": null,
            "eps_4q_growth_year": null,
            "roe": null,
            "roe_4q": 0,
            "gross_profit": null,
            "gross_margin": null,
            "gross_margin_4q_avg": 0,
            "net_income": null,
            "net_income_4q": null,
            "revenue": null,
            "revenue_4q": null,
            "common_shares": null,
            "book_valuer_per_share": null,
            "book_valuer_per_share_4q_avg": 3.2,
            "equity": null,
            "current_ratio": null,
            "debt_ratio": null,
            "inventory_turnover_ratio": null,
            "account_receivable_turnover_ratio": null,
            "reinvestment_rate": null,
            "research_to_sale_ratio": null,
            "price_fair": 0,
            "eps_avg_yearly": 0,
            "eps_latest_yearly": 0,
            "eps_growth_yearly": 0
        },
        "20062": {
            "year_quarter": 20062,
            "year": 2006,
            "quarter": 2,
            "eps": null,
            "eps_growth_year": null,
            "eps_4q": null,
            "eps_4q_growth_year": null,
            "roe": null,
            "roe_4q": 0,
            "gross_profit": null,
            "gross_margin": null,
            "gross_margin_4q_avg": 0,
            "net_income": null,
            "net_income_4q": null,
            "revenue": null,
            "revenue_4q": null,
            "common_shares": null,
            "book_valuer_per_share": null,
            "book_valuer_per_share_4q_avg": 3.2,
            "equity": null,
            "current_ratio": null,
            "debt_ratio": null,
            "inventory_turnover_ratio": null,
            "account_receivable_turnover_ratio": null,
            "reinvestment_rate": null,
            "research_to_sale_ratio": null,
            "price_fair": 0,
            "eps_avg_yearly": 0,
            "eps_latest_yearly": 0,
            "eps_growth_yearly": 0
        },
        "20063": {
            "year_quarter": 20063,
            "year": 2006,
            "quarter": 3,
            "eps": null,
            "eps_growth_year": null,
            "eps_4q": null,
            "eps_4q_growth_year": null,
            "roe": null,
            "roe_4q": 0,
            "gross_profit": null,
            "gross_margin": null,
            "gross_margin_4q_avg": 0,
            "net_income": null,
            "net_income_4q": null,
            "revenue": null,
            "revenue_4q": null,
            "common_shares": null,
            "book_valuer_per_share": null,
            "book_valuer_per_share_4q_avg": 3.2,
            "equity": null,
            "current_ratio": null,
            "debt_ratio": null,
            "inventory_turnover_ratio": null,
            "account_receivable_turnover_ratio": null,
            "reinvestment_rate": null,
            "research_to_sale_ratio": null,
            "price_fair": 0,
            "eps_avg_yearly": 0,
            "eps_latest_yearly": 0,
            "eps_growth_yearly": 0
        },
        "20064": {
            "year_quarter": 20064,
            "year": 2006,
            "quarter": 4,
            "eps": null,
            "eps_growth_year": null,
            "eps_4q": null,
            "eps_4q_growth_year": null,
            "roe": null,
            "roe_4q": 0,
            "gross_profit": null,
            "gross_margin": null,
            "gross_margin_4q_avg": 0,
            "net_income": null,
            "net_income_4q": null,
            "revenue": null,
            "revenue_4q": null,
            "common_shares": 370390,
            "book_valuer_per_share": 17.19,
            "book_valuer_per_share_4q_avg": 4.3,
            "equity": 636873,
            "current_ratio": 291.29,
            "debt_ratio": 37.67,
            "inventory_turnover_ratio": null,
            "account_receivable_turnover_ratio": null,
            "reinvestment_rate": null,
            "research_to_sale_ratio": null,
            "price_fair": 0,
            "eps_avg_yearly": 0,
            "eps_latest_yearly": 0,
            "eps_growth_yearly": 0
        },
        "20071": {
            "year_quarter": 20071,
            "year": 2007,
            "quarter": 1,
            "eps": null,
            "eps_growth_year": null,
            "eps_4q": null,
            "eps_4q_growth_year": null,
            "roe": null,
            "roe_4q": 0,
            "gross_profit": null,
            "gross_margin": null,
            "gross_margin_4q_avg": 0,
            "net_income": null,
            "net_income_4q": null,
            "revenue": null,
            "revenue_4q": null,
            "common_shares": null,
            "book_valuer_per_share": null,
            "book_valuer_per_share_4q_avg": 4.3,
            "equity": null,
            "current_ratio": null,
            "debt_ratio": null,
            "inventory_turnover_ratio": null,
            "account_receivable_turnover_ratio": null,
            "reinvestment_rate": null,
            "research_to_sale_ratio": null,
            "price_fair": 0,
            "eps_avg_yearly": 0,
            "eps_latest_yearly": 0,
            "eps_growth_yearly": 0
        },
        "20072": {
            "year_quarter": 20072,
            "year": 2007,
            "quarter": 2,
            "eps": null,
            "eps_growth_year": null,
            "eps_4q": null,
            "eps_4q_growth_year": null,
            "roe": null,
            "roe_4q": 0,
            "gross_profit": null,
            "gross_margin": null,
            "gross_margin_4q_avg": 0,
            "net_income": null,
            "net_income_4q": null,
            "revenue": null,
            "revenue_4q": null,
            "common_shares": null,
            "book_valuer_per_share": null,
            "book_valuer_per_share_4q_avg": 4.3,
            "equity": null,
            "current_ratio": null,
            "debt_ratio": null,
            "inventory_turnover_ratio": null,
            "account_receivable_turnover_ratio": null,
            "reinvestment_rate": null,
            "research_to_sale_ratio": null,
            "price_fair": 0,
            "eps_avg_yearly": 0,
            "eps_latest_yearly": 0,
            "eps_growth_yearly": 0
        },
        "20073": {
            "year_quarter": 20073,
            "year": 2007,
            "quarter": 3,
            "eps": null,
            "eps_growth_year": null,
            "eps_4q": null,
            "eps_4q_growth_year": null,
            "roe": null,
            "roe_4q": 0,
            "gross_profit": null,
            "gross_margin": null,
            "gross_margin_4q_avg": 0,
            "net_income": null,
            "net_income_4q": null,
            "revenue": null,
            "revenue_4q": null,
            "common_shares": null,
            "book_valuer_per_share": null,
            "book_valuer_per_share_4q_avg": 4.3,
            "equity": null,
            "current_ratio": null,
            "debt_ratio": null,
            "inventory_turnover_ratio": null,
            "account_receivable_turnover_ratio": null,
            "reinvestment_rate": null,
            "research_to_sale_ratio": null,
            "price_fair": 0,
            "eps_avg_yearly": 0,
            "eps_latest_yearly": 0,
            "eps_growth_yearly": 0
        },
        "20074": {
            "year_quarter": 20074,
            "year": 2007,
            "quarter": 4,
            "eps": null,
            "eps_growth_year": null,
            "eps_4q": null,
            "eps_4q_growth_year": null,
            "roe": null,
            "roe_4q": 0,
            "gross_profit": null,
            "gross_margin": null,
            "gross_margin_4q_avg": 0,
            "net_income": null,
            "net_income_4q": null,
            "revenue": null,
            "revenue_4q": null,
            "common_shares": 519407,
            "book_valuer_per_share": 19.82,
            "book_valuer_per_share_4q_avg": 4.96,
            "equity": 1029704,
            "current_ratio": 521.02,
            "debt_ratio": 25.2,
            "inventory_turnover_ratio": null,
            "account_receivable_turnover_ratio": null,
            "reinvestment_rate": null,
            "research_to_sale_ratio": null,
            "price_fair": 0,
            "eps_avg_yearly": 0,
            "eps_latest_yearly": 0,
            "eps_growth_yearly": 0
        },
        "20081": {
            "year_quarter": 20081,
            "year": 2008,
            "quarter": 1,
            "eps": null,
            "eps_growth_year": null,
            "eps_4q": null,
            "eps_4q_growth_year": null,
            "roe": null,
            "roe_4q": 0,
            "gross_profit": null,
            "gross_margin": null,
            "gross_margin_4q_avg": 0,
            "net_income": null,
            "net_income_4q": null,
            "revenue": null,
            "revenue_4q": null,
            "common_shares": null,
            "book_valuer_per_share": null,
            "book_valuer_per_share_4q_avg": 4.96,
            "equity": null,
            "current_ratio": null,
            "debt_ratio": null,
            "inventory_turnover_ratio": null,
            "account_receivable_turnover_ratio": null,
            "reinvestment_rate": null,
            "research_to_sale_ratio": null,
            "price_fair": 0,
            "eps_avg_yearly": 0,
            "eps_latest_yearly": 0,
            "eps_growth_yearly": 0
        },
        "20082": {
            "year_quarter": 20082,
            "year": 2008,
            "quarter": 2,
            "eps": null,
            "eps_growth_year": null,
            "eps_4q": null,
            "eps_4q_growth_year": null,
            "roe": null,
            "roe_4q": 0,
            "gross_profit": null,
            "gross_margin": null,
            "gross_margin_4q_avg": 0,
            "net_income": null,
            "net_income_4q": null,
            "revenue": null,
            "revenue_4q": null,
            "common_shares": null,
            "book_valuer_per_share": null,
            "book_valuer_per_share_4q_avg": 4.96,
            "equity": null,
            "current_ratio": null,
            "debt_ratio": null,
            "inventory_turnover_ratio": null,
            "account_receivable_turnover_ratio": null,
            "reinvestment_rate": null,
            "research_to_sale_ratio": null,
            "price_fair": 0,
            "eps_avg_yearly": 0,
            "eps_latest_yearly": 0,
            "eps_growth_yearly": 0
        },
        "20083": {
            "year_quarter": 20083,
            "year": 2008,
            "quarter": 3,
            "eps": null,
            "eps_growth_year": null,
            "eps_4q": null,
            "eps_4q_growth_year": null,
            "roe": null,
            "roe_4q": 0,
            "gross_profit": null,
            "gross_margin": null,
            "gross_margin_4q_avg": 0,
            "net_income": null,
            "net_income_4q": null,
            "revenue": null,
            "revenue_4q": null,
            "common_shares": null,
            "book_valuer_per_share": null,
            "book_valuer_per_share_4q_avg": 4.96,
            "equity": null,
            "current_ratio": null,
            "debt_ratio": null,
            "inventory_turnover_ratio": null,
            "account_receivable_turnover_ratio": null,
            "reinvestment_rate": null,
            "research_to_sale_ratio": null,
            "price_fair": 0,
            "eps_avg_yearly": 0,
            "eps_latest_yearly": 0,
            "eps_growth_yearly": 0
        },
        "20084": {
            "year_quarter": 20084,
            "year": 2008,
            "quarter": 4,
            "eps": null,
            "eps_growth_year": null,
            "eps_4q": null,
            "eps_4q_growth_year": null,
            "roe": null,
            "roe_4q": 0,
            "gross_profit": null,
            "gross_margin": null,
            "gross_margin_4q_avg": 0,
            "net_income": null,
            "net_income_4q": null,
            "revenue": null,
            "revenue_4q": null,
            "common_shares": 683664,
            "book_valuer_per_share": 17.01,
            "book_valuer_per_share_4q_avg": 4.25,
            "equity": 1162897,
            "current_ratio": 488.59,
            "debt_ratio": 23.94,
            "inventory_turnover_ratio": null,
            "account_receivable_turnover_ratio": null,
            "reinvestment_rate": null,
            "research_to_sale_ratio": null,
            "price_fair": 0,
            "eps_avg_yearly": 0,
            "eps_latest_yearly": 0,
            "eps_growth_yearly": 0
        },
        "20091": {
            "year_quarter": 20091,
            "year": 2009,
            "quarter": 1,
            "eps": null,
            "eps_growth_year": null,
            "eps_4q": null,
            "eps_4q_growth_year": null,
            "roe": null,
            "roe_4q": 0,
            "gross_profit": null,
            "gross_margin": null,
            "gross_margin_4q_avg": 0,
            "net_income": null,
            "net_income_4q": null,
            "revenue": null,
            "revenue_4q": null,
            "common_shares": null,
            "book_valuer_per_share": null,
            "book_valuer_per_share_4q_avg": 4.25,
            "equity": null,
            "current_ratio": null,
            "debt_ratio": null,
            "inventory_turnover_ratio": null,
            "account_receivable_turnover_ratio": null,
            "reinvestment_rate": null,
            "research_to_sale_ratio": null,
            "price_fair": 0,
            "eps_avg_yearly": 0,
            "eps_latest_yearly": 0,
            "eps_growth_yearly": 0
        },
        "20092": {
            "year_quarter": 20092,
            "year": 2009,
            "quarter": 2,
            "eps": null,
            "eps_growth_year": null,
            "eps_4q": null,
            "eps_4q_growth_year": null,
            "roe": null,
            "roe_4q": 0,
            "gross_profit": null,
            "gross_margin": null,
            "gross_margin_4q_avg": 0,
            "net_income": null,
            "net_income_4q": null,
            "revenue": null,
            "revenue_4q": null,
            "common_shares": 0,
            "book_valuer_per_share": null,
            "book_valuer_per_share_4q_avg": 4.25,
            "equity": 0,
            "current_ratio": null,
            "debt_ratio": null,
            "inventory_turnover_ratio": null,
            "account_receivable_turnover_ratio": null,
            "reinvestment_rate": null,
            "research_to_sale_ratio": null,
            "price_fair": 0,
            "eps_avg_yearly": 0,
            "eps_latest_yearly": 0,
            "eps_growth_yearly": 0
        },
        "20093": {
            "year_quarter": 20093,
            "year": 2009,
            "quarter": 3,
            "eps": null,
            "eps_growth_year": null,
            "eps_4q": null,
            "eps_4q_growth_year": null,
            "roe": null,
            "roe_4q": 0,
            "gross_profit": null,
            "gross_margin": null,
            "gross_margin_4q_avg": 0,
            "net_income": null,
            "net_income_4q": null,
            "revenue": null,
            "revenue_4q": null,
            "common_shares": null,
            "book_valuer_per_share": null,
            "book_valuer_per_share_4q_avg": 4.25,
            "equity": null,
            "current_ratio": null,
            "debt_ratio": null,
            "inventory_turnover_ratio": null,
            "account_receivable_turnover_ratio": null,
            "reinvestment_rate": null,
            "research_to_sale_ratio": null,
            "price_fair": 0,
            "eps_avg_yearly": 0,
            "eps_latest_yearly": 0,
            "eps_growth_yearly": 0
        },
        "20094": {
            "year_quarter": 20094,
            "year": 2009,
            "quarter": 4,
            "eps": null,
            "eps_growth_year": null,
            "eps_4q": null,
            "eps_4q_growth_year": null,
            "roe": null,
            "roe_4q": 0,
            "gross_profit": null,
            "gross_margin": null,
            "gross_margin_4q_avg": 0,
            "net_income": null,
            "net_income_4q": null,
            "revenue": null,
            "revenue_4q": null,
            "common_shares": 866758,
            "book_valuer_per_share": 17.55,
            "book_valuer_per_share_4q_avg": 4.39,
            "equity": 1520763,
            "current_ratio": 361.45,
            "debt_ratio": 27.59,
            "inventory_turnover_ratio": null,
            "account_receivable_turnover_ratio": null,
            "reinvestment_rate": null,
            "research_to_sale_ratio": null,
            "price_fair": 0,
            "eps_avg_yearly": 0,
            "eps_latest_yearly": 0,
            "eps_growth_yearly": 0
        },
        "20101": {
            "year_quarter": 20101,
            "year": 2010,
            "quarter": 1,
            "eps": null,
            "eps_growth_year": null,
            "eps_4q": null,
            "eps_4q_growth_year": null,
            "roe": null,
            "roe_4q": 0,
            "gross_profit": 200232,
            "gross_margin": null,
            "gross_margin_4q_avg": 0,
            "net_income": 18357,
            "net_income_4q": null,
            "revenue": 633506,
            "revenue_4q": null,
            "common_shares": 893171,
            "book_valuer_per_share": 17.63,
            "book_valuer_per_share_4q_avg": 8.8,
            "equity": 1574757,
            "current_ratio": 336.37,
            "debt_ratio": 29.6,
            "inventory_turnover_ratio": null,
            "account_receivable_turnover_ratio": null,
            "reinvestment_rate": null,
            "research_to_sale_ratio": null,
            "price_fair": 0,
            "eps_avg_yearly": 0,
            "eps_latest_yearly": 0,
            "eps_growth_yearly": 0
        },
        "20102": {
            "year_quarter": 20102,
            "year": 2010,
            "quarter": 2,
            "eps": 1.79,
            "eps_growth_year": null,
            "eps_4q": null,
            "eps_4q_growth_year": null,
            "roe": 10.67,
            "roe_4q": 10.67,
            "gross_profit": 407060,
            "gross_margin": 33.82,
            "gross_margin_4q_avg": 8.46,
            "net_income": 170953,
            "net_income_4q": null,
            "revenue": 1203513,
            "revenue_4q": null,
            "common_shares": 957531,
            "book_valuer_per_share": 17.02,
            "book_valuer_per_share_4q_avg": 13.05,
            "equity": 1629875,
            "current_ratio": 223.24,
            "debt_ratio": 43.73,
            "inventory_turnover_ratio": 2.19,
            "account_receivable_turnover_ratio": 2.58,
            "reinvestment_rate": null,
            "research_to_sale_ratio": null,
            "price_fair": 0,
            "eps_avg_yearly": 0,
            "eps_latest_yearly": 0,
            "eps_growth_yearly": 0
        },
        "20103": {
            "year_quarter": 20103,
            "year": 2010,
            "quarter": 3,
            "eps": null,
            "eps_growth_year": null,
            "eps_4q": null,
            "eps_4q_growth_year": null,
            "roe": null,
            "roe_4q": 10.67,
            "gross_profit": 394975,
            "gross_margin": null,
            "gross_margin_4q_avg": 8.46,
            "net_income": 127677,
            "net_income_4q": null,
            "revenue": 1135469,
            "revenue_4q": null,
            "common_shares": 961035,
            "book_valuer_per_share": 18.32,
            "book_valuer_per_share_4q_avg": 17.63,
            "equity": 1760617,
            "current_ratio": 259.3,
            "debt_ratio": 36.6,
            "inventory_turnover_ratio": null,
            "account_receivable_turnover_ratio": null,
            "reinvestment_rate": null,
            "research_to_sale_ratio": null,
            "price_fair": 0,
            "eps_avg_yearly": 0,
            "eps_latest_yearly": 0,
            "eps_growth_yearly": 0
        },
        "20104": {
            "year_quarter": 20104,
            "year": 2010,
            "quarter": 4,
            "eps": null,
            "eps_growth_year": null,
            "eps_4q": null,
            "eps_4q_growth_year": null,
            "roe": null,
            "roe_4q": 10.67,
            "gross_profit": 1228058,
            "gross_margin": null,
            "gross_margin_4q_avg": 8.46,
            "net_income": 330646,
            "net_income_4q": null,
            "revenue": 3652679,
            "revenue_4q": null,
            "common_shares": 966928,
            "book_valuer_per_share": 18.38,
            "book_valuer_per_share_4q_avg": 17.84,
            "equity": 1777814,
            "current_ratio": 318.37,
            "debt_ratio": 31.23,
            "inventory_turnover_ratio": null,
            "account_receivable_turnover_ratio": null,
            "reinvestment_rate": null,
            "research_to_sale_ratio": null,
            "price_fair": 0,
            "eps_avg_yearly": 0,
            "eps_latest_yearly": 0,
            "eps_growth_yearly": 0
        },
        "20111": {
            "year_quarter": 20111,
            "year": 2011,
            "quarter": 1,
            "eps": 0.28,
            "eps_growth_year": null,
            "eps_4q": 2.04,
            "eps_4q_growth_year": null,
            "roe": 1.52,
            "roe_4q": 12.19,
            "gross_profit": 212017,
            "gross_margin": 31.29,
            "gross_margin_4q_avg": 16.28,
            "net_income": 27348,
            "net_income_4q": null,
            "revenue": 677614,
            "revenue_4q": null,
            "common_shares": 971182,
            "book_valuer_per_share": 18.64,
            "book_valuer_per_share_4q_avg": 18.09,
            "equity": 1810494,
            "current_ratio": 385.77,
            "debt_ratio": 26.62,
            "inventory_turnover_ratio": 1.3,
            "account_receivable_turnover_ratio": 1.32,
            "reinvestment_rate": null,
            "research_to_sale_ratio": 19.06,
            "price_fair": 0,
            "eps_avg_yearly": 0,
            "eps_latest_yearly": 0,
            "eps_growth_yearly": 0
        },
        "20112": {
            "year_quarter": 20112,
            "year": 2011,
            "quarter": 2,
            "eps": 1.09,
            "eps_growth_year": -39.05,
            "eps_4q": 1.37,
            "eps_4q_growth_year": null,
            "roe": 6.15,
            "roe_4q": 7.67,
            "gross_profit": 361630,
            "gross_margin": 31.99,
            "gross_margin_4q_avg": 15.82,
            "net_income": 105696,
            "net_income_4q": null,
            "revenue": 1130443,
            "revenue_4q": null,
            "common_shares": 971289,
            "book_valuer_per_share": 16.73,
            "book_valuer_per_share_4q_avg": 18.02,
            "equity": 1624765,
            "current_ratio": 237.59,
            "debt_ratio": 41.3,
            "inventory_turnover_ratio": 1.97,
            "account_receivable_turnover_ratio": 1.57,
            "reinvestment_rate": null,
            "research_to_sale_ratio": 15.29,
            "price_fair": 152.6,
            "eps_avg_yearly": 4.36,
            "eps_latest_yearly": 4.36,
            "eps_growth_yearly": 1157.14
        },
        "20113": {
            "year_quarter": 20113,
            "year": 2011,
            "quarter": 3,
            "eps": 0.62,
            "eps_growth_year": null,
            "eps_4q": 1.98,
            "eps_4q_growth_year": null,
            "roe": 3.64,
            "roe_4q": 11.31,
            "gross_profit": 295355,
            "gross_margin": 32.07,
            "gross_margin_4q_avg": 23.84,
            "net_income": 60479,
            "net_income_4q": null,
            "revenue": 921006,
            "revenue_4q": null,
            "common_shares": 975739,
            "book_valuer_per_share": 17.37,
            "book_valuer_per_share_4q_avg": 17.78,
            "equity": 1694920,
            "current_ratio": 246.04,
            "debt_ratio": 36.34,
            "inventory_turnover_ratio": 1.55,
            "account_receivable_turnover_ratio": 1.12,
            "reinvestment_rate": null,
            "research_to_sale_ratio": 16.38,
            "price_fair": 119.7,
            "eps_avg_yearly": 3.42,
            "eps_latest_yearly": 2.48,
            "eps_growth_yearly": 492.33
        },
        "20114": {
            "year_quarter": 20114,
            "year": 2011,
            "quarter": 4,
            "eps": -0.25,
            "eps_growth_year": null,
            "eps_4q": 1.53,
            "eps_4q_growth_year": null,
            "roe": -1.48,
            "roe_4q": 9.83,
            "gross_profit": 185017,
            "gross_margin": 34.6,
            "gross_margin_4q_avg": 32.49,
            "net_income": -26660,
            "net_income_4q": null,
            "revenue": 534766,
            "revenue_4q": null,
            "common_shares": 1087566,
            "book_valuer_per_share": 17.64,
            "book_valuer_per_share_4q_avg": 17.6,
            "equity": 1918125,
            "current_ratio": 382.88,
            "debt_ratio": 23.59,
            "inventory_turnover_ratio": 0.96,
            "account_receivable_turnover_ratio": 0.88,
            "reinvestment_rate": null,
            "research_to_sale_ratio": 26.28,
            "price_fair": 119.7,
            "eps_avg_yearly": 3.42,
            "eps_latest_yearly": 2.48,
            "eps_growth_yearly": 492.33
        },
        "20121": {
            "year_quarter": 20121,
            "year": 2012,
            "quarter": 1,
            "eps": -0.36,
            "eps_growth_year": -228.57,
            "eps_4q": 0.92,
            "eps_4q_growth_year": -54.8,
            "roe": -2.06,
            "roe_4q": 6.25,
            "gross_profit": 163794,
            "gross_margin": 34.09,
            "gross_margin_4q_avg": 33.19,
            "net_income": -39076,
            "net_income_4q": null,
            "revenue": 480428,
            "revenue_4q": null,
            "common_shares": 1088158,
            "book_valuer_per_share": 17.27,
            "book_valuer_per_share_4q_avg": 17.25,
            "equity": 1878774,
            "current_ratio": 358.13,
            "debt_ratio": 24.45,
            "inventory_turnover_ratio": 0.97,
            "account_receivable_turnover_ratio": 1.03,
            "reinvestment_rate": null,
            "research_to_sale_ratio": 29.42,
            "price_fair": 119.7,
            "eps_avg_yearly": 3.42,
            "eps_latest_yearly": 2.48,
            "eps_growth_yearly": 492.33
        },
        "20122": {
            "year_quarter": 20122,
            "year": 2012,
            "quarter": 2,
            "eps": 0.87,
            "eps_growth_year": -19.78,
            "eps_4q": 0.82,
            "eps_4q_growth_year": -39.8,
            "roe": 5.15,
            "roe_4q": 5.25,
            "gross_profit": 312726,
            "gross_margin": 35.06,
            "gross_margin_4q_avg": 33.96,
            "net_income": 94989,
            "net_income_4q": null,
            "revenue": 891993,
            "revenue_4q": null,
            "common_shares": 1088158,
            "book_valuer_per_share": 16.64,
            "book_valuer_per_share_4q_avg": 17.23,
            "equity": 1810951,
            "current_ratio": 237.82,
            "debt_ratio": 36.99,
            "inventory_turnover_ratio": 1.49,
            "account_receivable_turnover_ratio": 1.45,
            "reinvestment_rate": null,
            "research_to_sale_ratio": 15.43,
            "price_fair": 119.7,
            "eps_avg_yearly": 3.42,
            "eps_latest_yearly": 2.48,
            "eps_growth_yearly": 492.33
        },
        "20123": {
            "year_quarter": 20123,
            "year": 2012,
            "quarter": 3,
            "eps": 0.78,
            "eps_growth_year": 26.48,
            "eps_4q": 1.05,
            "eps_4q_growth_year": -46.92,
            "roe": 4.61,
            "roe_4q": 6.220000000000001,
            "gross_profit": 343024,
            "gross_margin": 35.17,
            "gross_margin_4q_avg": 34.73,
            "net_income": 85305,
            "net_income_4q": null,
            "revenue": 975300,
            "revenue_4q": null,
            "common_shares": 1088158,
            "book_valuer_per_share": 17.4,
            "book_valuer_per_share_4q_avg": 17.24,
            "equity": 1893802,
            "current_ratio": 279.8,
            "debt_ratio": 31.6,
            "inventory_turnover_ratio": 1.41,
            "account_receivable_turnover_ratio": 1.26,
            "reinvestment_rate": null,
            "research_to_sale_ratio": 17.17,
            "price_fair": 116.2,
            "eps_avg_yearly": 3.32,
            "eps_latest_yearly": 3.12,
            "eps_growth_yearly": 314.43
        },
        "20124": {
            "year_quarter": 20124,
            "year": 2012,
            "quarter": 4,
            "eps": -0.74,
            "eps_growth_year": null,
            "eps_4q": 0.56,
            "eps_4q_growth_year": -63.41,
            "roe": -4.32,
            "roe_4q": 3.3800000000000003,
            "gross_profit": 124622,
            "gross_margin": 21.38,
            "gross_margin_4q_avg": 31.43,
            "net_income": -80127,
            "net_income_4q": null,
            "revenue": 582793,
            "revenue_4q": null,
            "common_shares": 1088158,
            "book_valuer_per_share": 16.67,
            "book_valuer_per_share_4q_avg": 17,
            "equity": 1813735,
            "current_ratio": 403.55,
            "debt_ratio": 22.98,
            "inventory_turnover_ratio": 1.13,
            "account_receivable_turnover_ratio": 0.97,
            "reinvestment_rate": null,
            "research_to_sale_ratio": 23.61,
            "price_fair": 116.2,
            "eps_avg_yearly": 3.32,
            "eps_latest_yearly": 3.12,
            "eps_growth_yearly": 314.43
        },
        "20131": {
            "year_quarter": 20131,
            "year": 2013,
            "quarter": 1,
            "eps": 0.34,
            "eps_growth_year": null,
            "eps_4q": 1.26,
            "eps_4q_growth_year": 36.42,
            "roe": 2.02,
            "roe_4q": 7.460000000000001,
            "gross_profit": 216170,
            "gross_margin": 36.84,
            "gross_margin_4q_avg": 32.11,
            "net_income": 36855,
            "net_income_4q": null,
            "revenue": 586858,
            "revenue_4q": null,
            "common_shares": 1088158,
            "book_valuer_per_share": 16.92,
            "book_valuer_per_share_4q_avg": 16.91,
            "equity": 1841679,
            "current_ratio": 392.98,
            "debt_ratio": 23.96,
            "inventory_turnover_ratio": 0.99,
            "account_receivable_turnover_ratio": 1.39,
            "reinvestment_rate": null,
            "research_to_sale_ratio": 20.54,
            "price_fair": 116.2,
            "eps_avg_yearly": 3.32,
            "eps_latest_yearly": 3.12,
            "eps_growth_yearly": 314.43
        },
        "20132": {
            "year_quarter": 20132,
            "year": 2013,
            "quarter": 2,
            "eps": 1.3,
            "eps_growth_year": 48.92,
            "eps_4q": 1.69,
            "eps_4q_growth_year": 105.04,
            "roe": 7.64,
            "roe_4q": 9.95,
            "gross_profit": 406549,
            "gross_margin": 38.04,
            "gross_margin_4q_avg": 32.86,
            "net_income": 141958,
            "net_income_4q": null,
            "revenue": 1068830,
            "revenue_4q": null,
            "common_shares": 1088158,
            "book_valuer_per_share": 17.25,
            "book_valuer_per_share_4q_avg": 17.06,
            "equity": 1876768,
            "current_ratio": 283.95,
            "debt_ratio": 32.9,
            "inventory_turnover_ratio": 1.76,
            "account_receivable_turnover_ratio": 1.79,
            "reinvestment_rate": null,
            "research_to_sale_ratio": 13.77,
            "price_fair": 132.65,
            "eps_avg_yearly": 3.79,
            "eps_latest_yearly": 5.2,
            "eps_growth_yearly": 518.17
        },
        "20133": {
            "year_quarter": 20133,
            "year": 2013,
            "quarter": 3,
            "eps": 1,
            "eps_growth_year": 27.56,
            "eps_4q": 1.9,
            "eps_4q_growth_year": 80.68,
            "roe": 5.62,
            "roe_4q": 10.959999999999999,
            "gross_profit": 367566,
            "gross_margin": 38.26,
            "gross_margin_4q_avg": 33.63,
            "net_income": 108293,
            "net_income_4q": null,
            "revenue": 960736,
            "revenue_4q": null,
            "common_shares": 1088158,
            "book_valuer_per_share": 18.19,
            "book_valuer_per_share_4q_avg": 17.26,
            "equity": 1979470,
            "current_ratio": 335.55,
            "debt_ratio": 25.11,
            "inventory_turnover_ratio": 1.67,
            "account_receivable_turnover_ratio": 1.35,
            "reinvestment_rate": null,
            "research_to_sale_ratio": 14.59,
            "price_fair": 134.12,
            "eps_avg_yearly": 3.83,
            "eps_latest_yearly": 4,
            "eps_growth_yearly": 396.08
        },
        "20134": {
            "year_quarter": 20134,
            "year": 2013,
            "quarter": 4,
            "eps": 0.17,
            "eps_growth_year": null,
            "eps_4q": 2.81,
            "eps_4q_growth_year": 399.96,
            "roe": 0.92,
            "roe_4q": 16.2,
            "gross_profit": 206562,
            "gross_margin": 36.97,
            "gross_margin_4q_avg": 37.53,
            "net_income": 18325,
            "net_income_4q": null,
            "revenue": 558779,
            "revenue_4q": null,
            "common_shares": 1088158,
            "book_valuer_per_share": 18.44,
            "book_valuer_per_share_4q_avg": 17.7,
            "equity": 2006817,
            "current_ratio": 417.38,
            "debt_ratio": 21.1,
            "inventory_turnover_ratio": 1.12,
            "account_receivable_turnover_ratio": 1.11,
            "reinvestment_rate": 25.79,
            "research_to_sale_ratio": 24.24,
            "price_fair": 115.73,
            "eps_avg_yearly": 3.31,
            "eps_latest_yearly": 0.68,
            "eps_growth_yearly": 274.73
        },
        "20141": {
            "year_quarter": 20141,
            "year": 2014,
            "quarter": 1,
            "eps": 0.22,
            "eps_growth_year": -35.29,
            "eps_4q": 2.68,
            "eps_4q_growth_year": 113.17,
            "roe": 1.17,
            "roe_4q": 15.35,
            "gross_profit": 180816,
            "gross_margin": 38.22,
            "gross_margin_4q_avg": 37.87,
            "net_income": 23514,
            "net_income_4q": null,
            "revenue": 473046,
            "revenue_4q": null,
            "common_shares": 1088158,
            "book_valuer_per_share": 18.64,
            "book_valuer_per_share_4q_avg": 18.13,
            "equity": 2028745,
            "current_ratio": 442.97,
            "debt_ratio": 20.02,
            "inventory_turnover_ratio": 0.92,
            "account_receivable_turnover_ratio": 1.29,
            "reinvestment_rate": 26.07,
            "research_to_sale_ratio": 21.81,
            "price_fair": 103.6,
            "eps_avg_yearly": 2.96,
            "eps_latest_yearly": 0.88,
            "eps_growth_yearly": 252.29
        },
        "20142": {
            "year_quarter": 20142,
            "year": 2014,
            "quarter": 2,
            "eps": 1.17,
            "eps_growth_year": -10,
            "eps_4q": 2.55,
            "eps_4q_growth_year": 50.99,
            "roe": 6.54,
            "roe_4q": 14.25,
            "gross_profit": 358719,
            "gross_margin": 38.51,
            "gross_margin_4q_avg": 37.99,
            "net_income": 127667,
            "net_income_4q": null,
            "revenue": 931384,
            "revenue_4q": null,
            "common_shares": 1088158,
            "book_valuer_per_share": 17.24,
            "book_valuer_per_share_4q_avg": 18.13,
            "equity": 1875899,
            "current_ratio": 215.68,
            "debt_ratio": 38.39,
            "inventory_turnover_ratio": 1.74,
            "account_receivable_turnover_ratio": 1.79,
            "reinvestment_rate": 17.86,
            "research_to_sale_ratio": 14.4,
            "price_fair": 111.13,
            "eps_avg_yearly": 3.18,
            "eps_latest_yearly": 4.68,
            "eps_growth_yearly": 436.66
        },
        "20143": {
            "year_quarter": 20143,
            "year": 2014,
            "quarter": 3,
            "eps": 0.89,
            "eps_growth_year": -11,
            "eps_4q": 2.45,
            "eps_4q_growth_year": 28.89,
            "roe": 5.04,
            "roe_4q": 13.67,
            "gross_profit": 302260,
            "gross_margin": 36.33,
            "gross_margin_4q_avg": 37.51,
            "net_income": 97262,
            "net_income_4q": null,
            "revenue": 832021,
            "revenue_4q": null,
            "common_shares": 1088158,
            "book_valuer_per_share": 18.24,
            "book_valuer_per_share_4q_avg": 18.14,
            "equity": 1984818,
            "current_ratio": 304.85,
            "debt_ratio": 26.81,
            "inventory_turnover_ratio": 1.59,
            "account_receivable_turnover_ratio": 1.34,
            "reinvestment_rate": 27.67,
            "research_to_sale_ratio": 15.26,
            "price_fair": 112.62,
            "eps_avg_yearly": 3.22,
            "eps_latest_yearly": 3.56,
            "eps_growth_yearly": 377.51
        },
        "20144": {
            "year_quarter": 20144,
            "year": 2014,
            "quarter": 4,
            "eps": 0.58,
            "eps_growth_year": 244.43,
            "eps_4q": 2.86,
            "eps_4q_growth_year": 2.01,
            "roe": 3.12,
            "roe_4q": 15.87,
            "gross_profit": 216512,
            "gross_margin": 35.44,
            "gross_margin_4q_avg": 37.13,
            "net_income": 63117,
            "net_income_4q": null,
            "revenue": 610894,
            "revenue_4q": null,
            "common_shares": 1088158,
            "book_valuer_per_share": 18.96,
            "book_valuer_per_share_4q_avg": 18.27,
            "equity": 2063572,
            "current_ratio": 411.13,
            "debt_ratio": 20.68,
            "inventory_turnover_ratio": 1.15,
            "account_receivable_turnover_ratio": 1.19,
            "reinvestment_rate": 64.18,
            "research_to_sale_ratio": 17.04,
            "price_fair": 109.48,
            "eps_avg_yearly": 3.13,
            "eps_latest_yearly": 2.32,
            "eps_growth_yearly": 325.83
        },
        "20151": {
            "year_quarter": 20151,
            "year": 2015,
            "quarter": 1,
            "eps": 0.42,
            "eps_growth_year": 90.91,
            "eps_4q": 3.07,
            "eps_4q_growth_year": 14.26,
            "roe": 2.19,
            "roe_4q": 16.89,
            "gross_profit": 206866,
            "gross_margin": 36.79,
            "gross_margin_4q_avg": 36.77,
            "net_income": 45684,
            "net_income_4q": null,
            "revenue": 562318,
            "revenue_4q": null,
            "common_shares": 1088158,
            "book_valuer_per_share": 19.34,
            "book_valuer_per_share_4q_avg": 18.45,
            "equity": 2104442,
            "current_ratio": 411.73,
            "debt_ratio": 20.3,
            "inventory_turnover_ratio": 1,
            "account_receivable_turnover_ratio": 1.26,
            "reinvestment_rate": 61.27,
            "research_to_sale_ratio": 17.75,
            "price_fair": 104.87,
            "eps_avg_yearly": 3,
            "eps_latest_yearly": 1.68,
            "eps_growth_yearly": 286.17
        },
        "20152": {
            "year_quarter": 20152,
            "year": 2015,
            "quarter": 2,
            "eps": 1.2,
            "eps_growth_year": 2.56,
            "eps_4q": 3.1,
            "eps_4q_growth_year": 21.27,
            "roe": 6.5,
            "roe_4q": 16.849999999999998,
            "gross_profit": 351157,
            "gross_margin": 37.14,
            "gross_margin_4q_avg": 36.43,
            "net_income": 130832,
            "net_income_4q": null,
            "revenue": 945451,
            "revenue_4q": null,
            "common_shares": 1088158,
            "book_valuer_per_share": 17.68,
            "book_valuer_per_share_4q_avg": 18.56,
            "equity": 1923832,
            "current_ratio": 206.23,
            "debt_ratio": 39.14,
            "inventory_turnover_ratio": 1.56,
            "account_receivable_turnover_ratio": 1.6,
            "reinvestment_rate": 58.4,
            "research_to_sale_ratio": 13.38,
            "price_fair": 106.27,
            "eps_avg_yearly": 3.04,
            "eps_latest_yearly": 4.8,
            "eps_growth_yearly": 248.51
        },
        "20153": {
            "year_quarter": 20153,
            "year": 2015,
            "quarter": 3,
            "eps": 1.24,
            "eps_growth_year": 39.33,
            "eps_4q": 3.45,
            "eps_4q_growth_year": 40.52,
            "roe": 6.76,
            "roe_4q": 18.57,
            "gross_profit": 337293,
            "gross_margin": 38.13,
            "gross_margin_4q_avg": 36.88,
            "net_income": 135241,
            "net_income_4q": null,
            "revenue": 884576,
            "revenue_4q": null,
            "common_shares": 1088158,
            "book_valuer_per_share": 19.11,
            "book_valuer_per_share_4q_avg": 18.77,
            "equity": 2079328,
            "current_ratio": 289.66,
            "debt_ratio": 29.03,
            "inventory_turnover_ratio": 1.52,
            "account_receivable_turnover_ratio": 1.2,
            "reinvestment_rate": 25.54,
            "research_to_sale_ratio": 14.47,
            "price_fair": 114.16,
            "eps_avg_yearly": 3.26,
            "eps_latest_yearly": 4.96,
            "eps_growth_yearly": 265.4
        },
        "20154": {
            "year_quarter": 20154,
            "year": 2015,
            "quarter": 4,
            "eps": 0.7,
            "eps_growth_year": 21.05,
            "eps_4q": 3.57,
            "eps_4q_growth_year": 24.59,
            "roe": 3.62,
            "roe_4q": 19.07,
            "gross_profit": 262594,
            "gross_margin": 38.11,
            "gross_margin_4q_avg": 37.54,
            "net_income": 76401,
            "net_income_4q": null,
            "revenue": 689031,
            "revenue_4q": null,
            "common_shares": 1088158,
            "book_valuer_per_share": 19.65,
            "book_valuer_per_share_4q_avg": 18.95,
            "equity": 2137867,
            "current_ratio": 321.18,
            "debt_ratio": 26.23,
            "inventory_turnover_ratio": 1.19,
            "account_receivable_turnover_ratio": 1.08,
            "reinvestment_rate": 17.97,
            "research_to_sale_ratio": 16.23,
            "price_fair": 112.82,
            "eps_avg_yearly": 3.22,
            "eps_latest_yearly": 2.8,
            "eps_growth_yearly": 228.77
        },
        "20161": {
            "year_quarter": 20161,
            "year": 2016,
            "quarter": 1,
            "eps": 0.7,
            "eps_growth_year": 66.67,
            "eps_4q": 3.84,
            "eps_4q_growth_year": 25.33,
            "roe": 3.49,
            "roe_4q": 20.37,
            "gross_profit": 260506,
            "gross_margin": 38.07,
            "gross_margin_4q_avg": 37.86,
            "net_income": 75802,
            "net_income_4q": null,
            "revenue": 684290,
            "revenue_4q": null,
            "common_shares": 1088158,
            "book_valuer_per_share": 20.32,
            "book_valuer_per_share_4q_avg": 19.19,
            "equity": 2211472,
            "current_ratio": 417.84,
            "debt_ratio": 20.84,
            "inventory_turnover_ratio": 1.11,
            "account_receivable_turnover_ratio": 1.3,
            "reinvestment_rate": 13.13,
            "research_to_sale_ratio": 16.33,
            "price_fair": 111.68,
            "eps_avg_yearly": 3.19,
            "eps_latest_yearly": 2.8,
            "eps_growth_yearly": 211.17
        },
        "20162": {
            "year_quarter": 20162,
            "year": 2016,
            "quarter": 2,
            "eps": 1.56,
            "eps_growth_year": 30,
            "eps_4q": 4.2,
            "eps_4q_growth_year": 35.67,
            "roe": 8.02,
            "roe_4q": 21.89,
            "gross_profit": 414717,
            "gross_margin": 38.65,
            "gross_margin_4q_avg": 38.24,
            "net_income": 169626,
            "net_income_4q": null,
            "revenue": 1073113,
            "revenue_4q": null,
            "common_shares": 1088158,
            "book_valuer_per_share": 18.57,
            "book_valuer_per_share_4q_avg": 19.41,
            "equity": 2020402,
            "current_ratio": 214.86,
            "debt_ratio": 39.48,
            "inventory_turnover_ratio": 1.64,
            "account_receivable_turnover_ratio": 1.61,
            "reinvestment_rate": 10.45,
            "research_to_sale_ratio": 13.62,
            "price_fair": 119.3,
            "eps_avg_yearly": 3.41,
            "eps_latest_yearly": 6.24,
            "eps_growth_yearly": 231.19
        },
        "20163": {
            "year_quarter": 20163,
            "year": 2016,
            "quarter": 3,
            "eps": 0.93,
            "eps_growth_year": -25,
            "eps_4q": 3.89,
            "eps_4q_growth_year": 12.81,
            "roe": 4.9,
            "roe_4q": 20.03,
            "gross_profit": 300631,
            "gross_margin": 35.92,
            "gross_margin_4q_avg": 37.69,
            "net_income": 101065,
            "net_income_4q": null,
            "revenue": 836930,
            "revenue_4q": null,
            "common_shares": 1088158,
            "book_valuer_per_share": 19.35,
            "book_valuer_per_share_4q_avg": 19.47,
            "equity": 2105740,
            "current_ratio": 314.35,
            "debt_ratio": 26.58,
            "inventory_turnover_ratio": 1.38,
            "account_receivable_turnover_ratio": 1.11,
            "reinvestment_rate": 8.73,
            "research_to_sale_ratio": 14.8,
            "price_fair": 120.8,
            "eps_avg_yearly": 3.45,
            "eps_latest_yearly": 3.72,
            "eps_growth_yearly": 222.61
        },
        "20164": {
            "year_quarter": 20164,
            "year": 2016,
            "quarter": 4,
            "eps": 0.62,
            "eps_growth_year": -12.33,
            "eps_4q": 3.8,
            "eps_4q_growth_year": 6.52,
            "roe": 3.14,
            "roe_4q": 19.550000000000004,
            "gross_profit": 246332,
            "gross_margin": 36.53,
            "gross_margin_4q_avg": 37.29,
            "net_income": 66980,
            "net_income_4q": null,
            "revenue": 674331,
            "revenue_4q": null,
            "common_shares": 1088158,
            "book_valuer_per_share": 19.89,
            "book_valuer_per_share_4q_avg": 19.53,
            "equity": 2164164,
            "current_ratio": 324.83,
            "debt_ratio": 26.1,
            "inventory_turnover_ratio": 1.19,
            "account_receivable_turnover_ratio": 1.12,
            "reinvestment_rate": 8.42,
            "research_to_sale_ratio": 15.27,
            "price_fair": 118.53,
            "eps_avg_yearly": 3.39,
            "eps_latest_yearly": 2.48,
            "eps_growth_yearly": 198.88
        },
        "20171": {
            "year_quarter": 20171,
            "year": 2017,
            "quarter": 1,
            "eps": 0.47,
            "eps_growth_year": -32.86,
            "eps_4q": 3.57,
            "eps_4q_growth_year": -7,
            "roe": 2.36,
            "roe_4q": 18.42,
            "gross_profit": 223267,
            "gross_margin": 34.68,
            "gross_margin_4q_avg": 36.45,
            "net_income": 51327,
            "net_income_4q": null,
            "revenue": 643796,
            "revenue_4q": null,
            "common_shares": 1088158,
            "book_valuer_per_share": 20.16,
            "book_valuer_per_share_4q_avg": 19.49,
            "equity": 2194199,
            "current_ratio": 409.78,
            "debt_ratio": 21.7,
            "inventory_turnover_ratio": 1.03,
            "account_receivable_turnover_ratio": 1.25,
            "reinvestment_rate": 13.57,
            "research_to_sale_ratio": 16.43,
            "price_fair": 115.24,
            "eps_avg_yearly": 3.29,
            "eps_latest_yearly": 1.88,
            "eps_growth_yearly": 180.4
        },
        "20172": {
            "year_quarter": 20172,
            "year": 2017,
            "quarter": 2,
            "eps": 1.23,
            "eps_growth_year": -21.15,
            "eps_4q": 3.24,
            "eps_4q_growth_year": -22.83,
            "roe": 6.43,
            "roe_4q": 16.83,
            "gross_profit": 345321,
            "gross_margin": 35.6,
            "gross_margin_4q_avg": 35.68,
            "net_income": 133331,
            "net_income_4q": null,
            "revenue": 969937,
            "revenue_4q": null,
            "common_shares": 1088158,
            "book_valuer_per_share": 17.97,
            "book_valuer_per_share_4q_avg": 19.34,
            "equity": 1955005,
            "current_ratio": 199.62,
            "debt_ratio": 43.03,
            "inventory_turnover_ratio": 1.32,
            "account_receivable_turnover_ratio": 1.49,
            "reinvestment_rate": 13.79,
            "research_to_sale_ratio": 13.46,
            "price_fair": 114.63,
            "eps_avg_yearly": 3.28,
            "eps_latest_yearly": 4.92,
            "eps_growth_yearly": 150.24
        },
        "20173": {
            "year_quarter": 20173,
            "year": 2017,
            "quarter": 3,
            "eps": 0.88,
            "eps_growth_year": -5.38,
            "eps_4q": 3.19,
            "eps_4q_growth_year": -17.84,
            "roe": 4.77,
            "roe_4q": 16.7,
            "gross_profit": 292521,
            "gross_margin": 34.97,
            "gross_margin_4q_avg": 35.45,
            "net_income": 95791,
            "net_income_4q": null,
            "revenue": 836579,
            "revenue_4q": null,
            "common_shares": 1088158,
            "book_valuer_per_share": 18.91,
            "book_valuer_per_share_4q_avg": 19.23,
            "equity": 2057294,
            "current_ratio": 291.02,
            "debt_ratio": 30.11,
            "inventory_turnover_ratio": 1.15,
            "account_receivable_turnover_ratio": 1.11,
            "reinvestment_rate": 14.43,
            "research_to_sale_ratio": 14.88,
            "price_fair": 113.58,
            "eps_avg_yearly": 3.25,
            "eps_latest_yearly": 3.52,
            "eps_growth_yearly": 148.89
        },
        "20174": {
            "year_quarter": 20174,
            "year": 2017,
            "quarter": 4,
            "eps": 0.72,
            "eps_growth_year": 17.64,
            "eps_4q": 3.3,
            "eps_4q_growth_year": -13.12,
            "roe": 3.76,
            "roe_4q": 17.32,
            "gross_profit": 253245,
            "gross_margin": 36.1,
            "gross_margin_4q_avg": 35.34,
            "net_income": 78796,
            "net_income_4q": null,
            "revenue": 701588,
            "revenue_4q": null,
            "common_shares": 1088158,
            "book_valuer_per_share": 19.66,
            "book_valuer_per_share_4q_avg": 19.18,
            "equity": 2139027,
            "current_ratio": 332.57,
            "debt_ratio": 26.85,
            "inventory_turnover_ratio": 1,
            "account_receivable_turnover_ratio": 1.09,
            "reinvestment_rate": 14.19,
            "research_to_sale_ratio": 16.16,
            "price_fair": 118.39,
            "eps_avg_yearly": 3.38,
            "eps_latest_yearly": 2.88,
            "eps_growth_yearly": 165.1
        },
        "20181": {
            "year_quarter": 20181,
            "year": 2018,
            "quarter": 1,
            "eps": 0.46,
            "eps_growth_year": -2.13,
            "eps_4q": 3.29,
            "eps_4q_growth_year": -8.06,
            "roe": 2.29,
            "roe_4q": 17.25,
            "gross_profit": 210806,
            "gross_margin": 34.52,
            "gross_margin_4q_avg": 35.3,
            "net_income": 49725,
            "net_income_4q": null,
            "revenue": 610621,
            "revenue_4q": null,
            "common_shares": 1088158,
            "book_valuer_per_share": 20.19,
            "book_valuer_per_share_4q_avg": 19.18,
            "equity": 2197101,
            "current_ratio": 354.13,
            "debt_ratio": 25.07,
            "inventory_turnover_ratio": 0.84,
            "account_receivable_turnover_ratio": 1.13,
            "reinvestment_rate": 16.15,
            "research_to_sale_ratio": 18.42,
            "price_fair": 120.49,
            "eps_avg_yearly": 3.44,
            "eps_latest_yearly": 1.84,
            "eps_growth_yearly": 148.72
        },
        "20182": {
            "year_quarter": 20182,
            "year": 2018,
            "quarter": 2,
            "eps": 0.93,
            "eps_growth_year": -24.39,
            "eps_4q": 3,
            "eps_4q_growth_year": -7.56,
            "roe": 4.89,
            "roe_4q": 15.709999999999999,
            "gross_profit": 291394,
            "gross_margin": 34.41,
            "gross_margin_4q_avg": 35,
            "net_income": 101740,
            "net_income_4q": null,
            "revenue": 846806,
            "revenue_4q": null,
            "common_shares": 1088158,
            "book_valuer_per_share": 18.08,
            "book_valuer_per_share_4q_avg": 19.21,
            "equity": 1966977,
            "current_ratio": 230.16,
            "debt_ratio": 37.59,
            "inventory_turnover_ratio": 1.07,
            "account_receivable_turnover_ratio": 1.34,
            "reinvestment_rate": 14.92,
            "research_to_sale_ratio": 14.42,
            "price_fair": 118.39,
            "eps_avg_yearly": 3.38,
            "eps_latest_yearly": 3.72,
            "eps_growth_yearly": 66.31
        },
        "20183": {
            "year_quarter": 20183,
            "year": 2018,
            "quarter": 3,
            "eps": 0.74,
            "eps_growth_year": -15.91,
            "eps_4q": 2.85,
            "eps_4q_growth_year": -10.62,
            "roe": 4.02,
            "roe_4q": 14.959999999999999,
            "gross_profit": 267127,
            "gross_margin": 34.8,
            "gross_margin_4q_avg": 34.96,
            "net_income": 80282,
            "net_income_4q": null,
            "revenue": 767503,
            "revenue_4q": null,
            "common_shares": 1088158,
            "book_valuer_per_share": 18.66,
            "book_valuer_per_share_4q_avg": 19.15,
            "equity": 2030919,
            "current_ratio": 331.75,
            "debt_ratio": 26.38,
            "inventory_turnover_ratio": 1.04,
            "account_receivable_turnover_ratio": 1.08,
            "reinvestment_rate": 15.18,
            "research_to_sale_ratio": 15.52,
            "price_fair": 117.08,
            "eps_avg_yearly": 3.35,
            "eps_latest_yearly": 2.96,
            "eps_growth_yearly": 67.18
        },
        "20184": {
            "year_quarter": 20184,
            "year": 2018,
            "quarter": 4,
            "eps": 0.48,
            "eps_growth_year": -33.25,
            "eps_4q": 2.61,
            "eps_4q_growth_year": -20.85,
            "roe": 2.56,
            "roe_4q": 13.759999999999998,
            "gross_profit": 214118,
            "gross_margin": 34.55,
            "gross_margin_4q_avg": 34.57,
            "net_income": 52598,
            "net_income_4q": null,
            "revenue": 619814,
            "revenue_4q": null,
            "common_shares": 1088158,
            "book_valuer_per_share": 19.15,
            "book_valuer_per_share_4q_avg": 19.02,
            "equity": 2084134,
            "current_ratio": 339.45,
            "debt_ratio": 25.91,
            "inventory_turnover_ratio": 0.94,
            "account_receivable_turnover_ratio": 1.04,
            "reinvestment_rate": -9.19,
            "research_to_sale_ratio": 18.17,
            "price_fair": 116.2,
            "eps_avg_yearly": 3.32,
            "eps_latest_yearly": 1.92,
            "eps_growth_yearly": 67.11
        },
        "20191": {
            "year_quarter": 20191,
            "year": 2019,
            "quarter": 1,
            "eps": 0.3,
            "eps_growth_year": -34.78,
            "eps_4q": 2.45,
            "eps_4q_growth_year": -25.36,
            "roe": 1.53,
            "roe_4q": 13,
            "gross_profit": 184656,
            "gross_margin": 34.9,
            "gross_margin_4q_avg": 34.67,
            "net_income": 32319,
            "net_income_4q": null,
            "revenue": 529098,
            "revenue_4q": null,
            "common_shares": 1088158,
            "book_valuer_per_share": 19.56,
            "book_valuer_per_share_4q_avg": 18.86,
            "equity": 2127958,
            "current_ratio": 417.64,
            "debt_ratio": 22.6,
            "inventory_turnover_ratio": 0.82,
            "account_receivable_turnover_ratio": 1.09,
            "reinvestment_rate": -8.04,
            "research_to_sale_ratio": 19.82,
            "price_fair": 115.15,
            "eps_avg_yearly": 3.29,
            "eps_latest_yearly": 1.2,
            "eps_growth_yearly": 64.63
        },
        "20192": {
            "year_quarter": 20192,
            "year": 2019,
            "quarter": 2,
            "eps": 0.9,
            "eps_growth_year": -3.23,
            "eps_4q": 2.42,
            "eps_4q_growth_year": -19.26,
            "roe": 4.81,
            "roe_4q": 12.92,
            "gross_profit": 283195,
            "gross_margin": 35.12,
            "gross_margin_4q_avg": 34.84,
            "net_income": 98050,
            "net_income_4q": null,
            "revenue": 806367,
            "revenue_4q": null,
            "common_shares": 1088158,
            "book_valuer_per_share": 17.9,
            "book_valuer_per_share_4q_avg": 18.82,
            "equity": 1947682,
            "current_ratio": 239.97,
            "debt_ratio": 36.11,
            "inventory_turnover_ratio": 1.3,
            "account_receivable_turnover_ratio": 1.43,
            "reinvestment_rate": -8.1,
            "research_to_sale_ratio": 15.46,
            "price_fair": 112.53,
            "eps_avg_yearly": 3.22,
            "eps_latest_yearly": 3.6,
            "eps_growth_yearly": 68.2
        },
        "20193": {
            "year_quarter": 20193,
            "year": 2019,
            "quarter": 3,
            "eps": 0.61,
            "eps_growth_year": -17.57,
            "eps_4q": 2.29,
            "eps_4q_growth_year": -19.66,
            "roe": 3.37,
            "roe_4q": 12.27,
            "gross_profit": 237562,
            "gross_margin": 33.33,
            "gross_margin_4q_avg": 34.48,
            "net_income": 66532,
            "net_income_4q": null,
            "revenue": 712860,
            "revenue_4q": null,
            "common_shares": 1088158,
            "book_valuer_per_share": 18.34,
            "book_valuer_per_share_4q_avg": 18.74,
            "equity": 1995641,
            "current_ratio": 341.16,
            "debt_ratio": 26.38,
            "inventory_turnover_ratio": 1.31,
            "account_receivable_turnover_ratio": 1.14,
            "reinvestment_rate": -10.26,
            "research_to_sale_ratio": 16.39,
            "price_fair": 107.01,
            "eps_avg_yearly": 3.06,
            "eps_latest_yearly": 2.44,
            "eps_growth_yearly": 59.31
        },
        "20194": {
            "year_quarter": 20194,
            "year": 2019,
            "quarter": 4,
            "eps": 0.25,
            "eps_growth_year": -49.27,
            "eps_4q": 2.05,
            "eps_4q_growth_year": -21.37,
            "roe": 1.33,
            "roe_4q": 11.04,
            "gross_profit": 178189,
            "gross_margin": 30.4,
            "gross_margin_4q_avg": 33.44,
            "net_income": 26683,
            "net_income_4q": null,
            "revenue": 586096,
            "revenue_4q": null,
            "common_shares": 1088158,
            "book_valuer_per_share": 18.54,
            "book_valuer_per_share_4q_avg": 18.59,
            "equity": 2017263,
            "current_ratio": 358.94,
            "debt_ratio": 25.64,
            "inventory_turnover_ratio": 1.15,
            "account_receivable_turnover_ratio": 1.11,
            "reinvestment_rate": -11.37,
            "research_to_sale_ratio": 17.11,
            "price_fair": 103.08,
            "eps_avg_yearly": 2.95,
            "eps_latest_yearly": 1,
            "eps_growth_yearly": 55.44
        },
        "20201": {
            "year_quarter": 20201,
            "year": 2020,
            "quarter": 1,
            "eps": 0.18,
            "eps_growth_year": -40,
            "eps_4q": 1.93,
            "eps_4q_growth_year": -21.14,
            "roe": 0.95,
            "roe_4q": 10.46,
            "gross_profit": 164963,
            "gross_margin": 34.96,
            "gross_margin_4q_avg": 33.45,
            "net_income": 19254,
            "net_income_4q": null,
            "revenue": 471874,
            "revenue_4q": null,
            "common_shares": 1088158,
            "book_valuer_per_share": 18.67,
            "book_valuer_per_share_4q_avg": 18.36,
            "equity": 2031065,
            "current_ratio": 403.81,
            "debt_ratio": 23.24,
            "inventory_turnover_ratio": 0.72,
            "account_receivable_turnover_ratio": 1.05,
            "reinvestment_rate": -10.36,
            "research_to_sale_ratio": 20.94,
            "price_fair": 98.53,
            "eps_avg_yearly": 2.82,
            "eps_latest_yearly": 0.72,
            "eps_growth_yearly": 48.44
        },
        "20202": {
            "year_quarter": 20202,
            "year": 2020,
            "quarter": 2,
            "eps": 0.74,
            "eps_growth_year": -17.78,
            "eps_4q": 1.77,
            "eps_4q_growth_year": -26.89,
            "roe": 4.06,
            "roe_4q": 9.71,
            "gross_profit": 251711,
            "gross_margin": 33.84,
            "gross_margin_4q_avg": 33.13,
            "net_income": 79999,
            "net_income_4q": null,
            "revenue": 743934,
            "revenue_4q": null,
            "common_shares": 1088158,
            "book_valuer_per_share": 17.53,
            "book_valuer_per_share_4q_avg": 18.27,
            "equity": 1908042,
            "current_ratio": 255.41,
            "debt_ratio": 33.78,
            "inventory_turnover_ratio": 1.02,
            "account_receivable_turnover_ratio": 1.45,
            "reinvestment_rate": -10.58,
            "research_to_sale_ratio": 15.46,
            "price_fair": 91.35,
            "eps_avg_yearly": 2.61,
            "eps_latest_yearly": 2.96,
            "eps_growth_yearly": 95.51
        },
        "20203": {
            "year_quarter": 20203,
            "year": 2020,
            "quarter": 3,
            "eps": 0.91,
            "eps_growth_year": 49.18,
            "eps_4q": 2.07,
            "eps_4q_growth_year": -9.85,
            "roe": 5.05,
            "roe_4q": 11.389999999999999,
            "gross_profit": 288661,
            "gross_margin": 33.77,
            "gross_margin_4q_avg": 33.24,
            "net_income": 98990,
            "net_income_4q": null,
            "revenue": 854870,
            "revenue_4q": null,
            "common_shares": 1088158,
            "book_valuer_per_share": 18.52,
            "book_valuer_per_share_4q_avg": 18.32,
            "equity": 2015612,
            "current_ratio": 320.71,
            "debt_ratio": 27.4,
            "inventory_turnover_ratio": 1.28,
            "account_receivable_turnover_ratio": 1.34,
            "reinvestment_rate": -9.11,
            "research_to_sale_ratio": 14.33,
            "price_fair": 91.18,
            "eps_avg_yearly": 2.61,
            "eps_latest_yearly": 3.64,
            "eps_growth_yearly": 111.35
        },
        "20204": {
            "year_quarter": 20204,
            "year": 2020,
            "quarter": 4,
            "eps": 0.77,
            "eps_growth_year": 214.03,
            "eps_4q": 2.59,
            "eps_4q_growth_year": 26.14,
            "roe": 4.06,
            "roe_4q": 14.119999999999997,
            "gross_profit": 284099,
            "gross_margin": 34.27,
            "gross_margin_4q_avg": 34.21,
            "net_income": 83794,
            "net_income_4q": null,
            "revenue": 828999,
            "revenue_4q": null,
            "common_shares": 1088158,
            "book_valuer_per_share": 19.38,
            "book_valuer_per_share_4q_avg": 18.53,
            "equity": 2109313,
            "current_ratio": 336.02,
            "debt_ratio": 26.52,
            "inventory_turnover_ratio": 1.4,
            "account_receivable_turnover_ratio": 1.29,
            "reinvestment_rate": -9.28,
            "research_to_sale_ratio": 14.18,
            "price_fair": 92.49,
            "eps_avg_yearly": 2.64,
            "eps_latest_yearly": 3.08,
            "eps_growth_yearly": 115.83
        },
        "20211": {
            "year_quarter": 20211,
            "year": 2021,
            "quarter": 1,
            "eps": 0.89,
            "eps_growth_year": 394.44,
            "eps_4q": 3.3,
            "eps_4q_growth_year": 70.8,
            "roe": 4.49,
            "roe_4q": 17.66,
            "gross_profit": 285948,
            "gross_margin": 39.44,
            "gross_margin_4q_avg": 35.33,
            "net_income": 96790,
            "net_income_4q": null,
            "revenue": 724948,
            "revenue_4q": null,
            "common_shares": 1088158,
            "book_valuer_per_share": 20.24,
            "book_valuer_per_share_4q_avg": 18.92,
            "equity": 2202347,
            "current_ratio": 350.5,
            "debt_ratio": 26.08,
            "inventory_turnover_ratio": 1.11,
            "account_receivable_turnover_ratio": 1.28,
            "reinvestment_rate": -7.79,
            "research_to_sale_ratio": 16.51,
            "price_fair": 96.16,
            "eps_avg_yearly": 2.75,
            "eps_latest_yearly": 3.56,
            "eps_growth_yearly": 125.78
        },
        "20212": {
            "year_quarter": 20212,
            "year": 2021,
            "quarter": 2,
            "eps": 1.61,
            "eps_growth_year": 117.57,
            "eps_4q": 4.18,
            "eps_4q_growth_year": 136.37,
            "roe": 7.66,
            "roe_4q": 21.26,
            "gross_profit": 417642,
            "gross_margin": 44.06,
            "gross_margin_4q_avg": 37.89,
            "net_income": 175368,
            "net_income_4q": null,
            "revenue": 947846,
            "revenue_4q": null,
            "common_shares": 1088158,
            "book_valuer_per_share": 21.81,
            "book_valuer_per_share_4q_avg": 19.99,
            "equity": 2373591,
            "current_ratio": 314.51,
            "debt_ratio": 29.54,
            "inventory_turnover_ratio": 1.17,
            "account_receivable_turnover_ratio": 1.58,
            "reinvestment_rate": -7.04,
            "research_to_sale_ratio": 15.07,
            "price_fair": 99.49,
            "eps_avg_yearly": 2.84,
            "eps_latest_yearly": 6.44,
            "eps_growth_yearly": 105.58
        },
        "20213": {
            "year_quarter": 20213,
            "year": 2021,
            "quarter": 3,
            "eps": 2.03,
            "eps_growth_year": 123.08,
            "eps_4q": 5.3,
            "eps_4q_growth_year": 156.38,
            "roe": 9.38,
            "roe_4q": 25.59,
            "gross_profit": 491564,
            "gross_margin": 48.64,
            "gross_margin_4q_avg": 41.6,
            "net_income": 220720,
            "net_income_4q": null,
            "revenue": 1010612,
            "revenue_4q": null,
            "common_shares": 1088158,
            "book_valuer_per_share": 21.44,
            "book_valuer_per_share_4q_avg": 20.72,
            "equity": 2332668,
            "current_ratio": 310.9,
            "debt_ratio": 29.86,
            "inventory_turnover_ratio": 0.96,
            "account_receivable_turnover_ratio": 1.46,
            "reinvestment_rate": -6.99,
            "research_to_sale_ratio": 16.03,
            "price_fair": 109.55,
            "eps_avg_yearly": 3.13,
            "eps_latest_yearly": 8.12,
            "eps_growth_yearly": 119.21
        },
        "20214": {
            "year_quarter": 20214,
            "year": 2021,
            "quarter": 4,
            "eps": 1.52,
            "eps_growth_year": 97.91,
            "eps_4q": 6.05,
            "eps_4q_growth_year": 133.56,
            "roe": 6.86,
            "roe_4q": 28.39,
            "gross_profit": 432079,
            "gross_margin": 48.14,
            "gross_margin_4q_avg": 45.07,
            "net_income": 165835,
            "net_income_4q": null,
            "revenue": 897502,
            "revenue_4q": null,
            "common_shares": 1088158,
            "book_valuer_per_share": 22.99,
            "book_valuer_per_share_4q_avg": 21.62,
            "equity": 2501266,
            "current_ratio": 276.44,
            "debt_ratio": 32.75,
            "inventory_turnover_ratio": 0.71,
            "account_receivable_turnover_ratio": 1.41,
            "reinvestment_rate": -5.47,
            "research_to_sale_ratio": 17.19,
            "price_fair": 116.55,
            "eps_avg_yearly": 3.33,
            "eps_latest_yearly": 6.08,
            "eps_growth_yearly": 117.48
        },
        "20221": {
            "year_quarter": 20221,
            "year": 2022,
            "quarter": 1,
            "eps": 2.03,
            "eps_growth_year": 128.09,
            "eps_4q": 7.19,
            "eps_4q_growth_year": 117.73,
            "roe": 8.43,
            "roe_4q": 32.33,
            "gross_profit": 473847,
            "gross_margin": 48.79,
            "gross_margin_4q_avg": 47.41,
            "net_income": 220963,
            "net_income_4q": null,
            "revenue": 971127,
            "revenue_4q": null,
            "common_shares": 1088158,
            "book_valuer_per_share": 25.19,
            "book_valuer_per_share_4q_avg": 22.86,
            "equity": 2741390,
            "current_ratio": 347.21,
            "debt_ratio": 27.08,
            "inventory_turnover_ratio": 0.68,
            "account_receivable_turnover_ratio": 1.54,
            "reinvestment_rate": -6.18,
            "research_to_sale_ratio": 16.64,
            "price_fair": 130.29,
            "eps_avg_yearly": 3.72,
            "eps_latest_yearly": 8.12,
            "eps_growth_yearly": 134.89
        },
        "20222": {
            "year_quarter": 20222,
            "year": 2022,
            "quarter": 2,
            "eps": 2,
            "eps_growth_year": 24.22,
            "eps_4q": 7.58,
            "eps_4q_growth_year": 81.38,
            "roe": 8.53,
            "roe_4q": 33.2,
            "gross_profit": 473942,
            "gross_margin": 46.51,
            "gross_margin_4q_avg": 48.02,
            "net_income": 217670,
            "net_income_4q": null,
            "revenue": 1019027,
            "revenue_4q": null,
            "common_shares": 1088158,
            "book_valuer_per_share": 21.73,
            "book_valuer_per_share_4q_avg": 22.84,
            "equity": 2364069,
            "current_ratio": 211.16,
            "debt_ratio": 41.95,
            "inventory_turnover_ratio": 0.71,
            "account_receivable_turnover_ratio": 1.46,
            "reinvestment_rate": -5.51,
            "research_to_sale_ratio": 15.94,
            "price_fair": 139.65,
            "eps_avg_yearly": 3.99,
            "eps_latest_yearly": 8,
            "eps_growth_yearly": 108.98
        },
        "20223": {
            "year_quarter": 20223,
            "year": 2022,
            "quarter": 3,
            "eps": 1.07,
            "eps_growth_year": -47.29,
            "eps_4q": 6.63,
            "eps_4q_growth_year": 25.02,
            "roe": 4.8,
            "roe_4q": 28.619999999999997,
            "gross_profit": 307382,
            "gross_margin": 44.56,
            "gross_margin_4q_avg": 47,
            "net_income": 116486,
            "net_income_4q": null,
            "revenue": 689852,
            "revenue_4q": null,
            "common_shares": 1088158,
            "book_valuer_per_share": 22.84,
            "book_valuer_per_share_4q_avg": 23.19,
            "equity": 2485502,
            "current_ratio": 336.65,
            "debt_ratio": 27.75,
            "inventory_turnover_ratio": 0.44,
            "account_receivable_turnover_ratio": 1.04,
            "reinvestment_rate": -4.02,
            "research_to_sale_ratio": 19.92,
            "price_fair": 142.54,
            "eps_avg_yearly": 4.07,
            "eps_latest_yearly": 4.28,
            "eps_growth_yearly": 102.46
        },
        "20224": {
            "year_quarter": 20224,
            "year": 2022,
            "quarter": 4,
            "eps": 0.22,
            "eps_growth_year": -85.37,
            "eps_4q": 5.32,
            "eps_4q_growth_year": -12.04,
            "roe": 0.97,
            "roe_4q": 22.729999999999997,
            "gross_profit": 189746,
            "gross_margin": 38.77,
            "gross_margin_4q_avg": 44.66,
            "net_income": 24259,
            "net_income_4q": null,
            "revenue": 489368,
            "revenue_4q": null,
            "common_shares": 1088158,
            "book_valuer_per_share": 22.98,
            "book_valuer_per_share_4q_avg": 23.19,
            "equity": 2500119,
            "current_ratio": 389.56,
            "debt_ratio": 24.4,
            "inventory_turnover_ratio": 0.32,
            "account_receivable_turnover_ratio": 1,
            "reinvestment_rate": -4.32,
            "research_to_sale_ratio": 21.26,
            "price_fair": 140.26,
            "eps_avg_yearly": 4.01,
            "eps_latest_yearly": 0.88,
            "eps_growth_yearly": 91.39
        },
        "20231": {
            "year_quarter": 20231,
            "year": 2023,
            "quarter": 1,
            "eps": 0.29,
            "eps_growth_year": -85.71,
            "eps_4q": 3.59,
            "eps_4q_growth_year": -50.15,
            "roe": 1.27,
            "roe_4q": 15.57,
            "gross_profit": 183225,
            "gross_margin": 40.18,
            "gross_margin_4q_avg": 42.51,
            "net_income": 31849,
            "net_income_4q": null,
            "revenue": 456015,
            "revenue_4q": null,
            "common_shares": 1088158,
            "book_valuer_per_share": 23.29,
            "book_valuer_per_share_4q_avg": 22.71,
            "equity": 2534543,
            "current_ratio": 473.52,
            "debt_ratio": 20.58,
            "inventory_turnover_ratio": 0.31,
            "account_receivable_turnover_ratio": 1.23,
            "reinvestment_rate": -4.23,
            "research_to_sale_ratio": 23.92,
            "price_fair": 140.18,
            "eps_avg_yearly": 4.01,
            "eps_latest_yearly": 1.16,
            "eps_growth_yearly": 108.72
        },
        "20232": {
            "year_quarter": 20232,
            "year": 2023,
            "quarter": 2,
            "eps": 0.61,
            "eps_growth_year": -69.5,
            "eps_4q": 2.2,
            "eps_4q_growth_year": -71.02,
            "roe": 2.91,
            "roe_4q": 9.95,
            "gross_profit": 243494,
            "gross_margin": 38.94,
            "gross_margin_4q_avg": 40.61,
            "net_income": 66548,
            "net_income_4q": null,
            "revenue": 625360,
            "revenue_4q": null,
            "common_shares": 1088158,
            "book_valuer_per_share": 18.74,
            "book_valuer_per_share_4q_avg": 21.96,
            "equity": 2039223,
            "current_ratio": 219.29,
            "debt_ratio": 39.08,
            "inventory_turnover_ratio": 0.49,
            "account_receivable_turnover_ratio": 1.5,
            "reinvestment_rate": -4.84,
            "research_to_sale_ratio": 19.79,
            "price_fair": 137.64,
            "eps_avg_yearly": 3.93,
            "eps_latest_yearly": 2.44,
            "eps_growth_yearly": 86.3
        },
        "20233": {
            "year_quarter": 20233,
            "year": 2023,
            "quarter": 3,
            "eps": 0.5,
            "eps_growth_year": -53.27,
            "eps_4q": 1.62,
            "eps_4q_growth_year": -75.49,
            "roe": 2.6,
            "roe_4q": 7.749999999999999,
            "gross_profit": 218470,
            "gross_margin": 37.17,
            "gross_margin_4q_avg": 38.77,
            "net_income": 54018,
            "net_income_4q": null,
            "revenue": 587740,
            "revenue_4q": null,
            "common_shares": 1088158,
            "book_valuer_per_share": 19.39,
            "book_valuer_per_share_4q_avg": 21.1,
            "equity": 2109807,
            "current_ratio": 373.48,
            "debt_ratio": 24.54,
            "inventory_turnover_ratio": 0.55,
            "account_receivable_turnover_ratio": 1.31,
            "reinvestment_rate": -4.31,
            "research_to_sale_ratio": 19.75,
            "price_fair": 136.68,
            "eps_avg_yearly": 3.91,
            "eps_latest_yearly": 2,
            "eps_growth_yearly": 89.85
        }
    },
    "months": {
        "2010-08": {
            "month": "2010-08",
            "price": "49.96",
            "revenue": 364814
        },
        "2010-09": {
            "month": "2010-09",
            "price": "44.75",
            "revenue": 319070
        },
        "2010-10": {
            "month": "2010-10",
            "price": "46.07",
            "revenue": 211578
        },
        "2010-11": {
            "month": "2010-11",
            "price": "41.85",
            "revenue": 236419
        },
        "2010-12": {
            "month": "2010-12",
            "price": "43.06",
            "revenue": 229457
        },
        "2011-01": {
            "month": "2011-01",
            "price": "45.99",
            "revenue": 205435
        },
        "2011-02": {
            "month": "2011-02",
            "price": "46.51",
            "revenue": 158143
        },
        "2011-03": {
            "month": "2011-03",
            "price": "45.03",
            "revenue": 314029
        },
        "2011-04": {
            "month": "2011-04",
            "price": "44.83",
            "revenue": 360141
        },
        "2011-05": {
            "month": "2011-05",
            "price": "43.22",
            "revenue": 403561
        },
        "2011-06": {
            "month": "2011-06",
            "price": "39.29",
            "revenue": 366728
        },
        "2011-07": {
            "month": "2011-07",
            "price": "35.32",
            "revenue": 334705
        },
        "2011-08": {
            "month": "2011-08",
            "price": "30.85",
            "revenue": 320893
        },
        "2011-09": {
            "month": "2011-09",
            "price": "28.95",
            "revenue": 265398
        },
        "2011-10": {
            "month": "2011-10",
            "price": "27.45",
            "revenue": 201510
        },
        "2011-11": {
            "month": "2011-11",
            "price": "24.24",
            "revenue": 180223
        },
        "2011-12": {
            "month": "2011-12",
            "price": "19.63",
            "revenue": 153020
        },
        "2012-01": {
            "month": "2012-01",
            "price": "19.58",
            "revenue": 125712
        },
        "2012-02": {
            "month": "2012-02",
            "price": "26.02",
            "revenue": 133234
        },
        "2012-03": {
            "month": "2012-03",
            "price": "26.24",
            "revenue": 221472
        },
        "2012-04": {
            "month": "2012-04",
            "price": "22.92",
            "revenue": 252160
        },
        "2012-05": {
            "month": "2012-05",
            "price": "21.18",
            "revenue": 309164
        },
        "2012-06": {
            "month": "2012-06",
            "price": "19.87",
            "revenue": 330660
        },
        "2012-07": {
            "month": "2012-07",
            "price": "19.58",
            "revenue": 353636
        },
        "2012-08": {
            "month": "2012-08",
            "price": "22.63",
            "revenue": 361342
        },
        "2012-09": {
            "month": "2012-09",
            "price": "23.02",
            "revenue": 260311
        },
        "2012-10": {
            "month": "2012-10",
            "price": "20.00",
            "revenue": 222901
        },
        "2012-11": {
            "month": "2012-11",
            "price": "17.95",
            "revenue": 187484
        },
        "2012-12": {
            "month": "2012-12",
            "price": "19.37",
            "revenue": 172393
        },
        "2013-01": {
            "month": "2013-01",
            "price": "20.77",
            "revenue": 180125
        },
        "2013-02": {
            "month": "2013-02",
            "price": "19.45",
            "revenue": 130011
        },
        "2013-03": {
            "month": "2013-03",
            "price": "19.75",
            "revenue": 276722
        },
        "2013-04": {
            "month": "2013-04",
            "price": "21.71",
            "revenue": 313500
        },
        "2013-05": {
            "month": "2013-05",
            "price": "28.07",
            "revenue": 344437
        },
        "2013-06": {
            "month": "2013-06",
            "price": "29.32",
            "revenue": 410893
        },
        "2013-07": {
            "month": "2013-07",
            "price": "30.33",
            "revenue": 400474
        },
        "2013-08": {
            "month": "2013-08",
            "price": "34.98",
            "revenue": 334649
        },
        "2013-09": {
            "month": "2013-09",
            "price": "32.03",
            "revenue": 225613
        },
        "2013-10": {
            "month": "2013-10",
            "price": "28.13",
            "revenue": 215481
        },
        "2013-11": {
            "month": "2013-11",
            "price": "30.32",
            "revenue": 182261
        },
        "2013-12": {
            "month": "2013-12",
            "price": "33.48",
            "revenue": 161037
        },
        "2014-01": {
            "month": "2014-01",
            "price": "39.85",
            "revenue": 120257
        },
        "2014-02": {
            "month": "2014-02",
            "price": "36.92",
            "revenue": 117602
        },
        "2014-03": {
            "month": "2014-03",
            "price": "38.70",
            "revenue": 235187
        },
        "2014-04": {
            "month": "2014-04",
            "price": "37.89",
            "revenue": 290747
        },
        "2014-05": {
            "month": "2014-05",
            "price": "36.61",
            "revenue": 327137
        },
        "2014-06": {
            "month": "2014-06",
            "price": "38.94",
            "revenue": 313500
        },
        "2014-07": {
            "month": "2014-07",
            "price": "37.80",
            "revenue": 341366
        },
        "2014-08": {
            "month": "2014-08",
            "price": "42.80",
            "revenue": 280503
        },
        "2014-09": {
            "month": "2014-09",
            "price": "38.84",
            "revenue": 210152
        },
        "2014-10": {
            "month": "2014-10",
            "price": "32.33",
            "revenue": 216297
        },
        "2014-11": {
            "month": "2014-11",
            "price": "33.17",
            "revenue": 200596
        },
        "2014-12": {
            "month": "2014-12",
            "price": "35.87",
            "revenue": 194001
        },
        "2015-01": {
            "month": "2015-01",
            "price": "37.79",
            "revenue": 197553
        },
        "2015-02": {
            "month": "2015-02",
            "price": "37.74",
            "revenue": 122746
        },
        "2015-03": {
            "month": "2015-03",
            "price": "40.99",
            "revenue": 242019
        },
        "2015-04": {
            "month": "2015-04",
            "price": "43.81",
            "revenue": 291033
        },
        "2015-05": {
            "month": "2015-05",
            "price": "40.92",
            "revenue": 310268
        },
        "2015-06": {
            "month": "2015-06",
            "price": "37.38",
            "revenue": 344151
        },
        "2015-07": {
            "month": "2015-07",
            "price": "33.36",
            "revenue": 331787
        },
        "2015-08": {
            "month": "2015-08",
            "price": "29.94",
            "revenue": 280706
        },
        "2015-09": {
            "month": "2015-09",
            "price": "30.69",
            "revenue": 272083
        },
        "2015-10": {
            "month": "2015-10",
            "price": "33.25",
            "revenue": 251406
        },
        "2015-11": {
            "month": "2015-11",
            "price": "38.60",
            "revenue": 221630
        },
        "2015-12": {
            "month": "2015-12",
            "price": "39.51",
            "revenue": 215994
        },
        "2016-01": {
            "month": "2016-01",
            "price": "35.95",
            "revenue": 216244
        },
        "2016-02": {
            "month": "2016-02",
            "price": "38.20",
            "revenue": 165539
        },
        "2016-03": {
            "month": "2016-03",
            "price": "41.39",
            "revenue": 302507
        },
        "2016-04": {
            "month": "2016-04",
            "price": "42.37",
            "revenue": 340450
        },
        "2016-05": {
            "month": "2016-05",
            "price": "42.17",
            "revenue": 352296
        },
        "2016-06": {
            "month": "2016-06",
            "price": "43.10",
            "revenue": 380368
        },
        "2016-07": {
            "month": "2016-07",
            "price": "42.22",
            "revenue": 321077
        },
        "2016-08": {
            "month": "2016-08",
            "price": "42.14",
            "revenue": 262689
        },
        "2016-09": {
            "month": "2016-09",
            "price": "38.94",
            "revenue": 253164
        },
        "2016-10": {
            "month": "2016-10",
            "price": "38.24",
            "revenue": 226794
        },
        "2016-11": {
            "month": "2016-11",
            "price": "36.69",
            "revenue": 225952
        },
        "2016-12": {
            "month": "2016-12",
            "price": "37.14",
            "revenue": 221588
        },
        "2017-01": {
            "month": "2017-01",
            "price": "38.58",
            "revenue": 170592
        },
        "2017-02": {
            "month": "2017-02",
            "price": "39.98",
            "revenue": 192969
        },
        "2017-03": {
            "month": "2017-03",
            "price": "41.38",
            "revenue": 280236
        },
        "2017-04": {
            "month": "2017-04",
            "price": "40.68",
            "revenue": 290594
        },
        "2017-05": {
            "month": "2017-05",
            "price": "39.74",
            "revenue": 334613
        },
        "2017-06": {
            "month": "2017-06",
            "price": "39.88",
            "revenue": 344731
        },
        "2017-07": {
            "month": "2017-07",
            "price": "37.04",
            "revenue": 300628
        },
        "2017-08": {
            "month": "2017-08",
            "price": "37.32",
            "revenue": 283853
        },
        "2017-09": {
            "month": "2017-09",
            "price": "43.73",
            "revenue": 252096
        },
        "2017-10": {
            "month": "2017-10",
            "price": "53.87",
            "revenue": 236328
        },
        "2017-11": {
            "month": "2017-11",
            "price": "61.08",
            "revenue": 239522
        },
        "2017-12": {
            "month": "2017-12",
            "price": "53.87",
            "revenue": 225737
        },
        "2018-01": {
            "month": "2018-01",
            "price": "52.56",
            "revenue": 202457
        },
        "2018-02": {
            "month": "2018-02",
            "price": "48.26",
            "revenue": 156419
        },
        "2018-03": {
            "month": "2018-03",
            "price": "50.34",
            "revenue": 251745
        },
        "2018-04": {
            "month": "2018-04",
            "price": "45.58",
            "revenue": 275223
        },
        "2018-05": {
            "month": "2018-05",
            "price": "43.99",
            "revenue": 301784
        },
        "2018-06": {
            "month": "2018-06",
            "price": "44.30",
            "revenue": 269798
        },
        "2018-07": {
            "month": "2018-07",
            "price": "38.60",
            "revenue": 271913
        },
        "2018-08": {
            "month": "2018-08",
            "price": "38.07",
            "revenue": 272338
        },
        "2018-09": {
            "month": "2018-09",
            "price": "34.83",
            "revenue": 223258
        },
        "2018-10": {
            "month": "2018-10",
            "price": "30.55",
            "revenue": 240173
        },
        "2018-11": {
            "month": "2018-11",
            "price": "30.57",
            "revenue": 200258
        },
        "2018-12": {
            "month": "2018-12",
            "price": "30.80",
            "revenue": 179406
        },
        "2019-01": {
            "month": "2019-01",
            "price": "31.85",
            "revenue": 153530
        },
        "2019-02": {
            "month": "2019-02",
            "price": "35.53",
            "revenue": 142677
        },
        "2019-03": {
            "month": "2019-03",
            "price": "36.41",
            "revenue": 232888
        },
        "2019-04": {
            "month": "2019-04",
            "price": "36.31",
            "revenue": 262763
        },
        "2019-05": {
            "month": "2019-05",
            "price": "35.00",
            "revenue": 286863
        },
        "2019-06": {
            "month": "2019-06",
            "price": "35.37",
            "revenue": 256773
        },
        "2019-07": {
            "month": "2019-07",
            "price": "34.78",
            "revenue": 282720
        },
        "2019-08": {
            "month": "2019-08",
            "price": "34.10",
            "revenue": 224409
        },
        "2019-09": {
            "month": "2019-09",
            "price": "35.04",
            "revenue": 205838
        },
        "2019-10": {
            "month": "2019-10",
            "price": "33.44",
            "revenue": 224672
        },
        "2019-11": {
            "month": "2019-11",
            "price": "32.79",
            "revenue": 196242
        },
        "2019-12": {
            "month": "2019-12",
            "price": "33.48",
            "revenue": 165189
        },
        "2020-01": {
            "month": "2020-01",
            "price": "32.53",
            "revenue": 120247
        },
        "2020-02": {
            "month": "2020-02",
            "price": "30.47",
            "revenue": 150392
        },
        "2020-03": {
            "month": "2020-03",
            "price": "28.25",
            "revenue": 201243
        },
        "2020-04": {
            "month": "2020-04",
            "price": "28.30",
            "revenue": 230654
        },
        "2020-05": {
            "month": "2020-05",
            "price": "29.28",
            "revenue": 250885
        },
        "2020-06": {
            "month": "2020-06",
            "price": "30.18",
            "revenue": 262423
        },
        "2020-07": {
            "month": "2020-07",
            "price": "30.63",
            "revenue": 272342
        },
        "2020-08": {
            "month": "2020-08",
            "price": "29.84",
            "revenue": 281850
        },
        "2020-09": {
            "month": "2020-09",
            "price": "31.28",
            "revenue": 300597
        },
        "2020-10": {
            "month": "2020-10",
            "price": "34.08",
            "revenue": 302048
        },
        "2020-11": {
            "month": "2020-11",
            "price": "36.72",
            "revenue": 265896
        },
        "2020-12": {
            "month": "2020-12",
            "price": "40.26",
            "revenue": 260950
        },
        "2021-01": {
            "month": "2021-01",
            "price": "41.73",
            "revenue": 240567
        },
        "2021-02": {
            "month": "2021-02",
            "price": "44.84",
            "revenue": 200696
        },
        "2021-03": {
            "month": "2021-03",
            "price": "48.92",
            "revenue": 283708
        },
        "2021-04": {
            "month": "2021-04",
            "price": "56.83",
            "revenue": 301697
        },
        "2021-05": {
            "month": "2021-05",
            "price": "49.46",
            "revenue": 320698
        },
        "2021-06": {
            "month": "2021-06",
            "price": "55.05",
            "revenue": 325457
        },
        "2021-07": {
            "month": "2021-07",
            "price": "74.44",
            "revenue": 330585
        },
        "2021-08": {
            "month": "2021-08",
            "price": "73.56",
            "revenue": 335059
        },
        "2021-09": {
            "month": "2021-09",
            "price": "69.25",
            "revenue": 345026
        },
        "2021-10": {
            "month": "2021-10",
            "price": "63.02",
            "revenue": 346432
        },
        "2021-11": {
            "month": "2021-11",
            "price": "71.70",
            "revenue": 280601
        },
        "2021-12": {
            "month": "2021-12",
            "price": "68.94",
            "revenue": 270459
        },
        "2022-01": {
            "month": "2022-01",
            "price": "63.46",
            "revenue": 287231
        },
        "2022-02": {
            "month": "2022-02",
            "price": "64.19",
            "revenue": 317180
        },
        "2022-03": {
            "month": "2022-03",
            "price": "73.74",
            "revenue": 366641
        },
        "2022-04": {
            "month": "2022-04",
            "price": "72.21",
            "revenue": 368124
        },
        "2022-05": {
            "month": "2022-05",
            "price": "77.69",
            "revenue": 350343
        },
        "2022-06": {
            "month": "2022-06",
            "price": "72.76",
            "revenue": 300652
        },
        "2022-07": {
            "month": "2022-07",
            "price": "58.15",
            "revenue": 245525
        },
        "2022-08": {
            "month": "2022-08",
            "price": "59.04",
            "revenue": 231324
        },
        "2022-09": {
            "month": "2022-09",
            "price": "51.87",
            "revenue": 213000
        },
        "2022-10": {
            "month": "2022-10",
            "price": "45.38",
            "revenue": 184958
        },
        "2022-11": {
            "month": "2022-11",
            "price": "47.84",
            "revenue": 160083
        },
        "2022-12": {
            "month": "2022-12",
            "price": "47.95",
            "revenue": 144403
        },
        "2023-01": {
            "month": "2023-01",
            "price": "47.72",
            "revenue": 115256
        },
        "2023-02": {
            "month": "2023-02",
            "price": "52.08",
            "revenue": 130323
        },
        "2023-03": {
            "month": "2023-03",
            "price": "57.22",
            "revenue": 210474
        },
        "2023-04": {
            "month": "2023-04",
            "price": "56.72",
            "revenue": 211894
        },
        "2023-05": {
            "month": "2023-05",
            "price": "55.04",
            "revenue": 212135
        },
        "2023-06": {
            "month": "2023-06",
            "price": "56.70",
            "revenue": 201568
        },
        "2023-07": {
            "month": "2023-07",
            "price": "49.42",
            "revenue": 203493
        },
        "2023-08": {
            "month": "2023-08",
            "price": "49.39",
            "revenue": 203693
        },
        "2023-09": {
            "month": "2023-09",
            "price": "51.96",
            "revenue": 180471
        },
        "2023-10": {
            "month": "2023-10",
            "price": "50.42",
            "revenue": 175638
        },
        "2023-11": {
            "month": "2023-11",
            "price": "52.52",
            "revenue": 165433
        }
    }
}
