{
    "summary": {
        "stock_name": "緯軟",
        "stock_id": "4953",
        "category": "資訊服務",
        "main_business": "軟體外包服務",
        "website_url": "https://www.wits.com/tw/",
        "ceo": "蕭清志",
        "pe_ratio": 19,
        "report_year_from": 2010,
        "report_year_to": 2023,
        "age": 14,
        "eps_negative_percentage": 0,
        "eps_growth_avg": {
            "last_all": 33.56,
            "last_2y": 6.69,
            "last_4y": 11.22,
            "last_8y": 26.17,
            "last_12y": null,
            "last_16y": null,
            "last_20y": null,
            "at_2006_last_3y": null,
            "at_2007_last_3y": null,
            "at_2008_last_3y": null,
            "at_2009_last_3y": null,
            "at_2010_last_3y": null,
            "at_2011_last_3y": null,
            "at_2012_last_3y": null,
            "at_2013_last_3y": null,
            "at_2014_last_3y": null,
            "at_2015_last_3y": null,
            "at_2016_last_3y": null,
            "at_2017_last_3y": 44.87,
            "at_2018_last_3y": 44.87,
            "at_2019_last_3y": 73.65,
            "at_2020_last_3y": 50.51,
            "at_2021_last_3y": 33.48,
            "at_2022_last_3y": 13.58,
            "at_2023_last_3y": 6.89,
            "at_2024_last_3y": 6.89,
            "at_2006_last_all": null,
            "at_2007_last_all": null,
            "at_2008_last_all": null,
            "at_2009_last_all": null,
            "at_2010_last_all": null,
            "at_2011_last_all": null,
            "at_2012_last_all": null,
            "at_2013_last_all": null,
            "at_2014_last_all": null,
            "at_2015_last_all": 6.72,
            "at_2016_last_all": 37.82,
            "at_2017_last_all": 44.87,
            "at_2018_last_all": 55.89,
            "at_2019_last_all": 51.34,
            "at_2020_last_all": 45.07,
            "at_2021_last_all": 39.17,
            "at_2022_last_all": 37.09,
            "at_2023_last_all": 33.56,
            "at_2024_last_all": 33.56
        },
        "latest_eps": 8.13,
        "latest_price": 152.5,
        "latest_roe": 18.6,
        "latest_gross_margin": 19.64,
        "latest_equity": 3524735,
        "latest_revenue": 2438703,
        "latest_gross_profit": 479029,
        "latest_net_income": 170109,
        "latest_debt_ratio": 32.7,
        "latest_current_ratio": 279.93,
        "latest_account_receivable_turnover_ratio": 0.84,
        "latest_inventory_turnover_ratio": null,
        "latest_reinvestment_rate": -5.66,
        "latest_research_to_sale_ratio": 0.48
    },
    "eps_dividends": {
        "2001": {
            "cash": 0,
            "stock": 0,
            "eps": 0
        },
        "2002": {
            "cash": 0,
            "stock": 0,
            "eps": 0
        },
        "2003": {
            "cash": 0,
            "stock": 0,
            "eps": 0
        },
        "2004": {
            "cash": 0,
            "stock": 0,
            "eps": 0
        },
        "2005": {
            "cash": 0,
            "stock": 0,
            "eps": 0
        },
        "2006": {
            "cash": 0,
            "stock": 0,
            "eps": 0
        },
        "2007": {
            "cash": 0,
            "stock": 0,
            "eps": 0
        },
        "2008": {
            "cash": 0,
            "stock": 0,
            "eps": 0
        },
        "2009": {
            "cash": 0,
            "stock": 0,
            "eps": 0
        },
        "2010": {
            "cash": 0,
            "stock": 0,
            "eps": 0
        },
        "2011": {
            "cash": 0,
            "stock": 0.4,
            "eps": 0
        },
        "2012": {
            "cash": 0,
            "stock": 0.4,
            "eps": 0
        },
        "2013": {
            "cash": 0,
            "stock": 0.4,
            "eps": 1.17
        },
        "2014": {
            "cash": 0.6,
            "stock": 0.2,
            "eps": 2.9
        },
        "2015": {
            "cash": 1.5,
            "stock": 0.3,
            "eps": 0.39
        },
        "2016": {
            "cash": 1,
            "stock": 0,
            "eps": 1.53
        },
        "2017": {
            "cash": 1.1,
            "stock": 0,
            "eps": 2.54
        },
        "2018": {
            "cash": 0.5,
            "stock": 1,
            "eps": 5.11
        },
        "2019": {
            "cash": 1.7,
            "stock": 1,
            "eps": 6.57
        },
        "2020": {
            "cash": 3.2,
            "stock": 0,
            "eps": 7.06
        },
        "2021": {
            "cash": 5,
            "stock": 0,
            "eps": 6.91
        },
        "2022": {
            "cash": 4.6,
            "stock": 0,
            "eps": 8.32
        },
        "2023": {
            "cash": 5,
            "stock": 0,
            "eps": 8.47
        },
        "2024": {
            "cash": 5,
            "stock": 0,
            "eps": 0
        }
    },
    "dividends": {
        "2011-03-29": {
            "cash": 0,
            "stock": 0.4
        },
        "2012-06-28": {
            "cash": 0,
            "stock": 0.4
        },
        "2013-06-25": {
            "cash": 0,
            "stock": 0.4
        },
        "2014-09-19": {
            "cash": 0.6,
            "stock": 0.2
        },
        "2015-09-23": {
            "cash": 1.5,
            "stock": 0.3
        },
        "2016-10-28": {
            "cash": 1,
            "stock": 0
        },
        "2017-09-22": {
            "cash": 1.1,
            "stock": 0
        },
        "2018-08-31": {
            "cash": 0.5,
            "stock": 1
        },
        "2019-08-30": {
            "cash": 1.7,
            "stock": 1
        },
        "2020-08-07": {
            "cash": 3.2,
            "stock": 0
        },
        "2021-08-31": {
            "cash": 5,
            "stock": 0
        },
        "2022-08-05": {
            "cash": 4.6,
            "stock": 0
        },
        "2023-07-19": {
            "cash": 5,
            "stock": 0
        },
        "2024-03-05": {
            "cash": 5,
            "stock": 0
        }
    },
    "prices": {
        "200101": "無",
        "200102": "無",
        "200103": "無",
        "200104": "無",
        "200105": "無",
        "200106": "無",
        "200107": "無",
        "200108": "無",
        "200109": "無",
        "200110": "無",
        "200111": "無",
        "200112": "無",
        "200201": "無",
        "200202": "無",
        "200203": "無",
        "200204": "無",
        "200205": "無",
        "200206": "無",
        "200207": "無",
        "200208": "無",
        "200209": "無",
        "200210": "無",
        "200211": "無",
        "200212": "無",
        "200301": "無",
        "200302": "無",
        "200303": "無",
        "200304": "無",
        "200305": "無",
        "200306": "無",
        "200307": "無",
        "200308": "無",
        "200309": "無",
        "200310": "無",
        "200311": "無",
        "200312": "無",
        "200401": "無",
        "200402": "無",
        "200403": "無",
        "200404": "無",
        "200405": "無",
        "200406": "無",
        "200407": "無",
        "200408": "無",
        "200409": "無",
        "200410": "無",
        "200411": "無",
        "200412": "無",
        "200501": "無",
        "200502": "無",
        "200503": "無",
        "200504": "無",
        "200505": "無",
        "200506": "無",
        "200507": "無",
        "200508": "無",
        "200509": "無",
        "200510": "無",
        "200511": "無",
        "200512": "無",
        "200601": "無",
        "200602": "無",
        "200603": "無",
        "200604": "無",
        "200605": "無",
        "200606": "無",
        "200607": "無",
        "200608": "無",
        "200609": "無",
        "200610": "無",
        "200611": "無",
        "200612": "無",
        "200701": "無",
        "200702": "無",
        "200703": "無",
        "200704": "無",
        "200705": "無",
        "200706": "無",
        "200707": "無",
        "200708": "無",
        "200709": "無",
        "200710": "無",
        "200711": "無",
        "200712": "無",
        "200801": "無",
        "200802": "無",
        "200803": "無",
        "200804": "無",
        "200805": "無",
        "200806": "無",
        "200807": "無",
        "200808": "無",
        "200809": "無",
        "200810": "無",
        "200811": "無",
        "200812": "無",
        "200901": "無",
        "200902": "無",
        "200903": "無",
        "200904": "無",
        "200905": "無",
        "200906": "無",
        "200907": "無",
        "200908": "無",
        "200909": "無",
        "200910": "無",
        "200911": "無",
        "200912": "無",
        "201001": "無",
        "201002": "無",
        "201003": "無",
        "201004": "無",
        "201005": "無",
        "201006": "56.48",
        "201007": "47.68",
        "201008": "33.67",
        "201009": "33.40",
        "201010": "31.27",
        "201011": "33.60",
        "201012": "34.14",
        "201101": "32.20",
        "201102": "30.12",
        "201103": "28.33",
        "201104": "23.32",
        "201105": "21.44",
        "201106": "20.12",
        "201107": "18.56",
        "201108": "16.31",
        "201109": "15.52",
        "201110": "15.86",
        "201111": "15.78",
        "201112": "14.63",
        "201201": "15.03",
        "201202": "18.52",
        "201203": "21.03",
        "201204": "20.37",
        "201205": "18.70",
        "201206": "18.42",
        "201207": "18.45",
        "201208": "18.98",
        "201209": "28.97",
        "201210": "23.46",
        "201211": "21.64",
        "201212": "21.10",
        "201301": "22.34",
        "201302": "26.72",
        "201303": "31.63",
        "201304": "27.63",
        "201305": "24.97",
        "201306": "24.81",
        "201307": "26.49",
        "201308": "24.00",
        "201309": "32.40",
        "201310": "34.22",
        "201311": "30.84",
        "201312": "40.43",
        "201401": "41.72",
        "201402": "39.46",
        "201403": "43.17",
        "201404": "47.93",
        "201405": "49.36",
        "201406": "51.03",
        "201407": "54.57",
        "201408": "49.20",
        "201409": "46.22",
        "201410": "40.03",
        "201411": "37.48",
        "201412": "40.30",
        "201501": "40.56",
        "201502": "38.51",
        "201503": "38.40",
        "201504": "37.79",
        "201505": "33.92",
        "201506": "33.02",
        "201507": "30.81",
        "201508": "23.91",
        "201509": "22.94",
        "201510": "24.49",
        "201511": "23.25",
        "201512": "21.07",
        "201601": "19.37",
        "201602": "20.33",
        "201603": "21.97",
        "201604": "20.26",
        "201605": "19.20",
        "201606": "19.61",
        "201607": "21.48",
        "201608": "22.20",
        "201609": "22.46",
        "201610": "21.03",
        "201611": "19.98",
        "201612": "21.80",
        "201701": "21.76",
        "201702": "22.14",
        "201703": "23.01",
        "201704": "23.34",
        "201705": "23.65",
        "201706": "24.61",
        "201707": "23.57",
        "201708": "24.72",
        "201709": "26.30",
        "201710": "26.69",
        "201711": "26.82",
        "201712": "26.68",
        "201801": "30.37",
        "201802": "30.03",
        "201803": "33.22",
        "201804": "36.23",
        "201805": "40.43",
        "201806": "52.72",
        "201807": "52.76",
        "201808": "69.71",
        "201809": "66.09",
        "201810": "54.65",
        "201811": "56.61",
        "201812": "68.51",
        "201901": "80.26",
        "201902": "108.62",
        "201903": "121.80",
        "201904": "123.45",
        "201905": "104.02",
        "201906": "101.05",
        "201907": "121.67",
        "201908": "127.00",
        "201909": "116.13",
        "201910": "109.24",
        "201911": "105.69",
        "201912": "104.84",
        "202001": "105.75",
        "202002": "90.39",
        "202003": "70.42",
        "202004": "71.44",
        "202005": "75.59",
        "202006": "88.24",
        "202007": "81.87",
        "202008": "88.18",
        "202009": "92.64",
        "202010": "86.05",
        "202011": "90.87",
        "202012": "98.37",
        "202101": "95.10",
        "202102": "92.93",
        "202103": "102.07",
        "202104": "104.95",
        "202105": "95.58",
        "202106": "95.40",
        "202107": "99.86",
        "202108": "91.78",
        "202109": "86.89",
        "202110": "83.52",
        "202111": "86.11",
        "202112": "85.59",
        "202201": "86.62",
        "202202": "87.65",
        "202203": "89.14",
        "202204": "92.45",
        "202205": "84.16",
        "202206": "81.79",
        "202207": "75.11",
        "202208": "82.86",
        "202209": "85.24",
        "202210": "78.62",
        "202211": "82.27",
        "202212": "85.54",
        "202301": "86.78",
        "202302": "95.02",
        "202303": "113.00",
        "202304": "119.74",
        "202305": "120.77",
        "202306": "115.90",
        "202307": "133.38",
        "202308": "125.95",
        "202309": "117.98",
        "202310": "117.90",
        "202311": "120.80",
        "202312": "136.14"
    },
    "quarters": {
        "20011": {
            "year_quarter": 20011,
            "year": 2001,
            "quarter": 1,
            "eps": null,
            "eps_growth_year": null,
            "eps_4q": null,
            "eps_4q_growth_year": null,
            "roe": null,
            "roe_4q": 0,
            "gross_profit": null,
            "gross_margin": null,
            "gross_margin_4q_avg": 0,
            "net_income": null,
            "net_income_4q": null,
            "revenue": null,
            "revenue_4q": null,
            "common_shares": null,
            "book_valuer_per_share": null,
            "book_valuer_per_share_4q_avg": 0,
            "equity": null,
            "current_ratio": null,
            "debt_ratio": null,
            "inventory_turnover_ratio": null,
            "account_receivable_turnover_ratio": null,
            "reinvestment_rate": null,
            "research_to_sale_ratio": null,
            "price_fair": 0,
            "eps_avg_yearly": 0,
            "eps_latest_yearly": 0,
            "eps_growth_yearly": 0
        },
        "20012": {
            "year_quarter": 20012,
            "year": 2001,
            "quarter": 2,
            "eps": null,
            "eps_growth_year": null,
            "eps_4q": null,
            "eps_4q_growth_year": null,
            "roe": null,
            "roe_4q": 0,
            "gross_profit": null,
            "gross_margin": null,
            "gross_margin_4q_avg": 0,
            "net_income": null,
            "net_income_4q": null,
            "revenue": null,
            "revenue_4q": null,
            "common_shares": null,
            "book_valuer_per_share": null,
            "book_valuer_per_share_4q_avg": 0,
            "equity": null,
            "current_ratio": null,
            "debt_ratio": null,
            "inventory_turnover_ratio": null,
            "account_receivable_turnover_ratio": null,
            "reinvestment_rate": null,
            "research_to_sale_ratio": null,
            "price_fair": 0,
            "eps_avg_yearly": 0,
            "eps_latest_yearly": 0,
            "eps_growth_yearly": 0
        },
        "20013": {
            "year_quarter": 20013,
            "year": 2001,
            "quarter": 3,
            "eps": null,
            "eps_growth_year": null,
            "eps_4q": null,
            "eps_4q_growth_year": null,
            "roe": null,
            "roe_4q": 0,
            "gross_profit": null,
            "gross_margin": null,
            "gross_margin_4q_avg": 0,
            "net_income": null,
            "net_income_4q": null,
            "revenue": null,
            "revenue_4q": null,
            "common_shares": null,
            "book_valuer_per_share": null,
            "book_valuer_per_share_4q_avg": 0,
            "equity": null,
            "current_ratio": null,
            "debt_ratio": null,
            "inventory_turnover_ratio": null,
            "account_receivable_turnover_ratio": null,
            "reinvestment_rate": null,
            "research_to_sale_ratio": null,
            "price_fair": 0,
            "eps_avg_yearly": 0,
            "eps_latest_yearly": 0,
            "eps_growth_yearly": 0
        },
        "20014": {
            "year_quarter": 20014,
            "year": 2001,
            "quarter": 4,
            "eps": null,
            "eps_growth_year": null,
            "eps_4q": null,
            "eps_4q_growth_year": null,
            "roe": null,
            "roe_4q": 0,
            "gross_profit": null,
            "gross_margin": null,
            "gross_margin_4q_avg": 0,
            "net_income": null,
            "net_income_4q": null,
            "revenue": null,
            "revenue_4q": null,
            "common_shares": null,
            "book_valuer_per_share": null,
            "book_valuer_per_share_4q_avg": 0,
            "equity": null,
            "current_ratio": null,
            "debt_ratio": null,
            "inventory_turnover_ratio": null,
            "account_receivable_turnover_ratio": null,
            "reinvestment_rate": null,
            "research_to_sale_ratio": null,
            "price_fair": 0,
            "eps_avg_yearly": 0,
            "eps_latest_yearly": 0,
            "eps_growth_yearly": 0
        },
        "20021": {
            "year_quarter": 20021,
            "year": 2002,
            "quarter": 1,
            "eps": null,
            "eps_growth_year": null,
            "eps_4q": null,
            "eps_4q_growth_year": null,
            "roe": null,
            "roe_4q": 0,
            "gross_profit": null,
            "gross_margin": null,
            "gross_margin_4q_avg": 0,
            "net_income": null,
            "net_income_4q": null,
            "revenue": null,
            "revenue_4q": null,
            "common_shares": null,
            "book_valuer_per_share": null,
            "book_valuer_per_share_4q_avg": 0,
            "equity": null,
            "current_ratio": null,
            "debt_ratio": null,
            "inventory_turnover_ratio": null,
            "account_receivable_turnover_ratio": null,
            "reinvestment_rate": null,
            "research_to_sale_ratio": null,
            "price_fair": 0,
            "eps_avg_yearly": 0,
            "eps_latest_yearly": 0,
            "eps_growth_yearly": 0
        },
        "20022": {
            "year_quarter": 20022,
            "year": 2002,
            "quarter": 2,
            "eps": null,
            "eps_growth_year": null,
            "eps_4q": null,
            "eps_4q_growth_year": null,
            "roe": null,
            "roe_4q": 0,
            "gross_profit": null,
            "gross_margin": null,
            "gross_margin_4q_avg": 0,
            "net_income": null,
            "net_income_4q": null,
            "revenue": null,
            "revenue_4q": null,
            "common_shares": null,
            "book_valuer_per_share": null,
            "book_valuer_per_share_4q_avg": 0,
            "equity": null,
            "current_ratio": null,
            "debt_ratio": null,
            "inventory_turnover_ratio": null,
            "account_receivable_turnover_ratio": null,
            "reinvestment_rate": null,
            "research_to_sale_ratio": null,
            "price_fair": 0,
            "eps_avg_yearly": 0,
            "eps_latest_yearly": 0,
            "eps_growth_yearly": 0
        },
        "20023": {
            "year_quarter": 20023,
            "year": 2002,
            "quarter": 3,
            "eps": null,
            "eps_growth_year": null,
            "eps_4q": null,
            "eps_4q_growth_year": null,
            "roe": null,
            "roe_4q": 0,
            "gross_profit": null,
            "gross_margin": null,
            "gross_margin_4q_avg": 0,
            "net_income": null,
            "net_income_4q": null,
            "revenue": null,
            "revenue_4q": null,
            "common_shares": null,
            "book_valuer_per_share": null,
            "book_valuer_per_share_4q_avg": 0,
            "equity": null,
            "current_ratio": null,
            "debt_ratio": null,
            "inventory_turnover_ratio": null,
            "account_receivable_turnover_ratio": null,
            "reinvestment_rate": null,
            "research_to_sale_ratio": null,
            "price_fair": 0,
            "eps_avg_yearly": 0,
            "eps_latest_yearly": 0,
            "eps_growth_yearly": 0
        },
        "20024": {
            "year_quarter": 20024,
            "year": 2002,
            "quarter": 4,
            "eps": null,
            "eps_growth_year": null,
            "eps_4q": null,
            "eps_4q_growth_year": null,
            "roe": null,
            "roe_4q": 0,
            "gross_profit": null,
            "gross_margin": null,
            "gross_margin_4q_avg": 0,
            "net_income": null,
            "net_income_4q": null,
            "revenue": null,
            "revenue_4q": null,
            "common_shares": null,
            "book_valuer_per_share": null,
            "book_valuer_per_share_4q_avg": 0,
            "equity": null,
            "current_ratio": null,
            "debt_ratio": null,
            "inventory_turnover_ratio": null,
            "account_receivable_turnover_ratio": null,
            "reinvestment_rate": null,
            "research_to_sale_ratio": null,
            "price_fair": 0,
            "eps_avg_yearly": 0,
            "eps_latest_yearly": 0,
            "eps_growth_yearly": 0
        },
        "20031": {
            "year_quarter": 20031,
            "year": 2003,
            "quarter": 1,
            "eps": null,
            "eps_growth_year": null,
            "eps_4q": null,
            "eps_4q_growth_year": null,
            "roe": null,
            "roe_4q": 0,
            "gross_profit": null,
            "gross_margin": null,
            "gross_margin_4q_avg": 0,
            "net_income": null,
            "net_income_4q": null,
            "revenue": null,
            "revenue_4q": null,
            "common_shares": null,
            "book_valuer_per_share": null,
            "book_valuer_per_share_4q_avg": 0,
            "equity": null,
            "current_ratio": null,
            "debt_ratio": null,
            "inventory_turnover_ratio": null,
            "account_receivable_turnover_ratio": null,
            "reinvestment_rate": null,
            "research_to_sale_ratio": null,
            "price_fair": 0,
            "eps_avg_yearly": 0,
            "eps_latest_yearly": 0,
            "eps_growth_yearly": 0
        },
        "20032": {
            "year_quarter": 20032,
            "year": 2003,
            "quarter": 2,
            "eps": null,
            "eps_growth_year": null,
            "eps_4q": null,
            "eps_4q_growth_year": null,
            "roe": null,
            "roe_4q": 0,
            "gross_profit": null,
            "gross_margin": null,
            "gross_margin_4q_avg": 0,
            "net_income": null,
            "net_income_4q": null,
            "revenue": null,
            "revenue_4q": null,
            "common_shares": null,
            "book_valuer_per_share": null,
            "book_valuer_per_share_4q_avg": 0,
            "equity": null,
            "current_ratio": null,
            "debt_ratio": null,
            "inventory_turnover_ratio": null,
            "account_receivable_turnover_ratio": null,
            "reinvestment_rate": null,
            "research_to_sale_ratio": null,
            "price_fair": 0,
            "eps_avg_yearly": 0,
            "eps_latest_yearly": 0,
            "eps_growth_yearly": 0
        },
        "20033": {
            "year_quarter": 20033,
            "year": 2003,
            "quarter": 3,
            "eps": null,
            "eps_growth_year": null,
            "eps_4q": null,
            "eps_4q_growth_year": null,
            "roe": null,
            "roe_4q": 0,
            "gross_profit": null,
            "gross_margin": null,
            "gross_margin_4q_avg": 0,
            "net_income": null,
            "net_income_4q": null,
            "revenue": null,
            "revenue_4q": null,
            "common_shares": null,
            "book_valuer_per_share": null,
            "book_valuer_per_share_4q_avg": 0,
            "equity": null,
            "current_ratio": null,
            "debt_ratio": null,
            "inventory_turnover_ratio": null,
            "account_receivable_turnover_ratio": null,
            "reinvestment_rate": null,
            "research_to_sale_ratio": null,
            "price_fair": 0,
            "eps_avg_yearly": 0,
            "eps_latest_yearly": 0,
            "eps_growth_yearly": 0
        },
        "20034": {
            "year_quarter": 20034,
            "year": 2003,
            "quarter": 4,
            "eps": null,
            "eps_growth_year": null,
            "eps_4q": null,
            "eps_4q_growth_year": null,
            "roe": null,
            "roe_4q": 0,
            "gross_profit": null,
            "gross_margin": null,
            "gross_margin_4q_avg": 0,
            "net_income": null,
            "net_income_4q": null,
            "revenue": null,
            "revenue_4q": null,
            "common_shares": null,
            "book_valuer_per_share": null,
            "book_valuer_per_share_4q_avg": 0,
            "equity": null,
            "current_ratio": null,
            "debt_ratio": null,
            "inventory_turnover_ratio": null,
            "account_receivable_turnover_ratio": null,
            "reinvestment_rate": null,
            "research_to_sale_ratio": null,
            "price_fair": 0,
            "eps_avg_yearly": 0,
            "eps_latest_yearly": 0,
            "eps_growth_yearly": 0
        },
        "20041": {
            "year_quarter": 20041,
            "year": 2004,
            "quarter": 1,
            "eps": null,
            "eps_growth_year": null,
            "eps_4q": null,
            "eps_4q_growth_year": null,
            "roe": null,
            "roe_4q": 0,
            "gross_profit": null,
            "gross_margin": null,
            "gross_margin_4q_avg": 0,
            "net_income": null,
            "net_income_4q": null,
            "revenue": null,
            "revenue_4q": null,
            "common_shares": null,
            "book_valuer_per_share": null,
            "book_valuer_per_share_4q_avg": 0,
            "equity": null,
            "current_ratio": null,
            "debt_ratio": null,
            "inventory_turnover_ratio": null,
            "account_receivable_turnover_ratio": null,
            "reinvestment_rate": null,
            "research_to_sale_ratio": null,
            "price_fair": 0,
            "eps_avg_yearly": 0,
            "eps_latest_yearly": 0,
            "eps_growth_yearly": 0
        },
        "20042": {
            "year_quarter": 20042,
            "year": 2004,
            "quarter": 2,
            "eps": null,
            "eps_growth_year": null,
            "eps_4q": null,
            "eps_4q_growth_year": null,
            "roe": null,
            "roe_4q": 0,
            "gross_profit": null,
            "gross_margin": null,
            "gross_margin_4q_avg": 0,
            "net_income": null,
            "net_income_4q": null,
            "revenue": null,
            "revenue_4q": null,
            "common_shares": null,
            "book_valuer_per_share": null,
            "book_valuer_per_share_4q_avg": 0,
            "equity": null,
            "current_ratio": null,
            "debt_ratio": null,
            "inventory_turnover_ratio": null,
            "account_receivable_turnover_ratio": null,
            "reinvestment_rate": null,
            "research_to_sale_ratio": null,
            "price_fair": 0,
            "eps_avg_yearly": 0,
            "eps_latest_yearly": 0,
            "eps_growth_yearly": 0
        },
        "20043": {
            "year_quarter": 20043,
            "year": 2004,
            "quarter": 3,
            "eps": null,
            "eps_growth_year": null,
            "eps_4q": null,
            "eps_4q_growth_year": null,
            "roe": null,
            "roe_4q": 0,
            "gross_profit": null,
            "gross_margin": null,
            "gross_margin_4q_avg": 0,
            "net_income": null,
            "net_income_4q": null,
            "revenue": null,
            "revenue_4q": null,
            "common_shares": null,
            "book_valuer_per_share": null,
            "book_valuer_per_share_4q_avg": 0,
            "equity": null,
            "current_ratio": null,
            "debt_ratio": null,
            "inventory_turnover_ratio": null,
            "account_receivable_turnover_ratio": null,
            "reinvestment_rate": null,
            "research_to_sale_ratio": null,
            "price_fair": 0,
            "eps_avg_yearly": 0,
            "eps_latest_yearly": 0,
            "eps_growth_yearly": 0
        },
        "20044": {
            "year_quarter": 20044,
            "year": 2004,
            "quarter": 4,
            "eps": null,
            "eps_growth_year": null,
            "eps_4q": null,
            "eps_4q_growth_year": null,
            "roe": null,
            "roe_4q": 0,
            "gross_profit": null,
            "gross_margin": null,
            "gross_margin_4q_avg": 0,
            "net_income": null,
            "net_income_4q": null,
            "revenue": null,
            "revenue_4q": null,
            "common_shares": null,
            "book_valuer_per_share": null,
            "book_valuer_per_share_4q_avg": 0,
            "equity": null,
            "current_ratio": null,
            "debt_ratio": null,
            "inventory_turnover_ratio": null,
            "account_receivable_turnover_ratio": null,
            "reinvestment_rate": null,
            "research_to_sale_ratio": null,
            "price_fair": 0,
            "eps_avg_yearly": 0,
            "eps_latest_yearly": 0,
            "eps_growth_yearly": 0
        },
        "20051": {
            "year_quarter": 20051,
            "year": 2005,
            "quarter": 1,
            "eps": null,
            "eps_growth_year": null,
            "eps_4q": null,
            "eps_4q_growth_year": null,
            "roe": null,
            "roe_4q": 0,
            "gross_profit": null,
            "gross_margin": null,
            "gross_margin_4q_avg": 0,
            "net_income": null,
            "net_income_4q": null,
            "revenue": null,
            "revenue_4q": null,
            "common_shares": null,
            "book_valuer_per_share": null,
            "book_valuer_per_share_4q_avg": 0,
            "equity": null,
            "current_ratio": null,
            "debt_ratio": null,
            "inventory_turnover_ratio": null,
            "account_receivable_turnover_ratio": null,
            "reinvestment_rate": null,
            "research_to_sale_ratio": null,
            "price_fair": 0,
            "eps_avg_yearly": 0,
            "eps_latest_yearly": 0,
            "eps_growth_yearly": 0
        },
        "20052": {
            "year_quarter": 20052,
            "year": 2005,
            "quarter": 2,
            "eps": null,
            "eps_growth_year": null,
            "eps_4q": null,
            "eps_4q_growth_year": null,
            "roe": null,
            "roe_4q": 0,
            "gross_profit": null,
            "gross_margin": null,
            "gross_margin_4q_avg": 0,
            "net_income": null,
            "net_income_4q": null,
            "revenue": null,
            "revenue_4q": null,
            "common_shares": null,
            "book_valuer_per_share": null,
            "book_valuer_per_share_4q_avg": 0,
            "equity": null,
            "current_ratio": null,
            "debt_ratio": null,
            "inventory_turnover_ratio": null,
            "account_receivable_turnover_ratio": null,
            "reinvestment_rate": null,
            "research_to_sale_ratio": null,
            "price_fair": 0,
            "eps_avg_yearly": 0,
            "eps_latest_yearly": 0,
            "eps_growth_yearly": 0
        },
        "20053": {
            "year_quarter": 20053,
            "year": 2005,
            "quarter": 3,
            "eps": null,
            "eps_growth_year": null,
            "eps_4q": null,
            "eps_4q_growth_year": null,
            "roe": null,
            "roe_4q": 0,
            "gross_profit": null,
            "gross_margin": null,
            "gross_margin_4q_avg": 0,
            "net_income": null,
            "net_income_4q": null,
            "revenue": null,
            "revenue_4q": null,
            "common_shares": null,
            "book_valuer_per_share": null,
            "book_valuer_per_share_4q_avg": 0,
            "equity": null,
            "current_ratio": null,
            "debt_ratio": null,
            "inventory_turnover_ratio": null,
            "account_receivable_turnover_ratio": null,
            "reinvestment_rate": null,
            "research_to_sale_ratio": null,
            "price_fair": 0,
            "eps_avg_yearly": 0,
            "eps_latest_yearly": 0,
            "eps_growth_yearly": 0
        },
        "20054": {
            "year_quarter": 20054,
            "year": 2005,
            "quarter": 4,
            "eps": null,
            "eps_growth_year": null,
            "eps_4q": null,
            "eps_4q_growth_year": null,
            "roe": null,
            "roe_4q": 0,
            "gross_profit": null,
            "gross_margin": null,
            "gross_margin_4q_avg": 0,
            "net_income": null,
            "net_income_4q": null,
            "revenue": null,
            "revenue_4q": null,
            "common_shares": 199657,
            "book_valuer_per_share": 8.51,
            "book_valuer_per_share_4q_avg": 2.13,
            "equity": 169887,
            "current_ratio": 248.98,
            "debt_ratio": 36.64,
            "inventory_turnover_ratio": null,
            "account_receivable_turnover_ratio": null,
            "reinvestment_rate": null,
            "research_to_sale_ratio": null,
            "price_fair": 0,
            "eps_avg_yearly": 0,
            "eps_latest_yearly": 0,
            "eps_growth_yearly": 0
        },
        "20061": {
            "year_quarter": 20061,
            "year": 2006,
            "quarter": 1,
            "eps": null,
            "eps_growth_year": null,
            "eps_4q": null,
            "eps_4q_growth_year": null,
            "roe": null,
            "roe_4q": 0,
            "gross_profit": null,
            "gross_margin": null,
            "gross_margin_4q_avg": 0,
            "net_income": null,
            "net_income_4q": null,
            "revenue": null,
            "revenue_4q": null,
            "common_shares": null,
            "book_valuer_per_share": null,
            "book_valuer_per_share_4q_avg": 2.13,
            "equity": null,
            "current_ratio": null,
            "debt_ratio": null,
            "inventory_turnover_ratio": null,
            "account_receivable_turnover_ratio": null,
            "reinvestment_rate": null,
            "research_to_sale_ratio": null,
            "price_fair": 0,
            "eps_avg_yearly": 0,
            "eps_latest_yearly": 0,
            "eps_growth_yearly": 0
        },
        "20062": {
            "year_quarter": 20062,
            "year": 2006,
            "quarter": 2,
            "eps": null,
            "eps_growth_year": null,
            "eps_4q": null,
            "eps_4q_growth_year": null,
            "roe": null,
            "roe_4q": 0,
            "gross_profit": null,
            "gross_margin": null,
            "gross_margin_4q_avg": 0,
            "net_income": null,
            "net_income_4q": null,
            "revenue": null,
            "revenue_4q": null,
            "common_shares": null,
            "book_valuer_per_share": null,
            "book_valuer_per_share_4q_avg": 2.13,
            "equity": null,
            "current_ratio": null,
            "debt_ratio": null,
            "inventory_turnover_ratio": null,
            "account_receivable_turnover_ratio": null,
            "reinvestment_rate": null,
            "research_to_sale_ratio": null,
            "price_fair": 0,
            "eps_avg_yearly": 0,
            "eps_latest_yearly": 0,
            "eps_growth_yearly": 0
        },
        "20063": {
            "year_quarter": 20063,
            "year": 2006,
            "quarter": 3,
            "eps": null,
            "eps_growth_year": null,
            "eps_4q": null,
            "eps_4q_growth_year": null,
            "roe": null,
            "roe_4q": 0,
            "gross_profit": null,
            "gross_margin": null,
            "gross_margin_4q_avg": 0,
            "net_income": null,
            "net_income_4q": null,
            "revenue": null,
            "revenue_4q": null,
            "common_shares": null,
            "book_valuer_per_share": null,
            "book_valuer_per_share_4q_avg": 2.13,
            "equity": null,
            "current_ratio": null,
            "debt_ratio": null,
            "inventory_turnover_ratio": null,
            "account_receivable_turnover_ratio": null,
            "reinvestment_rate": null,
            "research_to_sale_ratio": null,
            "price_fair": 0,
            "eps_avg_yearly": 0,
            "eps_latest_yearly": 0,
            "eps_growth_yearly": 0
        },
        "20064": {
            "year_quarter": 20064,
            "year": 2006,
            "quarter": 4,
            "eps": null,
            "eps_growth_year": null,
            "eps_4q": null,
            "eps_4q_growth_year": null,
            "roe": null,
            "roe_4q": 0,
            "gross_profit": null,
            "gross_margin": null,
            "gross_margin_4q_avg": 0,
            "net_income": null,
            "net_income_4q": null,
            "revenue": null,
            "revenue_4q": null,
            "common_shares": 199657,
            "book_valuer_per_share": 9.53,
            "book_valuer_per_share_4q_avg": 2.38,
            "equity": 190363,
            "current_ratio": 341.47,
            "debt_ratio": 29.97,
            "inventory_turnover_ratio": null,
            "account_receivable_turnover_ratio": null,
            "reinvestment_rate": null,
            "research_to_sale_ratio": null,
            "price_fair": 0,
            "eps_avg_yearly": 0,
            "eps_latest_yearly": 0,
            "eps_growth_yearly": 0
        },
        "20071": {
            "year_quarter": 20071,
            "year": 2007,
            "quarter": 1,
            "eps": null,
            "eps_growth_year": null,
            "eps_4q": null,
            "eps_4q_growth_year": null,
            "roe": null,
            "roe_4q": 0,
            "gross_profit": null,
            "gross_margin": null,
            "gross_margin_4q_avg": 0,
            "net_income": null,
            "net_income_4q": null,
            "revenue": null,
            "revenue_4q": null,
            "common_shares": null,
            "book_valuer_per_share": null,
            "book_valuer_per_share_4q_avg": 2.38,
            "equity": null,
            "current_ratio": null,
            "debt_ratio": null,
            "inventory_turnover_ratio": null,
            "account_receivable_turnover_ratio": null,
            "reinvestment_rate": null,
            "research_to_sale_ratio": null,
            "price_fair": 0,
            "eps_avg_yearly": 0,
            "eps_latest_yearly": 0,
            "eps_growth_yearly": 0
        },
        "20072": {
            "year_quarter": 20072,
            "year": 2007,
            "quarter": 2,
            "eps": null,
            "eps_growth_year": null,
            "eps_4q": null,
            "eps_4q_growth_year": null,
            "roe": null,
            "roe_4q": 0,
            "gross_profit": null,
            "gross_margin": null,
            "gross_margin_4q_avg": 0,
            "net_income": null,
            "net_income_4q": null,
            "revenue": null,
            "revenue_4q": null,
            "common_shares": null,
            "book_valuer_per_share": null,
            "book_valuer_per_share_4q_avg": 2.38,
            "equity": null,
            "current_ratio": null,
            "debt_ratio": null,
            "inventory_turnover_ratio": null,
            "account_receivable_turnover_ratio": null,
            "reinvestment_rate": null,
            "research_to_sale_ratio": null,
            "price_fair": 0,
            "eps_avg_yearly": 0,
            "eps_latest_yearly": 0,
            "eps_growth_yearly": 0
        },
        "20073": {
            "year_quarter": 20073,
            "year": 2007,
            "quarter": 3,
            "eps": null,
            "eps_growth_year": null,
            "eps_4q": null,
            "eps_4q_growth_year": null,
            "roe": null,
            "roe_4q": 0,
            "gross_profit": null,
            "gross_margin": null,
            "gross_margin_4q_avg": 0,
            "net_income": null,
            "net_income_4q": null,
            "revenue": null,
            "revenue_4q": null,
            "common_shares": null,
            "book_valuer_per_share": null,
            "book_valuer_per_share_4q_avg": 2.38,
            "equity": null,
            "current_ratio": null,
            "debt_ratio": null,
            "inventory_turnover_ratio": null,
            "account_receivable_turnover_ratio": null,
            "reinvestment_rate": null,
            "research_to_sale_ratio": null,
            "price_fair": 0,
            "eps_avg_yearly": 0,
            "eps_latest_yearly": 0,
            "eps_growth_yearly": 0
        },
        "20074": {
            "year_quarter": 20074,
            "year": 2007,
            "quarter": 4,
            "eps": null,
            "eps_growth_year": null,
            "eps_4q": null,
            "eps_4q_growth_year": null,
            "roe": null,
            "roe_4q": 0,
            "gross_profit": null,
            "gross_margin": null,
            "gross_margin_4q_avg": 0,
            "net_income": null,
            "net_income_4q": null,
            "revenue": null,
            "revenue_4q": null,
            "common_shares": 199657,
            "book_valuer_per_share": 12.17,
            "book_valuer_per_share_4q_avg": 3.04,
            "equity": 242928,
            "current_ratio": 360.39,
            "debt_ratio": 25.27,
            "inventory_turnover_ratio": null,
            "account_receivable_turnover_ratio": null,
            "reinvestment_rate": null,
            "research_to_sale_ratio": null,
            "price_fair": 0,
            "eps_avg_yearly": 0,
            "eps_latest_yearly": 0,
            "eps_growth_yearly": 0
        },
        "20081": {
            "year_quarter": 20081,
            "year": 2008,
            "quarter": 1,
            "eps": null,
            "eps_growth_year": null,
            "eps_4q": null,
            "eps_4q_growth_year": null,
            "roe": null,
            "roe_4q": 0,
            "gross_profit": null,
            "gross_margin": null,
            "gross_margin_4q_avg": 0,
            "net_income": null,
            "net_income_4q": null,
            "revenue": null,
            "revenue_4q": null,
            "common_shares": null,
            "book_valuer_per_share": null,
            "book_valuer_per_share_4q_avg": 3.04,
            "equity": null,
            "current_ratio": null,
            "debt_ratio": null,
            "inventory_turnover_ratio": null,
            "account_receivable_turnover_ratio": null,
            "reinvestment_rate": null,
            "research_to_sale_ratio": null,
            "price_fair": 0,
            "eps_avg_yearly": 0,
            "eps_latest_yearly": 0,
            "eps_growth_yearly": 0
        },
        "20082": {
            "year_quarter": 20082,
            "year": 2008,
            "quarter": 2,
            "eps": null,
            "eps_growth_year": null,
            "eps_4q": null,
            "eps_4q_growth_year": null,
            "roe": null,
            "roe_4q": 0,
            "gross_profit": null,
            "gross_margin": null,
            "gross_margin_4q_avg": 0,
            "net_income": null,
            "net_income_4q": null,
            "revenue": null,
            "revenue_4q": null,
            "common_shares": null,
            "book_valuer_per_share": null,
            "book_valuer_per_share_4q_avg": 3.04,
            "equity": null,
            "current_ratio": null,
            "debt_ratio": null,
            "inventory_turnover_ratio": null,
            "account_receivable_turnover_ratio": null,
            "reinvestment_rate": null,
            "research_to_sale_ratio": null,
            "price_fair": 0,
            "eps_avg_yearly": 0,
            "eps_latest_yearly": 0,
            "eps_growth_yearly": 0
        },
        "20083": {
            "year_quarter": 20083,
            "year": 2008,
            "quarter": 3,
            "eps": null,
            "eps_growth_year": null,
            "eps_4q": null,
            "eps_4q_growth_year": null,
            "roe": null,
            "roe_4q": 0,
            "gross_profit": null,
            "gross_margin": null,
            "gross_margin_4q_avg": 0,
            "net_income": null,
            "net_income_4q": null,
            "revenue": null,
            "revenue_4q": null,
            "common_shares": null,
            "book_valuer_per_share": null,
            "book_valuer_per_share_4q_avg": 3.04,
            "equity": null,
            "current_ratio": null,
            "debt_ratio": null,
            "inventory_turnover_ratio": null,
            "account_receivable_turnover_ratio": null,
            "reinvestment_rate": null,
            "research_to_sale_ratio": null,
            "price_fair": 0,
            "eps_avg_yearly": 0,
            "eps_latest_yearly": 0,
            "eps_growth_yearly": 0
        },
        "20084": {
            "year_quarter": 20084,
            "year": 2008,
            "quarter": 4,
            "eps": null,
            "eps_growth_year": null,
            "eps_4q": null,
            "eps_4q_growth_year": null,
            "roe": null,
            "roe_4q": 0,
            "gross_profit": null,
            "gross_margin": null,
            "gross_margin_4q_avg": 0,
            "net_income": null,
            "net_income_4q": null,
            "revenue": null,
            "revenue_4q": null,
            "common_shares": 273305,
            "book_valuer_per_share": 17.72,
            "book_valuer_per_share_4q_avg": 4.43,
            "equity": 484345,
            "current_ratio": 398.94,
            "debt_ratio": 27.26,
            "inventory_turnover_ratio": null,
            "account_receivable_turnover_ratio": null,
            "reinvestment_rate": null,
            "research_to_sale_ratio": null,
            "price_fair": 0,
            "eps_avg_yearly": 0,
            "eps_latest_yearly": 0,
            "eps_growth_yearly": 0
        },
        "20091": {
            "year_quarter": 20091,
            "year": 2009,
            "quarter": 1,
            "eps": null,
            "eps_growth_year": null,
            "eps_4q": null,
            "eps_4q_growth_year": null,
            "roe": null,
            "roe_4q": 0,
            "gross_profit": null,
            "gross_margin": null,
            "gross_margin_4q_avg": 0,
            "net_income": null,
            "net_income_4q": null,
            "revenue": null,
            "revenue_4q": null,
            "common_shares": null,
            "book_valuer_per_share": null,
            "book_valuer_per_share_4q_avg": 4.43,
            "equity": null,
            "current_ratio": null,
            "debt_ratio": null,
            "inventory_turnover_ratio": null,
            "account_receivable_turnover_ratio": null,
            "reinvestment_rate": null,
            "research_to_sale_ratio": null,
            "price_fair": 0,
            "eps_avg_yearly": 0,
            "eps_latest_yearly": 0,
            "eps_growth_yearly": 0
        },
        "20092": {
            "year_quarter": 20092,
            "year": 2009,
            "quarter": 2,
            "eps": null,
            "eps_growth_year": null,
            "eps_4q": null,
            "eps_4q_growth_year": null,
            "roe": null,
            "roe_4q": 0,
            "gross_profit": null,
            "gross_margin": null,
            "gross_margin_4q_avg": 0,
            "net_income": null,
            "net_income_4q": null,
            "revenue": null,
            "revenue_4q": null,
            "common_shares": 0,
            "book_valuer_per_share": null,
            "book_valuer_per_share_4q_avg": 4.43,
            "equity": 0,
            "current_ratio": null,
            "debt_ratio": null,
            "inventory_turnover_ratio": null,
            "account_receivable_turnover_ratio": null,
            "reinvestment_rate": null,
            "research_to_sale_ratio": null,
            "price_fair": 0,
            "eps_avg_yearly": 0,
            "eps_latest_yearly": 0,
            "eps_growth_yearly": 0
        },
        "20093": {
            "year_quarter": 20093,
            "year": 2009,
            "quarter": 3,
            "eps": null,
            "eps_growth_year": null,
            "eps_4q": null,
            "eps_4q_growth_year": null,
            "roe": null,
            "roe_4q": 0,
            "gross_profit": null,
            "gross_margin": null,
            "gross_margin_4q_avg": 0,
            "net_income": null,
            "net_income_4q": null,
            "revenue": null,
            "revenue_4q": null,
            "common_shares": null,
            "book_valuer_per_share": null,
            "book_valuer_per_share_4q_avg": 4.43,
            "equity": null,
            "current_ratio": null,
            "debt_ratio": null,
            "inventory_turnover_ratio": null,
            "account_receivable_turnover_ratio": null,
            "reinvestment_rate": null,
            "research_to_sale_ratio": null,
            "price_fair": 0,
            "eps_avg_yearly": 0,
            "eps_latest_yearly": 0,
            "eps_growth_yearly": 0
        },
        "20094": {
            "year_quarter": 20094,
            "year": 2009,
            "quarter": 4,
            "eps": null,
            "eps_growth_year": null,
            "eps_4q": null,
            "eps_4q_growth_year": null,
            "roe": null,
            "roe_4q": 0,
            "gross_profit": null,
            "gross_margin": null,
            "gross_margin_4q_avg": 0,
            "net_income": null,
            "net_income_4q": null,
            "revenue": null,
            "revenue_4q": null,
            "common_shares": 288772,
            "book_valuer_per_share": 18.83,
            "book_valuer_per_share_4q_avg": 4.71,
            "equity": 543624,
            "current_ratio": 405.3,
            "debt_ratio": 26.54,
            "inventory_turnover_ratio": null,
            "account_receivable_turnover_ratio": null,
            "reinvestment_rate": null,
            "research_to_sale_ratio": null,
            "price_fair": 0,
            "eps_avg_yearly": 0,
            "eps_latest_yearly": 0,
            "eps_growth_yearly": 0
        },
        "20101": {
            "year_quarter": 20101,
            "year": 2010,
            "quarter": 1,
            "eps": null,
            "eps_growth_year": null,
            "eps_4q": null,
            "eps_4q_growth_year": null,
            "roe": null,
            "roe_4q": 0,
            "gross_profit": null,
            "gross_margin": null,
            "gross_margin_4q_avg": 0,
            "net_income": null,
            "net_income_4q": null,
            "revenue": null,
            "revenue_4q": null,
            "common_shares": null,
            "book_valuer_per_share": null,
            "book_valuer_per_share_4q_avg": 4.71,
            "equity": null,
            "current_ratio": null,
            "debt_ratio": null,
            "inventory_turnover_ratio": null,
            "account_receivable_turnover_ratio": null,
            "reinvestment_rate": null,
            "research_to_sale_ratio": null,
            "price_fair": 0,
            "eps_avg_yearly": 0,
            "eps_latest_yearly": 0,
            "eps_growth_yearly": 0
        },
        "20102": {
            "year_quarter": 20102,
            "year": 2010,
            "quarter": 2,
            "eps": null,
            "eps_growth_year": null,
            "eps_4q": null,
            "eps_4q_growth_year": null,
            "roe": null,
            "roe_4q": 0,
            "gross_profit": null,
            "gross_margin": null,
            "gross_margin_4q_avg": 0,
            "net_income": null,
            "net_income_4q": null,
            "revenue": null,
            "revenue_4q": null,
            "common_shares": 315460,
            "book_valuer_per_share": 18.8,
            "book_valuer_per_share_4q_avg": 9.41,
            "equity": 592932,
            "current_ratio": 431.61,
            "debt_ratio": 26.55,
            "inventory_turnover_ratio": null,
            "account_receivable_turnover_ratio": null,
            "reinvestment_rate": null,
            "research_to_sale_ratio": null,
            "price_fair": 0,
            "eps_avg_yearly": 0,
            "eps_latest_yearly": 0,
            "eps_growth_yearly": 0
        },
        "20103": {
            "year_quarter": 20103,
            "year": 2010,
            "quarter": 3,
            "eps": null,
            "eps_growth_year": null,
            "eps_4q": null,
            "eps_4q_growth_year": null,
            "roe": null,
            "roe_4q": 0,
            "gross_profit": null,
            "gross_margin": null,
            "gross_margin_4q_avg": 0,
            "net_income": null,
            "net_income_4q": null,
            "revenue": null,
            "revenue_4q": null,
            "common_shares": null,
            "book_valuer_per_share": null,
            "book_valuer_per_share_4q_avg": 9.41,
            "equity": null,
            "current_ratio": null,
            "debt_ratio": null,
            "inventory_turnover_ratio": null,
            "account_receivable_turnover_ratio": null,
            "reinvestment_rate": null,
            "research_to_sale_ratio": null,
            "price_fair": 0,
            "eps_avg_yearly": 0,
            "eps_latest_yearly": 0,
            "eps_growth_yearly": 0
        },
        "20104": {
            "year_quarter": 20104,
            "year": 2010,
            "quarter": 4,
            "eps": null,
            "eps_growth_year": null,
            "eps_4q": null,
            "eps_4q_growth_year": null,
            "roe": null,
            "roe_4q": 0,
            "gross_profit": null,
            "gross_margin": null,
            "gross_margin_4q_avg": 0,
            "net_income": null,
            "net_income_4q": null,
            "revenue": null,
            "revenue_4q": null,
            "common_shares": 315790,
            "book_valuer_per_share": 18.94,
            "book_valuer_per_share_4q_avg": 9.44,
            "equity": 598247,
            "current_ratio": 370.9,
            "debt_ratio": 28.98,
            "inventory_turnover_ratio": null,
            "account_receivable_turnover_ratio": null,
            "reinvestment_rate": null,
            "research_to_sale_ratio": null,
            "price_fair": 0,
            "eps_avg_yearly": 0,
            "eps_latest_yearly": 0,
            "eps_growth_yearly": 0
        },
        "20111": {
            "year_quarter": 20111,
            "year": 2011,
            "quarter": 1,
            "eps": null,
            "eps_growth_year": null,
            "eps_4q": null,
            "eps_4q_growth_year": null,
            "roe": null,
            "roe_4q": 0,
            "gross_profit": null,
            "gross_margin": null,
            "gross_margin_4q_avg": 0,
            "net_income": null,
            "net_income_4q": null,
            "revenue": null,
            "revenue_4q": null,
            "common_shares": null,
            "book_valuer_per_share": null,
            "book_valuer_per_share_4q_avg": 9.44,
            "equity": null,
            "current_ratio": null,
            "debt_ratio": null,
            "inventory_turnover_ratio": null,
            "account_receivable_turnover_ratio": null,
            "reinvestment_rate": null,
            "research_to_sale_ratio": null,
            "price_fair": 0,
            "eps_avg_yearly": 0,
            "eps_latest_yearly": 0,
            "eps_growth_yearly": 0
        },
        "20112": {
            "year_quarter": 20112,
            "year": 2011,
            "quarter": 2,
            "eps": null,
            "eps_growth_year": null,
            "eps_4q": null,
            "eps_4q_growth_year": null,
            "roe": null,
            "roe_4q": 0,
            "gross_profit": null,
            "gross_margin": null,
            "gross_margin_4q_avg": 0,
            "net_income": null,
            "net_income_4q": null,
            "revenue": null,
            "revenue_4q": null,
            "common_shares": 323540,
            "book_valuer_per_share": 19.07,
            "book_valuer_per_share_4q_avg": 9.5,
            "equity": 617120,
            "current_ratio": 344.23,
            "debt_ratio": 29.91,
            "inventory_turnover_ratio": null,
            "account_receivable_turnover_ratio": null,
            "reinvestment_rate": null,
            "research_to_sale_ratio": null,
            "price_fair": 0,
            "eps_avg_yearly": 0,
            "eps_latest_yearly": 0,
            "eps_growth_yearly": 0
        },
        "20113": {
            "year_quarter": 20113,
            "year": 2011,
            "quarter": 3,
            "eps": null,
            "eps_growth_year": null,
            "eps_4q": null,
            "eps_4q_growth_year": null,
            "roe": null,
            "roe_4q": 0,
            "gross_profit": null,
            "gross_margin": null,
            "gross_margin_4q_avg": 0,
            "net_income": null,
            "net_income_4q": null,
            "revenue": null,
            "revenue_4q": null,
            "common_shares": null,
            "book_valuer_per_share": null,
            "book_valuer_per_share_4q_avg": 9.5,
            "equity": null,
            "current_ratio": null,
            "debt_ratio": null,
            "inventory_turnover_ratio": null,
            "account_receivable_turnover_ratio": null,
            "reinvestment_rate": null,
            "research_to_sale_ratio": null,
            "price_fair": 0,
            "eps_avg_yearly": 0,
            "eps_latest_yearly": 0,
            "eps_growth_yearly": 0
        },
        "20114": {
            "year_quarter": 20114,
            "year": 2011,
            "quarter": 4,
            "eps": null,
            "eps_growth_year": null,
            "eps_4q": null,
            "eps_4q_growth_year": null,
            "roe": null,
            "roe_4q": 0,
            "gross_profit": null,
            "gross_margin": null,
            "gross_margin_4q_avg": 0,
            "net_income": null,
            "net_income_4q": null,
            "revenue": null,
            "revenue_4q": null,
            "common_shares": 338446,
            "book_valuer_per_share": 19.33,
            "book_valuer_per_share_4q_avg": 9.6,
            "equity": 654195,
            "current_ratio": 241.83,
            "debt_ratio": 39.25,
            "inventory_turnover_ratio": null,
            "account_receivable_turnover_ratio": null,
            "reinvestment_rate": null,
            "research_to_sale_ratio": null,
            "price_fair": 0,
            "eps_avg_yearly": 0,
            "eps_latest_yearly": 0,
            "eps_growth_yearly": 0
        },
        "20121": {
            "year_quarter": 20121,
            "year": 2012,
            "quarter": 1,
            "eps": null,
            "eps_growth_year": null,
            "eps_4q": null,
            "eps_4q_growth_year": null,
            "roe": null,
            "roe_4q": 0,
            "gross_profit": null,
            "gross_margin": null,
            "gross_margin_4q_avg": 0,
            "net_income": null,
            "net_income_4q": null,
            "revenue": null,
            "revenue_4q": null,
            "common_shares": null,
            "book_valuer_per_share": null,
            "book_valuer_per_share_4q_avg": 9.6,
            "equity": null,
            "current_ratio": null,
            "debt_ratio": null,
            "inventory_turnover_ratio": null,
            "account_receivable_turnover_ratio": null,
            "reinvestment_rate": null,
            "research_to_sale_ratio": null,
            "price_fair": 0,
            "eps_avg_yearly": 0,
            "eps_latest_yearly": 0,
            "eps_growth_yearly": 0
        },
        "20122": {
            "year_quarter": 20122,
            "year": 2012,
            "quarter": 2,
            "eps": null,
            "eps_growth_year": null,
            "eps_4q": null,
            "eps_4q_growth_year": null,
            "roe": null,
            "roe_4q": 0,
            "gross_profit": null,
            "gross_margin": null,
            "gross_margin_4q_avg": 0,
            "net_income": null,
            "net_income_4q": null,
            "revenue": null,
            "revenue_4q": null,
            "common_shares": 338896,
            "book_valuer_per_share": 21.38,
            "book_valuer_per_share_4q_avg": 10.18,
            "equity": 724517,
            "current_ratio": 277.61,
            "debt_ratio": 36.56,
            "inventory_turnover_ratio": null,
            "account_receivable_turnover_ratio": null,
            "reinvestment_rate": null,
            "research_to_sale_ratio": null,
            "price_fair": 0,
            "eps_avg_yearly": 0,
            "eps_latest_yearly": 0,
            "eps_growth_yearly": 0
        },
        "20123": {
            "year_quarter": 20123,
            "year": 2012,
            "quarter": 3,
            "eps": null,
            "eps_growth_year": null,
            "eps_4q": null,
            "eps_4q_growth_year": null,
            "roe": null,
            "roe_4q": 0,
            "gross_profit": 80819,
            "gross_margin": null,
            "gross_margin_4q_avg": 0,
            "net_income": -27788,
            "net_income_4q": null,
            "revenue": 526922,
            "revenue_4q": null,
            "common_shares": 352452,
            "book_valuer_per_share": null,
            "book_valuer_per_share_4q_avg": 10.18,
            "equity": 705329,
            "current_ratio": null,
            "debt_ratio": null,
            "inventory_turnover_ratio": null,
            "account_receivable_turnover_ratio": null,
            "reinvestment_rate": null,
            "research_to_sale_ratio": null,
            "price_fair": 0,
            "eps_avg_yearly": 0,
            "eps_latest_yearly": 0,
            "eps_growth_yearly": 0
        },
        "20124": {
            "year_quarter": 20124,
            "year": 2012,
            "quarter": 4,
            "eps": null,
            "eps_growth_year": null,
            "eps_4q": null,
            "eps_4q_growth_year": null,
            "roe": null,
            "roe_4q": 0,
            "gross_profit": 85400,
            "gross_margin": null,
            "gross_margin_4q_avg": 0,
            "net_income": 5351,
            "net_income_4q": null,
            "revenue": 535858,
            "revenue_4q": null,
            "common_shares": 356962,
            "book_valuer_per_share": 19.49,
            "book_valuer_per_share_4q_avg": 10.22,
            "equity": 695859,
            "current_ratio": 243.3,
            "debt_ratio": 41.39,
            "inventory_turnover_ratio": null,
            "account_receivable_turnover_ratio": null,
            "reinvestment_rate": null,
            "research_to_sale_ratio": null,
            "price_fair": 0,
            "eps_avg_yearly": 0,
            "eps_latest_yearly": 0,
            "eps_growth_yearly": 0
        },
        "20131": {
            "year_quarter": 20131,
            "year": 2013,
            "quarter": 1,
            "eps": null,
            "eps_growth_year": null,
            "eps_4q": null,
            "eps_4q_growth_year": null,
            "roe": null,
            "roe_4q": 0,
            "gross_profit": 108074,
            "gross_margin": null,
            "gross_margin_4q_avg": 0,
            "net_income": 15751,
            "net_income_4q": null,
            "revenue": 543429,
            "revenue_4q": null,
            "common_shares": 356962,
            "book_valuer_per_share": 20.56,
            "book_valuer_per_share_4q_avg": 15.36,
            "equity": 733984,
            "current_ratio": 273.11,
            "debt_ratio": 39.03,
            "inventory_turnover_ratio": null,
            "account_receivable_turnover_ratio": null,
            "reinvestment_rate": null,
            "research_to_sale_ratio": null,
            "price_fair": 0,
            "eps_avg_yearly": 0,
            "eps_latest_yearly": 0,
            "eps_growth_yearly": 0
        },
        "20132": {
            "year_quarter": 20132,
            "year": 2013,
            "quarter": 2,
            "eps": 0.26,
            "eps_growth_year": null,
            "eps_4q": 0.26,
            "eps_4q_growth_year": null,
            "roe": 1.28,
            "roe_4q": 1.28,
            "gross_profit": 83774,
            "gross_margin": 16.37,
            "gross_margin_4q_avg": 4.09,
            "net_income": 9490,
            "net_income_4q": null,
            "revenue": 511814,
            "revenue_4q": null,
            "common_shares": 356962,
            "book_valuer_per_share": 20.9,
            "book_valuer_per_share_4q_avg": 15.24,
            "equity": 746006,
            "current_ratio": 251.99,
            "debt_ratio": 41.22,
            "inventory_turnover_ratio": 137.02,
            "account_receivable_turnover_ratio": 2.09,
            "reinvestment_rate": null,
            "research_to_sale_ratio": null,
            "price_fair": 0,
            "eps_avg_yearly": 0,
            "eps_latest_yearly": 0,
            "eps_growth_yearly": 0
        },
        "20133": {
            "year_quarter": 20133,
            "year": 2013,
            "quarter": 3,
            "eps": 0.27,
            "eps_growth_year": null,
            "eps_4q": 0.53,
            "eps_4q_growth_year": null,
            "roe": 1.35,
            "roe_4q": 2.63,
            "gross_profit": 110066,
            "gross_margin": 19.68,
            "gross_margin_4q_avg": 9.01,
            "net_income": 10133,
            "net_income_4q": null,
            "revenue": 559301,
            "revenue_4q": null,
            "common_shares": 371240,
            "book_valuer_per_share": 20.24,
            "book_valuer_per_share_4q_avg": 20.3,
            "equity": 751314,
            "current_ratio": 248.59,
            "debt_ratio": 42.62,
            "inventory_turnover_ratio": 156.01,
            "account_receivable_turnover_ratio": 1.09,
            "reinvestment_rate": null,
            "research_to_sale_ratio": null,
            "price_fair": 27.42,
            "eps_avg_yearly": 1.08,
            "eps_latest_yearly": 1.08,
            "eps_growth_yearly": 15.38
        },
        "20134": {
            "year_quarter": 20134,
            "year": 2013,
            "quarter": 4,
            "eps": 0.64,
            "eps_growth_year": null,
            "eps_4q": 1.16,
            "eps_4q_growth_year": null,
            "roe": 3.14,
            "roe_4q": 5.7700000000000005,
            "gross_profit": 93590,
            "gross_margin": 16.93,
            "gross_margin_4q_avg": 13.25,
            "net_income": 24189,
            "net_income_4q": null,
            "revenue": 552665,
            "revenue_4q": null,
            "common_shares": 371240,
            "book_valuer_per_share": 20.99,
            "book_valuer_per_share_4q_avg": 20.67,
            "equity": 788835,
            "current_ratio": 231.23,
            "debt_ratio": 44.79,
            "inventory_turnover_ratio": 260.25,
            "account_receivable_turnover_ratio": 1.04,
            "reinvestment_rate": null,
            "research_to_sale_ratio": null,
            "price_fair": 63.7,
            "eps_avg_yearly": 1.82,
            "eps_latest_yearly": 2.56,
            "eps_growth_yearly": 281.77
        },
        "20141": {
            "year_quarter": 20141,
            "year": 2014,
            "quarter": 1,
            "eps": 0.68,
            "eps_growth_year": null,
            "eps_4q": 1.72,
            "eps_4q_growth_year": null,
            "roe": 3.2,
            "roe_4q": 8.969999999999999,
            "gross_profit": 117783,
            "gross_margin": 20.06,
            "gross_margin_4q_avg": 18.26,
            "net_income": 28072,
            "net_income_4q": null,
            "revenue": 587044,
            "revenue_4q": null,
            "common_shares": 417650,
            "book_valuer_per_share": 23.08,
            "book_valuer_per_share_4q_avg": 21.3,
            "equity": 963963,
            "current_ratio": 274.92,
            "debt_ratio": 38.45,
            "inventory_turnover_ratio": 332.22,
            "account_receivable_turnover_ratio": 1.07,
            "reinvestment_rate": null,
            "research_to_sale_ratio": null,
            "price_fair": 74.2,
            "eps_avg_yearly": 2.12,
            "eps_latest_yearly": 2.72,
            "eps_growth_yearly": 196.18
        },
        "20142": {
            "year_quarter": 20142,
            "year": 2014,
            "quarter": 2,
            "eps": 0.87,
            "eps_growth_year": 240.34,
            "eps_4q": 2.34,
            "eps_4q_growth_year": 814.86,
            "roe": 3.88,
            "roe_4q": 11.57,
            "gross_profit": 125367,
            "gross_margin": 20.74,
            "gross_margin_4q_avg": 19.35,
            "net_income": 37233,
            "net_income_4q": null,
            "revenue": 604585,
            "revenue_4q": null,
            "common_shares": 417650,
            "book_valuer_per_share": 22.9,
            "book_valuer_per_share_4q_avg": 21.8,
            "equity": 956389,
            "current_ratio": 245.13,
            "debt_ratio": 42.42,
            "inventory_turnover_ratio": 680.71,
            "account_receivable_turnover_ratio": 1.05,
            "reinvestment_rate": null,
            "research_to_sale_ratio": null,
            "price_fair": 86.1,
            "eps_avg_yearly": 2.46,
            "eps_latest_yearly": 3.48,
            "eps_growth_yearly": 175.07
        },
        "20143": {
            "year_quarter": 20143,
            "year": 2014,
            "quarter": 3,
            "eps": 0.56,
            "eps_growth_year": 107.41,
            "eps_4q": 2.66,
            "eps_4q_growth_year": 403.2,
            "roe": 2.45,
            "roe_4q": 12.670000000000002,
            "gross_profit": 119019,
            "gross_margin": 19.95,
            "gross_margin_4q_avg": 19.42,
            "net_income": 23815,
            "net_income_4q": null,
            "revenue": 596647,
            "revenue_4q": null,
            "common_shares": 426003,
            "book_valuer_per_share": 23.22,
            "book_valuer_per_share_4q_avg": 22.55,
            "equity": 989300,
            "current_ratio": 260.07,
            "debt_ratio": 40.23,
            "inventory_turnover_ratio": null,
            "account_receivable_turnover_ratio": 0.97,
            "reinvestment_rate": null,
            "research_to_sale_ratio": null,
            "price_fair": 84.56,
            "eps_avg_yearly": 2.42,
            "eps_latest_yearly": 2.24,
            "eps_growth_yearly": 111.55
        },
        "20144": {
            "year_quarter": 20144,
            "year": 2014,
            "quarter": 4,
            "eps": 0.79,
            "eps_growth_year": 23.37,
            "eps_4q": 2.88,
            "eps_4q_growth_year": 148.14,
            "roe": 3.32,
            "roe_4q": 12.849999999999998,
            "gross_profit": 119350,
            "gross_margin": 17.22,
            "gross_margin_4q_avg": 19.49,
            "net_income": 33718,
            "net_income_4q": null,
            "revenue": 692915,
            "revenue_4q": null,
            "common_shares": 426003,
            "book_valuer_per_share": 24.45,
            "book_valuer_per_share_4q_avg": 23.41,
            "equity": 1041434,
            "current_ratio": 257.52,
            "debt_ratio": 42.08,
            "inventory_turnover_ratio": null,
            "account_receivable_turnover_ratio": 1.06,
            "reinvestment_rate": null,
            "research_to_sale_ratio": null,
            "price_fair": 88.9,
            "eps_avg_yearly": 2.54,
            "eps_latest_yearly": 3.16,
            "eps_growth_yearly": 120.34
        },
        "20151": {
            "year_quarter": 20151,
            "year": 2015,
            "quarter": 1,
            "eps": 0.63,
            "eps_growth_year": -7.35,
            "eps_4q": 2.86,
            "eps_4q_growth_year": 65.91,
            "roe": 2.56,
            "roe_4q": 12.21,
            "gross_profit": 124030,
            "gross_margin": 19.83,
            "gross_margin_4q_avg": 19.44,
            "net_income": 26881,
            "net_income_4q": null,
            "revenue": 625504,
            "revenue_4q": null,
            "common_shares": 426003,
            "book_valuer_per_share": 24.91,
            "book_valuer_per_share_4q_avg": 23.87,
            "equity": 1061245,
            "current_ratio": 287.08,
            "debt_ratio": 38.89,
            "inventory_turnover_ratio": null,
            "account_receivable_turnover_ratio": 0.92,
            "reinvestment_rate": null,
            "research_to_sale_ratio": null,
            "price_fair": 88.8,
            "eps_avg_yearly": 2.54,
            "eps_latest_yearly": 2.52,
            "eps_growth_yearly": 91.58
        },
        "20152": {
            "year_quarter": 20152,
            "year": 2015,
            "quarter": 2,
            "eps": 0.52,
            "eps_growth_year": -40.23,
            "eps_4q": 2.42,
            "eps_4q_growth_year": 3.69,
            "roe": 2.12,
            "roe_4q": 10.45,
            "gross_profit": 133380,
            "gross_margin": 20.9,
            "gross_margin_4q_avg": 19.48,
            "net_income": 21986,
            "net_income_4q": null,
            "revenue": 638208,
            "revenue_4q": null,
            "common_shares": 426003,
            "book_valuer_per_share": 23.77,
            "book_valuer_per_share_4q_avg": 24.09,
            "equity": 1012466,
            "current_ratio": 251.91,
            "debt_ratio": 43.3,
            "inventory_turnover_ratio": 2692.42,
            "account_receivable_turnover_ratio": 0.87,
            "reinvestment_rate": null,
            "research_to_sale_ratio": null,
            "price_fair": 86.8,
            "eps_avg_yearly": 2.48,
            "eps_latest_yearly": 2.08,
            "eps_growth_yearly": 71.4
        },
        "20153": {
            "year_quarter": 20153,
            "year": 2015,
            "quarter": 3,
            "eps": 0.32,
            "eps_growth_year": -42.86,
            "eps_4q": 2.2,
            "eps_4q_growth_year": -17.29,
            "roe": 1.34,
            "roe_4q": 9.34,
            "gross_profit": 107096,
            "gross_margin": 16.98,
            "gross_margin_4q_avg": 18.73,
            "net_income": 13947,
            "net_income_4q": null,
            "revenue": 630883,
            "revenue_4q": null,
            "common_shares": 438783,
            "book_valuer_per_share": 24.23,
            "book_valuer_per_share_4q_avg": 24.34,
            "equity": 1063153,
            "current_ratio": 261.06,
            "debt_ratio": 42.02,
            "inventory_turnover_ratio": 1396.77,
            "account_receivable_turnover_ratio": 0.79,
            "reinvestment_rate": null,
            "research_to_sale_ratio": null,
            "price_fair": 82.13,
            "eps_avg_yearly": 2.35,
            "eps_latest_yearly": 1.28,
            "eps_growth_yearly": 46.37
        },
        "20154": {
            "year_quarter": 20154,
            "year": 2015,
            "quarter": 4,
            "eps": -1.08,
            "eps_growth_year": -235.92,
            "eps_4q": 0.36,
            "eps_4q_growth_year": -87.66,
            "roe": -4.56,
            "roe_4q": 1.4600000000000004,
            "gross_profit": 61390,
            "gross_margin": 10.11,
            "gross_margin_4q_avg": 16.96,
            "net_income": -47204,
            "net_income_4q": null,
            "revenue": 607340,
            "revenue_4q": null,
            "common_shares": 438783,
            "book_valuer_per_share": 22.94,
            "book_valuer_per_share_4q_avg": 23.96,
            "equity": 1006718,
            "current_ratio": 238.21,
            "debt_ratio": 45.64,
            "inventory_turnover_ratio": 1455.87,
            "account_receivable_turnover_ratio": 0.83,
            "reinvestment_rate": null,
            "research_to_sale_ratio": null,
            "price_fair": 82.13,
            "eps_avg_yearly": 2.35,
            "eps_latest_yearly": 1.28,
            "eps_growth_yearly": 46.37
        },
        "20161": {
            "year_quarter": 20161,
            "year": 2016,
            "quarter": 1,
            "eps": 0.3,
            "eps_growth_year": -52.38,
            "eps_4q": 0.04,
            "eps_4q_growth_year": -98.44,
            "roe": 1.31,
            "roe_4q": 0.21000000000000063,
            "gross_profit": 109775,
            "gross_margin": 16.34,
            "gross_margin_4q_avg": 16.08,
            "net_income": 13227,
            "net_income_4q": null,
            "revenue": 671674,
            "revenue_4q": null,
            "common_shares": 438783,
            "book_valuer_per_share": 22.97,
            "book_valuer_per_share_4q_avg": 23.48,
            "equity": 1008038,
            "current_ratio": 255.34,
            "debt_ratio": 42.84,
            "inventory_turnover_ratio": 2996.79,
            "account_receivable_turnover_ratio": 1.02,
            "reinvestment_rate": null,
            "research_to_sale_ratio": null,
            "price_fair": 82.13,
            "eps_avg_yearly": 2.35,
            "eps_latest_yearly": 1.28,
            "eps_growth_yearly": 46.37
        },
        "20162": {
            "year_quarter": 20162,
            "year": 2016,
            "quarter": 2,
            "eps": 0.26,
            "eps_growth_year": -50,
            "eps_4q": -0.2,
            "eps_4q_growth_year": -108.04,
            "roe": 1.16,
            "roe_4q": -0.7499999999999998,
            "gross_profit": 104709,
            "gross_margin": 15.67,
            "gross_margin_4q_avg": 14.78,
            "net_income": 11471,
            "net_income_4q": null,
            "revenue": 668013,
            "revenue_4q": null,
            "common_shares": 438783,
            "book_valuer_per_share": 22.25,
            "book_valuer_per_share_4q_avg": 23.1,
            "equity": 976386,
            "current_ratio": 234.21,
            "debt_ratio": 45.98,
            "inventory_turnover_ratio": null,
            "account_receivable_turnover_ratio": 1.01,
            "reinvestment_rate": -257.97,
            "research_to_sale_ratio": 0.04,
            "price_fair": 77.56,
            "eps_avg_yearly": 2.22,
            "eps_latest_yearly": 1.04,
            "eps_growth_yearly": 36.4
        },
        "20163": {
            "year_quarter": 20163,
            "year": 2016,
            "quarter": 3,
            "eps": 0.34,
            "eps_growth_year": 6.25,
            "eps_4q": -0.18,
            "eps_4q_growth_year": -108.32,
            "roe": 1.53,
            "roe_4q": -0.5599999999999996,
            "gross_profit": 149911,
            "gross_margin": 21.71,
            "gross_margin_4q_avg": 15.96,
            "net_income": 14664,
            "net_income_4q": null,
            "revenue": 690557,
            "revenue_4q": null,
            "common_shares": 438783,
            "book_valuer_per_share": 22.07,
            "book_valuer_per_share_4q_avg": 22.56,
            "equity": 945228,
            "current_ratio": 230.57,
            "debt_ratio": 46.72,
            "inventory_turnover_ratio": null,
            "account_receivable_turnover_ratio": 1.05,
            "reinvestment_rate": -1.2,
            "research_to_sale_ratio": 0.03,
            "price_fair": 74.84,
            "eps_avg_yearly": 2.14,
            "eps_latest_yearly": 1.36,
            "eps_growth_yearly": 44.28
        },
        "20164": {
            "year_quarter": 20164,
            "year": 2016,
            "quarter": 4,
            "eps": 0.63,
            "eps_growth_year": null,
            "eps_4q": 1.55,
            "eps_4q_growth_year": 334.63,
            "roe": 2.81,
            "roe_4q": 6.8100000000000005,
            "gross_profit": 133428,
            "gross_margin": 19.6,
            "gross_margin_4q_avg": 18.33,
            "net_income": 26864,
            "net_income_4q": null,
            "revenue": 680783,
            "revenue_4q": null,
            "common_shares": 438783,
            "book_valuer_per_share": 22.57,
            "book_valuer_per_share_4q_avg": 22.47,
            "equity": 966813,
            "current_ratio": 234.39,
            "debt_ratio": 46.12,
            "inventory_turnover_ratio": 18874.31,
            "account_receivable_turnover_ratio": 1.08,
            "reinvestment_rate": -176.01,
            "research_to_sale_ratio": 0.02,
            "price_fair": 75.95,
            "eps_avg_yearly": 2.17,
            "eps_latest_yearly": 2.52,
            "eps_growth_yearly": 69.02
        },
        "20171": {
            "year_quarter": 20171,
            "year": 2017,
            "quarter": 1,
            "eps": 0.33,
            "eps_growth_year": 10,
            "eps_4q": 1.57,
            "eps_4q_growth_year": 3423.77,
            "roe": 1.5,
            "roe_4q": 7.000000000000001,
            "gross_profit": 121772,
            "gross_margin": 18.37,
            "gross_margin_4q_avg": 18.84,
            "net_income": 14280,
            "net_income_4q": null,
            "revenue": 662925,
            "revenue_4q": null,
            "common_shares": 438783,
            "book_valuer_per_share": 21.97,
            "book_valuer_per_share_4q_avg": 22.22,
            "equity": 941157,
            "current_ratio": 258.68,
            "debt_ratio": 42.68,
            "inventory_turnover_ratio": 9577.93,
            "account_receivable_turnover_ratio": 1.1,
            "reinvestment_rate": -3.01,
            "research_to_sale_ratio": 0.01,
            "price_fair": 73.66,
            "eps_avg_yearly": 2.1,
            "eps_latest_yearly": 1.32,
            "eps_growth_yearly": 49.06
        },
        "20172": {
            "year_quarter": 20172,
            "year": 2017,
            "quarter": 2,
            "eps": 0.58,
            "eps_growth_year": 123.08,
            "eps_4q": 1.88,
            "eps_4q_growth_year": null,
            "roe": 2.65,
            "roe_4q": 8.49,
            "gross_profit": 132181,
            "gross_margin": 20.04,
            "gross_margin_4q_avg": 19.93,
            "net_income": 24799,
            "net_income_4q": null,
            "revenue": 659624,
            "revenue_4q": null,
            "common_shares": 438783,
            "book_valuer_per_share": 21.69,
            "book_valuer_per_share_4q_avg": 22.08,
            "equity": 929139,
            "current_ratio": 229.83,
            "debt_ratio": 47.03,
            "inventory_turnover_ratio": 2354.66,
            "account_receivable_turnover_ratio": 1.02,
            "reinvestment_rate": -7.56,
            "research_to_sale_ratio": 0,
            "price_fair": 74.2,
            "eps_avg_yearly": 2.12,
            "eps_latest_yearly": 2.32,
            "eps_growth_yearly": 67.2
        },
        "20173": {
            "year_quarter": 20173,
            "year": 2017,
            "quarter": 3,
            "eps": 0.59,
            "eps_growth_year": 73.53,
            "eps_4q": 2.12,
            "eps_4q_growth_year": null,
            "roe": 2.66,
            "roe_4q": 9.620000000000001,
            "gross_profit": 127512,
            "gross_margin": 18.49,
            "gross_margin_4q_avg": 19.13,
            "net_income": 25278,
            "net_income_4q": null,
            "revenue": 689804,
            "revenue_4q": null,
            "common_shares": 438783,
            "book_valuer_per_share": 22.5,
            "book_valuer_per_share_4q_avg": 22.18,
            "equity": 968816,
            "current_ratio": 249.35,
            "debt_ratio": 43.95,
            "inventory_turnover_ratio": 2121.86,
            "account_receivable_turnover_ratio": 0.97,
            "reinvestment_rate": -6.45,
            "research_to_sale_ratio": 0,
            "price_fair": 77.4,
            "eps_avg_yearly": 2.21,
            "eps_latest_yearly": 2.36,
            "eps_growth_yearly": 66.6
        },
        "20174": {
            "year_quarter": 20174,
            "year": 2017,
            "quarter": 4,
            "eps": 1.04,
            "eps_growth_year": 65.08,
            "eps_4q": 2.52,
            "eps_4q_growth_year": 62.99,
            "roe": 4.54,
            "roe_4q": 11.35,
            "gross_profit": 148863,
            "gross_margin": 19.28,
            "gross_margin_4q_avg": 19.05,
            "net_income": 44882,
            "net_income_4q": null,
            "revenue": 772281,
            "revenue_4q": null,
            "common_shares": 438783,
            "book_valuer_per_share": 23.29,
            "book_valuer_per_share_4q_avg": 22.36,
            "equity": 1009679,
            "current_ratio": 235.94,
            "debt_ratio": 46.14,
            "inventory_turnover_ratio": 4550.5,
            "account_receivable_turnover_ratio": 1.05,
            "reinvestment_rate": -5.8,
            "research_to_sale_ratio": -0,
            "price_fair": 81.4,
            "eps_avg_yearly": 2.33,
            "eps_latest_yearly": 4.16,
            "eps_growth_yearly": 49.23
        },
        "20181": {
            "year_quarter": 20181,
            "year": 2018,
            "quarter": 1,
            "eps": 0.62,
            "eps_growth_year": 87.88,
            "eps_4q": 2.81,
            "eps_4q_growth_year": 79.09,
            "roe": 2.64,
            "roe_4q": 12.49,
            "gross_profit": 194954,
            "gross_margin": 23.85,
            "gross_margin_4q_avg": 20.42,
            "net_income": 27002,
            "net_income_4q": null,
            "revenue": 817462,
            "revenue_4q": null,
            "common_shares": 438783,
            "book_valuer_per_share": 23.98,
            "book_valuer_per_share_4q_avg": 22.87,
            "equity": 1039461,
            "current_ratio": 255.15,
            "debt_ratio": 43.21,
            "inventory_turnover_ratio": 4510.93,
            "account_receivable_turnover_ratio": 1.07,
            "reinvestment_rate": -7.49,
            "research_to_sale_ratio": 0,
            "price_fair": 80.8,
            "eps_avg_yearly": 2.31,
            "eps_latest_yearly": 2.48,
            "eps_growth_yearly": 35.91
        },
        "20182": {
            "year_quarter": 20182,
            "year": 2018,
            "quarter": 2,
            "eps": 1.82,
            "eps_growth_year": 213.79,
            "eps_4q": 3.86,
            "eps_4q_growth_year": 105.19,
            "roe": 8.08,
            "roe_4q": 17.92,
            "gross_profit": 255277,
            "gross_margin": 26.75,
            "gross_margin_4q_avg": 22.09,
            "net_income": 87003,
            "net_income_4q": null,
            "revenue": 954462,
            "revenue_4q": null,
            "common_shares": 438783,
            "book_valuer_per_share": 25.7,
            "book_valuer_per_share_4q_avg": 23.87,
            "equity": 1114152,
            "current_ratio": 228.7,
            "debt_ratio": 44.63,
            "inventory_turnover_ratio": 10060.22,
            "account_receivable_turnover_ratio": 1.06,
            "reinvestment_rate": -5.86,
            "research_to_sale_ratio": 0.05,
            "price_fair": 90.3,
            "eps_avg_yearly": 2.58,
            "eps_latest_yearly": 7.28,
            "eps_growth_yearly": 83.23
        },
        "20183": {
            "year_quarter": 20183,
            "year": 2018,
            "quarter": 3,
            "eps": 1.71,
            "eps_growth_year": 189.83,
            "eps_4q": 4.98,
            "eps_4q_growth_year": 135.3,
            "roe": 7.04,
            "roe_4q": 22.3,
            "gross_profit": 241902,
            "gross_margin": 22.88,
            "gross_margin_4q_avg": 23.19,
            "net_income": 81415,
            "net_income_4q": null,
            "revenue": 1057247,
            "revenue_4q": null,
            "common_shares": 482137,
            "book_valuer_per_share": 24.84,
            "book_valuer_per_share_4q_avg": 24.45,
            "equity": 1197686,
            "current_ratio": 233.7,
            "debt_ratio": 42.05,
            "inventory_turnover_ratio": null,
            "account_receivable_turnover_ratio": 1.01,
            "reinvestment_rate": -4.67,
            "research_to_sale_ratio": 0,
            "price_fair": 101.8,
            "eps_avg_yearly": 2.91,
            "eps_latest_yearly": 6.84,
            "eps_growth_yearly": 91.68
        },
        "20184": {
            "year_quarter": 20184,
            "year": 2018,
            "quarter": 4,
            "eps": 0.96,
            "eps_growth_year": -7.34,
            "eps_4q": 4.2,
            "eps_4q_growth_year": 66.85,
            "roe": 3.82,
            "roe_4q": 21.58,
            "gross_profit": 237262,
            "gross_margin": 21.11,
            "gross_margin_4q_avg": 23.65,
            "net_income": 57770,
            "net_income_4q": null,
            "revenue": 1124150,
            "revenue_4q": null,
            "common_shares": 602137,
            "book_valuer_per_share": 30.35,
            "book_valuer_per_share_4q_avg": 26.22,
            "equity": 1827202,
            "current_ratio": 272.53,
            "debt_ratio": 38.35,
            "inventory_turnover_ratio": null,
            "account_receivable_turnover_ratio": 1,
            "reinvestment_rate": -2.06,
            "research_to_sale_ratio": 0.11,
            "price_fair": 103.5,
            "eps_avg_yearly": 2.96,
            "eps_latest_yearly": 3.84,
            "eps_growth_yearly": 67.41
        },
        "20191": {
            "year_quarter": 20191,
            "year": 2019,
            "quarter": 1,
            "eps": 1.37,
            "eps_growth_year": 120.97,
            "eps_4q": 5.13,
            "eps_4q_growth_year": 82.19,
            "roe": 4.38,
            "roe_4q": 23.32,
            "gross_profit": 307331,
            "gross_margin": 23.92,
            "gross_margin_4q_avg": 23.67,
            "net_income": 82414,
            "net_income_4q": null,
            "revenue": 1284692,
            "revenue_4q": null,
            "common_shares": 602137,
            "book_valuer_per_share": 32.11,
            "book_valuer_per_share_4q_avg": 28.25,
            "equity": 1933353,
            "current_ratio": 257.86,
            "debt_ratio": 35.77,
            "inventory_turnover_ratio": null,
            "account_receivable_turnover_ratio": 1.03,
            "reinvestment_rate": 134.88,
            "research_to_sale_ratio": 0.19,
            "price_fair": 110.9,
            "eps_avg_yearly": 3.17,
            "eps_latest_yearly": 5.48,
            "eps_growth_yearly": 85.4
        },
        "20192": {
            "year_quarter": 20192,
            "year": 2019,
            "quarter": 2,
            "eps": 2.37,
            "eps_growth_year": 30.22,
            "eps_4q": 5.49,
            "eps_4q_growth_year": 42.22,
            "roe": 7.31,
            "roe_4q": 22.55,
            "gross_profit": 367042,
            "gross_margin": 26.06,
            "gross_margin_4q_avg": 23.49,
            "net_income": 143098,
            "net_income_4q": null,
            "revenue": 1408536,
            "revenue_4q": null,
            "common_shares": 603797,
            "book_valuer_per_share": 32.82,
            "book_valuer_per_share_4q_avg": 30.03,
            "equity": 1981877,
            "current_ratio": 223.21,
            "debt_ratio": 39.76,
            "inventory_turnover_ratio": null,
            "account_receivable_turnover_ratio": 0.95,
            "reinvestment_rate": 111.59,
            "research_to_sale_ratio": 0.19,
            "price_fair": 129.4,
            "eps_avg_yearly": 3.7,
            "eps_latest_yearly": 9.48,
            "eps_growth_yearly": 111.25
        },
        "20193": {
            "year_quarter": 20193,
            "year": 2019,
            "quarter": 3,
            "eps": 1.71,
            "eps_growth_year": 0,
            "eps_4q": 5.97,
            "eps_4q_growth_year": 19.81,
            "roe": 5.62,
            "roe_4q": 21.13,
            "gross_profit": 337648,
            "gross_margin": 25.02,
            "gross_margin_4q_avg": 24.03,
            "net_income": 113222,
            "net_income_4q": null,
            "revenue": 1349497,
            "revenue_4q": null,
            "common_shares": 664011,
            "book_valuer_per_share": 30.85,
            "book_valuer_per_share_4q_avg": 31.53,
            "equity": 2048554,
            "current_ratio": 229.63,
            "debt_ratio": 37.98,
            "inventory_turnover_ratio": null,
            "account_receivable_turnover_ratio": 0.83,
            "reinvestment_rate": 111.38,
            "research_to_sale_ratio": 0.13,
            "price_fair": 143.3,
            "eps_avg_yearly": 4.09,
            "eps_latest_yearly": 6.84,
            "eps_growth_yearly": 114.28
        },
        "20194": {
            "year_quarter": 20194,
            "year": 2019,
            "quarter": 4,
            "eps": 1.12,
            "eps_growth_year": 16.77,
            "eps_4q": 6.22,
            "eps_4q_growth_year": 47.96,
            "roe": 3.58,
            "roe_4q": 20.889999999999997,
            "gross_profit": 290538,
            "gross_margin": 22.69,
            "gross_margin_4q_avg": 24.42,
            "net_income": 74389,
            "net_income_4q": null,
            "revenue": 1280739,
            "revenue_4q": null,
            "common_shares": 664011,
            "book_valuer_per_share": 31.76,
            "book_valuer_per_share_4q_avg": 31.89,
            "equity": 2108997,
            "current_ratio": 225.5,
            "debt_ratio": 37.26,
            "inventory_turnover_ratio": null,
            "account_receivable_turnover_ratio": 0.84,
            "reinvestment_rate": 95.39,
            "research_to_sale_ratio": 0.11,
            "price_fair": 144.2,
            "eps_avg_yearly": 4.12,
            "eps_latest_yearly": 4.48,
            "eps_growth_yearly": 97.46
        },
        "20201": {
            "year_quarter": 20201,
            "year": 2020,
            "quarter": 1,
            "eps": 0.96,
            "eps_growth_year": -29.93,
            "eps_4q": 5.94,
            "eps_4q_growth_year": 15.99,
            "roe": 3,
            "roe_4q": 19.509999999999998,
            "gross_profit": 245657,
            "gross_margin": 21.56,
            "gross_margin_4q_avg": 23.83,
            "net_income": 64014,
            "net_income_4q": null,
            "revenue": 1139262,
            "revenue_4q": null,
            "common_shares": 664011,
            "book_valuer_per_share": 32.53,
            "book_valuer_per_share_4q_avg": 31.99,
            "equity": 2159734,
            "current_ratio": 262.93,
            "debt_ratio": 32.85,
            "inventory_turnover_ratio": null,
            "account_receivable_turnover_ratio": 0.78,
            "reinvestment_rate": 88.25,
            "research_to_sale_ratio": 0.12,
            "price_fair": 143.59,
            "eps_avg_yearly": 4.1,
            "eps_latest_yearly": 3.84,
            "eps_growth_yearly": 87.8
        },
        "20202": {
            "year_quarter": 20202,
            "year": 2020,
            "quarter": 2,
            "eps": 2.22,
            "eps_growth_year": -6.33,
            "eps_4q": 6.06,
            "eps_4q_growth_year": 10.3,
            "roe": 7.03,
            "roe_4q": 19.23,
            "gross_profit": 376771,
            "gross_margin": 29.25,
            "gross_margin_4q_avg": 24.63,
            "net_income": 146696,
            "net_income_4q": null,
            "revenue": 1288037,
            "revenue_4q": null,
            "common_shares": 667083,
            "book_valuer_per_share": 30.65,
            "book_valuer_per_share_4q_avg": 31.45,
            "equity": 2015029,
            "current_ratio": 220.31,
            "debt_ratio": 38.21,
            "inventory_turnover_ratio": null,
            "account_receivable_turnover_ratio": 0.85,
            "reinvestment_rate": 74.95,
            "research_to_sale_ratio": 0.13,
            "price_fair": 160.74,
            "eps_avg_yearly": 4.59,
            "eps_latest_yearly": 8.88,
            "eps_growth_yearly": 123.94
        },
        "20203": {
            "year_quarter": 20203,
            "year": 2020,
            "quarter": 3,
            "eps": 2.42,
            "eps_growth_year": 41.52,
            "eps_4q": 6.75,
            "eps_4q_growth_year": 13.11,
            "roe": 7.53,
            "roe_4q": 21.14,
            "gross_profit": 364190,
            "gross_margin": 27.15,
            "gross_margin_4q_avg": 25.16,
            "net_income": 158998,
            "net_income_4q": null,
            "revenue": 1341206,
            "revenue_4q": null,
            "common_shares": 667083,
            "book_valuer_per_share": 33.6,
            "book_valuer_per_share_4q_avg": 32.14,
            "equity": 2209321,
            "current_ratio": 267,
            "debt_ratio": 33.11,
            "inventory_turnover_ratio": null,
            "account_receivable_turnover_ratio": 0.85,
            "reinvestment_rate": 65.51,
            "research_to_sale_ratio": 0.26,
            "price_fair": 178.94,
            "eps_avg_yearly": 5.11,
            "eps_latest_yearly": 9.68,
            "eps_growth_yearly": 118.5
        },
        "20204": {
            "year_quarter": 20204,
            "year": 2020,
            "quarter": 4,
            "eps": 1.46,
            "eps_growth_year": 30.57,
            "eps_4q": 7.09,
            "eps_4q_growth_year": 13.89,
            "roe": 4.23,
            "roe_4q": 21.790000000000003,
            "gross_profit": 327096,
            "gross_margin": 24.55,
            "gross_margin_4q_avg": 25.63,
            "net_income": 96181,
            "net_income_4q": null,
            "revenue": 1332390,
            "revenue_4q": null,
            "common_shares": 667083,
            "book_valuer_per_share": 35.52,
            "book_valuer_per_share_4q_avg": 33.08,
            "equity": 2335218,
            "current_ratio": 246.14,
            "debt_ratio": 35.92,
            "inventory_turnover_ratio": null,
            "account_receivable_turnover_ratio": 0.86,
            "reinvestment_rate": 61.23,
            "research_to_sale_ratio": 0.25,
            "price_fair": 186.2,
            "eps_avg_yearly": 5.32,
            "eps_latest_yearly": 5.84,
            "eps_growth_yearly": 87.26
        },
        "20211": {
            "year_quarter": 20211,
            "year": 2021,
            "quarter": 1,
            "eps": 1.64,
            "eps_growth_year": 70.83,
            "eps_4q": 7.75,
            "eps_4q_growth_year": 30.44,
            "roe": 4.53,
            "roe_4q": 23.320000000000004,
            "gross_profit": 323105,
            "gross_margin": 23.6,
            "gross_margin_4q_avg": 26.14,
            "net_income": 107959,
            "net_income_4q": null,
            "revenue": 1368964,
            "revenue_4q": null,
            "common_shares": 667083,
            "book_valuer_per_share": 36.96,
            "book_valuer_per_share_4q_avg": 34.18,
            "equity": 2429858,
            "current_ratio": 302.11,
            "debt_ratio": 30.01,
            "inventory_turnover_ratio": null,
            "account_receivable_turnover_ratio": 0.89,
            "reinvestment_rate": 57.98,
            "research_to_sale_ratio": 0.31,
            "price_fair": 197.66,
            "eps_avg_yearly": 5.65,
            "eps_latest_yearly": 6.56,
            "eps_growth_yearly": 102.25
        },
        "20212": {
            "year_quarter": 20212,
            "year": 2021,
            "quarter": 2,
            "eps": 1.68,
            "eps_growth_year": -24.32,
            "eps_4q": 7.19,
            "eps_4q_growth_year": 18.62,
            "roe": 4.46,
            "roe_4q": 20.75,
            "gross_profit": 357273,
            "gross_margin": 24.39,
            "gross_margin_4q_avg": 24.92,
            "net_income": 110881,
            "net_income_4q": null,
            "revenue": 1464847,
            "revenue_4q": null,
            "common_shares": 669211,
            "book_valuer_per_share": 38.56,
            "book_valuer_per_share_4q_avg": 36.16,
            "equity": 2543687,
            "current_ratio": 291.55,
            "debt_ratio": 31.02,
            "inventory_turnover_ratio": null,
            "account_receivable_turnover_ratio": 0.84,
            "reinvestment_rate": 53.79,
            "research_to_sale_ratio": 0.36,
            "price_fair": 207.29,
            "eps_avg_yearly": 5.92,
            "eps_latest_yearly": 6.72,
            "eps_growth_yearly": 83.92
        },
        "20213": {
            "year_quarter": 20213,
            "year": 2021,
            "quarter": 3,
            "eps": 1.86,
            "eps_growth_year": -23.14,
            "eps_4q": 6.64,
            "eps_4q_growth_year": -1.73,
            "roe": 5.04,
            "roe_4q": 18.26,
            "gross_profit": 385830,
            "gross_margin": 24.14,
            "gross_margin_4q_avg": 24.17,
            "net_income": 122826,
            "net_income_4q": null,
            "revenue": 1598219,
            "revenue_4q": null,
            "common_shares": 669211,
            "book_valuer_per_share": 35.35,
            "book_valuer_per_share_4q_avg": 36.6,
            "equity": 2331890,
            "current_ratio": 237.6,
            "debt_ratio": 36.78,
            "inventory_turnover_ratio": null,
            "account_receivable_turnover_ratio": 0.81,
            "reinvestment_rate": 50.87,
            "research_to_sale_ratio": 0.31,
            "price_fair": 218.4,
            "eps_avg_yearly": 6.24,
            "eps_latest_yearly": 7.44,
            "eps_growth_yearly": 86.17
        },
        "20214": {
            "year_quarter": 20214,
            "year": 2021,
            "quarter": 4,
            "eps": 1.73,
            "eps_growth_year": 18.11,
            "eps_4q": 6.91,
            "eps_4q_growth_year": -2.52,
            "roe": 4.76,
            "roe_4q": 18.790000000000003,
            "gross_profit": 373855,
            "gross_margin": 21.41,
            "gross_margin_4q_avg": 23.39,
            "net_income": 113968,
            "net_income_4q": null,
            "revenue": 1745790,
            "revenue_4q": null,
            "common_shares": 669211,
            "book_valuer_per_share": 37.26,
            "book_valuer_per_share_4q_avg": 37.03,
            "equity": 2457722,
            "current_ratio": 224,
            "debt_ratio": 38.82,
            "inventory_turnover_ratio": null,
            "account_receivable_turnover_ratio": 0.83,
            "reinvestment_rate": 47.9,
            "research_to_sale_ratio": 0.3,
            "price_fair": 224.44,
            "eps_avg_yearly": 6.41,
            "eps_latest_yearly": 6.92,
            "eps_growth_yearly": 65.35
        },
        "20221": {
            "year_quarter": 20221,
            "year": 2022,
            "quarter": 1,
            "eps": 1.66,
            "eps_growth_year": 1.22,
            "eps_4q": 6.86,
            "eps_4q_growth_year": -11.51,
            "roe": 4.26,
            "roe_4q": 18.52,
            "gross_profit": 392452,
            "gross_margin": 21.46,
            "gross_margin_4q_avg": 22.85,
            "net_income": 109782,
            "net_income_4q": null,
            "revenue": 1828508,
            "revenue_4q": null,
            "common_shares": 669211,
            "book_valuer_per_share": 40.55,
            "book_valuer_per_share_4q_avg": 37.93,
            "equity": 2694087,
            "current_ratio": 275.84,
            "debt_ratio": 32.23,
            "inventory_turnover_ratio": null,
            "account_receivable_turnover_ratio": 0.81,
            "reinvestment_rate": 46.1,
            "research_to_sale_ratio": 0.39,
            "price_fair": 233.54,
            "eps_avg_yearly": 6.67,
            "eps_latest_yearly": 6.64,
            "eps_growth_yearly": 74.44
        },
        "20222": {
            "year_quarter": 20222,
            "year": 2022,
            "quarter": 2,
            "eps": 2.04,
            "eps_growth_year": 21.43,
            "eps_4q": 7.24,
            "eps_4q_growth_year": 0.73,
            "roe": 5.25,
            "roe_4q": 19.31,
            "gross_profit": 417748,
            "gross_margin": 21.42,
            "gross_margin_4q_avg": 22.11,
            "net_income": 136026,
            "net_income_4q": null,
            "revenue": 1950042,
            "revenue_4q": null,
            "common_shares": 669211,
            "book_valuer_per_share": 37.4,
            "book_valuer_per_share_4q_avg": 37.64,
            "equity": 2484734,
            "current_ratio": 209.6,
            "debt_ratio": 41.39,
            "inventory_turnover_ratio": null,
            "account_receivable_turnover_ratio": 0.8,
            "reinvestment_rate": 43.72,
            "research_to_sale_ratio": 0.44,
            "price_fair": 235.46,
            "eps_avg_yearly": 6.73,
            "eps_latest_yearly": 8.16,
            "eps_growth_yearly": 31.77
        },
        "20223": {
            "year_quarter": 20223,
            "year": 2022,
            "quarter": 3,
            "eps": 2.17,
            "eps_growth_year": 16.67,
            "eps_4q": 7.57,
            "eps_4q_growth_year": 14.01,
            "roe": 5.63,
            "roe_4q": 19.9,
            "gross_profit": 449091,
            "gross_margin": 21.61,
            "gross_margin_4q_avg": 21.48,
            "net_income": 144744,
            "net_income_4q": null,
            "revenue": 2078248,
            "revenue_4q": null,
            "common_shares": 671523,
            "book_valuer_per_share": 39.89,
            "book_valuer_per_share_4q_avg": 38.78,
            "equity": 2659406,
            "current_ratio": 228.02,
            "debt_ratio": 38.45,
            "inventory_turnover_ratio": null,
            "account_receivable_turnover_ratio": 0.81,
            "reinvestment_rate": 41.77,
            "research_to_sale_ratio": 0.63,
            "price_fair": 239.49,
            "eps_avg_yearly": 6.84,
            "eps_latest_yearly": 8.68,
            "eps_growth_yearly": 34.88
        },
        "20224": {
            "year_quarter": 20224,
            "year": 2022,
            "quarter": 4,
            "eps": 2.45,
            "eps_growth_year": 42.07,
            "eps_4q": 8.31,
            "eps_4q_growth_year": 20.35,
            "roe": 6,
            "roe_4q": 21.14,
            "gross_profit": 414623,
            "gross_margin": 19.82,
            "gross_margin_4q_avg": 21.08,
            "net_income": 163650,
            "net_income_4q": null,
            "revenue": 2092088,
            "revenue_4q": null,
            "common_shares": 671523,
            "book_valuer_per_share": 41.97,
            "book_valuer_per_share_4q_avg": 39.95,
            "equity": 2798380,
            "current_ratio": 227.1,
            "debt_ratio": 38.66,
            "inventory_turnover_ratio": null,
            "account_receivable_turnover_ratio": 0.82,
            "reinvestment_rate": 38.32,
            "research_to_sale_ratio": 0.55,
            "price_fair": 252.53,
            "eps_avg_yearly": 7.22,
            "eps_latest_yearly": 9.8,
            "eps_growth_yearly": 49.07
        },
        "20231": {
            "year_quarter": 20231,
            "year": 2023,
            "quarter": 1,
            "eps": 1.85,
            "eps_growth_year": 11.45,
            "eps_4q": 8.49,
            "eps_4q_growth_year": 23.74,
            "roe": 4.29,
            "roe_4q": 21.169999999999998,
            "gross_profit": 391235,
            "gross_margin": 19.04,
            "gross_margin_4q_avg": 20.47,
            "net_income": 123137,
            "net_income_4q": null,
            "revenue": 2054333,
            "revenue_4q": null,
            "common_shares": 671523,
            "book_valuer_per_share": 44.18,
            "book_valuer_per_share_4q_avg": 40.86,
            "equity": 2945076,
            "current_ratio": 263.45,
            "debt_ratio": 32.65,
            "inventory_turnover_ratio": null,
            "account_receivable_turnover_ratio": 0.82,
            "reinvestment_rate": 1.98,
            "research_to_sale_ratio": 0.54,
            "price_fair": 256.73,
            "eps_avg_yearly": 7.34,
            "eps_latest_yearly": 7.4,
            "eps_growth_yearly": 32.27
        },
        "20232": {
            "year_quarter": 20232,
            "year": 2023,
            "quarter": 2,
            "eps": 1.98,
            "eps_growth_year": -2.94,
            "eps_4q": 8.43,
            "eps_4q_growth_year": 16.5,
            "roe": 4.7,
            "roe_4q": 20.62,
            "gross_profit": 437865,
            "gross_margin": 20.58,
            "gross_margin_4q_avg": 20.26,
            "net_income": 132189,
            "net_income_4q": null,
            "revenue": 2127722,
            "revenue_4q": null,
            "common_shares": 671523,
            "book_valuer_per_share": 40.19,
            "book_valuer_per_share_4q_avg": 41.56,
            "equity": 2679433,
            "current_ratio": 212.57,
            "debt_ratio": 40.43,
            "inventory_turnover_ratio": null,
            "account_receivable_turnover_ratio": 0.8,
            "reinvestment_rate": 0.04,
            "research_to_sale_ratio": 0.55,
            "price_fair": 186.55,
            "eps_avg_yearly": 7.24,
            "eps_latest_yearly": 7.92,
            "eps_growth_yearly": 15.78
        },
        "20233": {
            "year_quarter": 20233,
            "year": 2023,
            "quarter": 3,
            "eps": 2.29,
            "eps_growth_year": 5.53,
            "eps_4q": 8.04,
            "eps_4q_growth_year": 6.22,
            "roe": 5.33,
            "roe_4q": 20.32,
            "gross_profit": 456146,
            "gross_margin": 20.54,
            "gross_margin_4q_avg": 20,
            "net_income": 162538,
            "net_income_4q": null,
            "revenue": 2220500,
            "revenue_4q": null,
            "common_shares": 728277,
            "book_valuer_per_share": 47.2,
            "book_valuer_per_share_4q_avg": 43.39,
            "equity": 3414464,
            "current_ratio": 311.67,
            "debt_ratio": 28.67,
            "inventory_turnover_ratio": null,
            "account_receivable_turnover_ratio": 0.79,
            "reinvestment_rate": -5.56,
            "research_to_sale_ratio": 0.52,
            "price_fair": 258.39,
            "eps_avg_yearly": 7.38,
            "eps_latest_yearly": 9.16,
            "eps_growth_yearly": 26.65
        },
        "20234": {
            "year_quarter": 20234,
            "year": 2023,
            "quarter": 4,
            "eps": 2.35,
            "eps_growth_year": -4.21,
            "eps_4q": 8.13,
            "eps_4q_growth_year": -2.23,
            "roe": 4.9,
            "roe_4q": 19.22,
            "gross_profit": 479029,
            "gross_margin": 19.64,
            "gross_margin_4q_avg": 19.95,
            "net_income": 170109,
            "net_income_4q": null,
            "revenue": 2438703,
            "revenue_4q": null,
            "common_shares": 728277,
            "book_valuer_per_share": 48.72,
            "book_valuer_per_share_4q_avg": 45.07,
            "equity": 3524735,
            "current_ratio": 279.93,
            "debt_ratio": 32.7,
            "inventory_turnover_ratio": null,
            "account_receivable_turnover_ratio": 0.84,
            "reinvestment_rate": -5.66,
            "research_to_sale_ratio": 0.48,
            "price_fair": 269.15,
            "eps_avg_yearly": 7.69,
            "eps_latest_yearly": 9.4,
            "eps_growth_yearly": 35.93
        }
    },
    "months": {
        "2010-06": {
            "month": "2010-06",
            "price": "56.48",
            "revenue": 36225
        },
        "2010-07": {
            "month": "2010-07",
            "price": "47.68",
            "revenue": 30304
        },
        "2010-08": {
            "month": "2010-08",
            "price": "33.67",
            "revenue": 97175
        },
        "2010-09": {
            "month": "2010-09",
            "price": "33.40",
            "revenue": 104149
        },
        "2010-10": {
            "month": "2010-10",
            "price": "31.27",
            "revenue": 97500
        },
        "2010-11": {
            "month": "2010-11",
            "price": "33.60",
            "revenue": 97632
        },
        "2010-12": {
            "month": "2010-12",
            "price": "34.14",
            "revenue": 107168
        },
        "2011-01": {
            "month": "2011-01",
            "price": "32.20",
            "revenue": 94356
        },
        "2011-02": {
            "month": "2011-02",
            "price": "30.12",
            "revenue": 87496
        },
        "2011-03": {
            "month": "2011-03",
            "price": "28.33",
            "revenue": 98204
        },
        "2011-04": {
            "month": "2011-04",
            "price": "23.32",
            "revenue": 93199
        },
        "2011-05": {
            "month": "2011-05",
            "price": "21.44",
            "revenue": 96817
        },
        "2011-06": {
            "month": "2011-06",
            "price": "20.12",
            "revenue": 104431
        },
        "2011-07": {
            "month": "2011-07",
            "price": "18.56",
            "revenue": 99926
        },
        "2011-08": {
            "month": "2011-08",
            "price": "16.31",
            "revenue": 121846
        },
        "2011-09": {
            "month": "2011-09",
            "price": "15.52",
            "revenue": 116972
        },
        "2011-10": {
            "month": "2011-10",
            "price": "15.86",
            "revenue": 171961
        },
        "2011-11": {
            "month": "2011-11",
            "price": "15.78",
            "revenue": 155362
        },
        "2011-12": {
            "month": "2011-12",
            "price": "14.63",
            "revenue": 171313
        },
        "2012-01": {
            "month": "2012-01",
            "price": "15.03",
            "revenue": 174617
        },
        "2012-02": {
            "month": "2012-02",
            "price": "18.52",
            "revenue": 175175
        },
        "2012-03": {
            "month": "2012-03",
            "price": "21.03",
            "revenue": 175468
        },
        "2012-04": {
            "month": "2012-04",
            "price": "20.37",
            "revenue": 185198
        },
        "2012-05": {
            "month": "2012-05",
            "price": "18.70",
            "revenue": 184612
        },
        "2012-06": {
            "month": "2012-06",
            "price": "18.42",
            "revenue": 179817
        },
        "2012-07": {
            "month": "2012-07",
            "price": "18.45",
            "revenue": 175884
        },
        "2012-08": {
            "month": "2012-08",
            "price": "18.98",
            "revenue": 186411
        },
        "2012-09": {
            "month": "2012-09",
            "price": "28.97",
            "revenue": 167896
        },
        "2012-10": {
            "month": "2012-10",
            "price": "23.46",
            "revenue": 169093
        },
        "2012-11": {
            "month": "2012-11",
            "price": "21.64",
            "revenue": 175203
        },
        "2012-12": {
            "month": "2012-12",
            "price": "21.10",
            "revenue": 184600
        },
        "2013-01": {
            "month": "2013-01",
            "price": "22.34",
            "revenue": 181972
        },
        "2013-02": {
            "month": "2013-02",
            "price": "26.72",
            "revenue": 187529
        },
        "2013-03": {
            "month": "2013-03",
            "price": "31.63",
            "revenue": 172971
        },
        "2013-04": {
            "month": "2013-04",
            "price": "27.63",
            "revenue": 164774
        },
        "2013-05": {
            "month": "2013-05",
            "price": "24.97",
            "revenue": 171951
        },
        "2013-06": {
            "month": "2013-06",
            "price": "24.81",
            "revenue": 174653
        },
        "2013-07": {
            "month": "2013-07",
            "price": "26.49",
            "revenue": 185742
        },
        "2013-08": {
            "month": "2013-08",
            "price": "24.00",
            "revenue": 194123
        },
        "2013-09": {
            "month": "2013-09",
            "price": "32.40",
            "revenue": 180829
        },
        "2013-10": {
            "month": "2013-10",
            "price": "34.22",
            "revenue": 206201
        },
        "2013-11": {
            "month": "2013-11",
            "price": "30.84",
            "revenue": 177925
        },
        "2013-12": {
            "month": "2013-12",
            "price": "40.43",
            "revenue": 169909
        },
        "2014-01": {
            "month": "2014-01",
            "price": "41.72",
            "revenue": 198078
        },
        "2014-02": {
            "month": "2014-02",
            "price": "39.46",
            "revenue": 185172
        },
        "2014-03": {
            "month": "2014-03",
            "price": "43.17",
            "revenue": 207982
        },
        "2014-04": {
            "month": "2014-04",
            "price": "47.93",
            "revenue": 193814
        },
        "2014-05": {
            "month": "2014-05",
            "price": "49.36",
            "revenue": 207803
        },
        "2014-06": {
            "month": "2014-06",
            "price": "51.03",
            "revenue": 205162
        },
        "2014-07": {
            "month": "2014-07",
            "price": "54.57",
            "revenue": 199514
        },
        "2014-08": {
            "month": "2014-08",
            "price": "49.20",
            "revenue": 199009
        },
        "2014-09": {
            "month": "2014-09",
            "price": "46.22",
            "revenue": 191742
        },
        "2014-10": {
            "month": "2014-10",
            "price": "40.03",
            "revenue": 247103
        },
        "2014-11": {
            "month": "2014-11",
            "price": "37.48",
            "revenue": 203716
        },
        "2014-12": {
            "month": "2014-12",
            "price": "40.30",
            "revenue": 244008
        },
        "2015-01": {
            "month": "2015-01",
            "price": "40.56",
            "revenue": 214933
        },
        "2015-02": {
            "month": "2015-02",
            "price": "38.51",
            "revenue": 192429
        },
        "2015-03": {
            "month": "2015-03",
            "price": "38.40",
            "revenue": 218942
        },
        "2015-04": {
            "month": "2015-04",
            "price": "37.79",
            "revenue": 200525
        },
        "2015-05": {
            "month": "2015-05",
            "price": "33.92",
            "revenue": 199450
        },
        "2015-06": {
            "month": "2015-06",
            "price": "33.02",
            "revenue": 237433
        },
        "2015-07": {
            "month": "2015-07",
            "price": "30.81",
            "revenue": 195613
        },
        "2015-08": {
            "month": "2015-08",
            "price": "23.91",
            "revenue": 223148
        },
        "2015-09": {
            "month": "2015-09",
            "price": "22.94",
            "revenue": 212122
        },
        "2015-10": {
            "month": "2015-10",
            "price": "24.49",
            "revenue": 202096
        },
        "2015-11": {
            "month": "2015-11",
            "price": "23.25",
            "revenue": 221662
        },
        "2015-12": {
            "month": "2015-12",
            "price": "21.07",
            "revenue": 185307
        },
        "2016-01": {
            "month": "2016-01",
            "price": "19.37",
            "revenue": 243802
        },
        "2016-02": {
            "month": "2016-02",
            "price": "20.33",
            "revenue": 210667
        },
        "2016-03": {
            "month": "2016-03",
            "price": "21.97",
            "revenue": 217205
        },
        "2016-04": {
            "month": "2016-04",
            "price": "20.26",
            "revenue": 221529
        },
        "2016-05": {
            "month": "2016-05",
            "price": "19.20",
            "revenue": 218197
        },
        "2016-06": {
            "month": "2016-06",
            "price": "19.61",
            "revenue": 228287
        },
        "2016-07": {
            "month": "2016-07",
            "price": "21.48",
            "revenue": 231644
        },
        "2016-08": {
            "month": "2016-08",
            "price": "22.20",
            "revenue": 230970
        },
        "2016-09": {
            "month": "2016-09",
            "price": "22.46",
            "revenue": 227943
        },
        "2016-10": {
            "month": "2016-10",
            "price": "21.03",
            "revenue": 213525
        },
        "2016-11": {
            "month": "2016-11",
            "price": "19.98",
            "revenue": 239242
        },
        "2016-12": {
            "month": "2016-12",
            "price": "21.80",
            "revenue": 226054
        },
        "2017-01": {
            "month": "2017-01",
            "price": "21.76",
            "revenue": 232595
        },
        "2017-02": {
            "month": "2017-02",
            "price": "22.14",
            "revenue": 213960
        },
        "2017-03": {
            "month": "2017-03",
            "price": "23.01",
            "revenue": 215577
        },
        "2017-04": {
            "month": "2017-04",
            "price": "23.34",
            "revenue": 219122
        },
        "2017-05": {
            "month": "2017-05",
            "price": "23.65",
            "revenue": 210970
        },
        "2017-06": {
            "month": "2017-06",
            "price": "24.61",
            "revenue": 230324
        },
        "2017-07": {
            "month": "2017-07",
            "price": "23.57",
            "revenue": 218694
        },
        "2017-08": {
            "month": "2017-08",
            "price": "24.72",
            "revenue": 231451
        },
        "2017-09": {
            "month": "2017-09",
            "price": "26.30",
            "revenue": 239660
        },
        "2017-10": {
            "month": "2017-10",
            "price": "26.69",
            "revenue": 240190
        },
        "2017-11": {
            "month": "2017-11",
            "price": "26.82",
            "revenue": 255281
        },
        "2017-12": {
            "month": "2017-12",
            "price": "26.68",
            "revenue": 276808
        },
        "2018-01": {
            "month": "2018-01",
            "price": "30.37",
            "revenue": 269038
        },
        "2018-02": {
            "month": "2018-02",
            "price": "30.03",
            "revenue": 263041
        },
        "2018-03": {
            "month": "2018-03",
            "price": "33.22",
            "revenue": 285383
        },
        "2018-04": {
            "month": "2018-04",
            "price": "36.23",
            "revenue": 299872
        },
        "2018-05": {
            "month": "2018-05",
            "price": "40.43",
            "revenue": 323823
        },
        "2018-06": {
            "month": "2018-06",
            "price": "52.72",
            "revenue": 330766
        },
        "2018-07": {
            "month": "2018-07",
            "price": "52.76",
            "revenue": 338219
        },
        "2018-08": {
            "month": "2018-08",
            "price": "69.71",
            "revenue": 356523
        },
        "2018-09": {
            "month": "2018-09",
            "price": "66.09",
            "revenue": 362505
        },
        "2018-10": {
            "month": "2018-10",
            "price": "54.65",
            "revenue": 352885
        },
        "2018-11": {
            "month": "2018-11",
            "price": "56.61",
            "revenue": 370266
        },
        "2018-12": {
            "month": "2018-12",
            "price": "68.51",
            "revenue": 400999
        },
        "2019-01": {
            "month": "2019-01",
            "price": "80.26",
            "revenue": 435859
        },
        "2019-02": {
            "month": "2019-02",
            "price": "108.62",
            "revenue": 400117
        },
        "2019-03": {
            "month": "2019-03",
            "price": "121.80",
            "revenue": 448715
        },
        "2019-04": {
            "month": "2019-04",
            "price": "123.45",
            "revenue": 466764
        },
        "2019-05": {
            "month": "2019-05",
            "price": "104.02",
            "revenue": 466806
        },
        "2019-06": {
            "month": "2019-06",
            "price": "101.05",
            "revenue": 474965
        },
        "2019-07": {
            "month": "2019-07",
            "price": "121.67",
            "revenue": 476722
        },
        "2019-08": {
            "month": "2019-08",
            "price": "127.00",
            "revenue": 450888
        },
        "2019-09": {
            "month": "2019-09",
            "price": "116.13",
            "revenue": 421888
        },
        "2019-10": {
            "month": "2019-10",
            "price": "109.24",
            "revenue": 417947
        },
        "2019-11": {
            "month": "2019-11",
            "price": "105.69",
            "revenue": 426606
        },
        "2019-12": {
            "month": "2019-12",
            "price": "104.84",
            "revenue": 436185
        },
        "2020-01": {
            "month": "2020-01",
            "price": "105.75",
            "revenue": 403415
        },
        "2020-02": {
            "month": "2020-02",
            "price": "90.39",
            "revenue": 341415
        },
        "2020-03": {
            "month": "2020-03",
            "price": "70.42",
            "revenue": 394432
        },
        "2020-04": {
            "month": "2020-04",
            "price": "71.44",
            "revenue": 433149
        },
        "2020-05": {
            "month": "2020-05",
            "price": "75.59",
            "revenue": 414967
        },
        "2020-06": {
            "month": "2020-06",
            "price": "88.24",
            "revenue": 439921
        },
        "2020-07": {
            "month": "2020-07",
            "price": "81.87",
            "revenue": 445605
        },
        "2020-08": {
            "month": "2020-08",
            "price": "88.18",
            "revenue": 445618
        },
        "2020-09": {
            "month": "2020-09",
            "price": "92.64",
            "revenue": 449983
        },
        "2020-10": {
            "month": "2020-10",
            "price": "86.05",
            "revenue": 420351
        },
        "2020-11": {
            "month": "2020-11",
            "price": "90.87",
            "revenue": 453798
        },
        "2020-12": {
            "month": "2020-12",
            "price": "98.37",
            "revenue": 458241
        },
        "2021-01": {
            "month": "2021-01",
            "price": "95.10",
            "revenue": 463990
        },
        "2021-02": {
            "month": "2021-02",
            "price": "92.93",
            "revenue": 427924
        },
        "2021-03": {
            "month": "2021-03",
            "price": "102.07",
            "revenue": 477050
        },
        "2021-04": {
            "month": "2021-04",
            "price": "104.95",
            "revenue": 484436
        },
        "2021-05": {
            "month": "2021-05",
            "price": "95.58",
            "revenue": 478919
        },
        "2021-06": {
            "month": "2021-06",
            "price": "95.40",
            "revenue": 501491
        },
        "2021-07": {
            "month": "2021-07",
            "price": "99.86",
            "revenue": 529164
        },
        "2021-08": {
            "month": "2021-08",
            "price": "91.78",
            "revenue": 524595
        },
        "2021-09": {
            "month": "2021-09",
            "price": "86.89",
            "revenue": 544461
        },
        "2021-10": {
            "month": "2021-10",
            "price": "83.52",
            "revenue": 545743
        },
        "2021-11": {
            "month": "2021-11",
            "price": "86.11",
            "revenue": 592821
        },
        "2021-12": {
            "month": "2021-12",
            "price": "85.59",
            "revenue": 607226
        },
        "2022-01": {
            "month": "2022-01",
            "price": "86.62",
            "revenue": 599201
        },
        "2022-02": {
            "month": "2022-02",
            "price": "87.65",
            "revenue": 575036
        },
        "2022-03": {
            "month": "2022-03",
            "price": "89.14",
            "revenue": 654271
        },
        "2022-04": {
            "month": "2022-04",
            "price": "92.45",
            "revenue": 647275
        },
        "2022-05": {
            "month": "2022-05",
            "price": "84.16",
            "revenue": 642845
        },
        "2022-06": {
            "month": "2022-06",
            "price": "81.79",
            "revenue": 659923
        },
        "2022-07": {
            "month": "2022-07",
            "price": "75.11",
            "revenue": 676737
        },
        "2022-08": {
            "month": "2022-08",
            "price": "82.86",
            "revenue": 699247
        },
        "2022-09": {
            "month": "2022-09",
            "price": "85.24",
            "revenue": 702265
        },
        "2022-10": {
            "month": "2022-10",
            "price": "78.62",
            "revenue": 672099
        },
        "2022-11": {
            "month": "2022-11",
            "price": "82.27",
            "revenue": 711426
        },
        "2022-12": {
            "month": "2022-12",
            "price": "85.54",
            "revenue": 708562
        },
        "2023-01": {
            "month": "2023-01",
            "price": "86.78",
            "revenue": 655719
        },
        "2023-02": {
            "month": "2023-02",
            "price": "95.02",
            "revenue": 684237
        },
        "2023-03": {
            "month": "2023-03",
            "price": "113.00",
            "revenue": 714377
        },
        "2023-04": {
            "month": "2023-04",
            "price": "119.74",
            "revenue": 712306
        },
        "2023-05": {
            "month": "2023-05",
            "price": "120.77",
            "revenue": 707496
        },
        "2023-06": {
            "month": "2023-06",
            "price": "115.90",
            "revenue": 707920
        },
        "2023-07": {
            "month": "2023-07",
            "price": "133.38",
            "revenue": 708621
        },
        "2023-08": {
            "month": "2023-08",
            "price": "125.95",
            "revenue": 742933
        },
        "2023-09": {
            "month": "2023-09",
            "price": "117.98",
            "revenue": 768946
        },
        "2023-10": {
            "month": "2023-10",
            "price": "117.90",
            "revenue": 772123
        },
        "2023-11": {
            "month": "2023-11",
            "price": "120.80",
            "revenue": 821906
        },
        "2023-12": {
            "month": "2023-12",
            "price": "136.14",
            "revenue": 844674
        }
    }
}
