{
    "summary": {
        "stock_name": "光鋐",
        "stock_id": "4956",
        "category": "光電",
        "main_business": "(一)超高亮度發光二極體藍 綠光磊晶片及晶粒。(二)超高亮度發光<br>二極體紅 黃 橙光磊晶片及晶粒。(三)超高亮度發光二極體封裝模組<br>及相關應用產品。(四)兼營前述相關產品之國際貿易。",
        "website_url": "http://www.epileds.com.tw",
        "ceo": "許明森",
        "pe_ratio": -14,
        "report_year_from": 2009,
        "report_year_to": 2023,
        "age": 14,
        "eps_negative_percentage": 31,
        "eps_growth_avg": {
            "last_all": -15.24,
            "last_2y": 0,
            "last_4y": -33.33,
            "last_8y": -8.85,
            "last_12y": null,
            "last_16y": null,
            "last_20y": null,
            "at_2006_last_3y": null,
            "at_2007_last_3y": null,
            "at_2008_last_3y": null,
            "at_2009_last_3y": null,
            "at_2010_last_3y": null,
            "at_2011_last_3y": null,
            "at_2012_last_3y": null,
            "at_2013_last_3y": null,
            "at_2014_last_3y": null,
            "at_2015_last_3y": -16.12,
            "at_2016_last_3y": -22.84,
            "at_2017_last_3y": 9.52,
            "at_2018_last_3y": -38.4,
            "at_2019_last_3y": -24.24,
            "at_2020_last_3y": 0,
            "at_2021_last_3y": 0,
            "at_2022_last_3y": 0,
            "at_2023_last_3y": 0,
            "at_2006_last_all": null,
            "at_2007_last_all": null,
            "at_2008_last_all": null,
            "at_2009_last_all": null,
            "at_2010_last_all": null,
            "at_2011_last_all": null,
            "at_2012_last_all": null,
            "at_2013_last_all": -37.64,
            "at_2014_last_all": 5.47,
            "at_2015_last_all": -16.12,
            "at_2016_last_all": -27.44,
            "at_2017_last_all": -6.2,
            "at_2018_last_all": -19.6,
            "at_2019_last_all": -19.6,
            "at_2020_last_all": -19.6,
            "at_2021_last_all": -4.65,
            "at_2022_last_all": -15.24,
            "at_2023_last_all": -15.24
        },
        "latest_eps": -1.16,
        "latest_price": 16.2,
        "latest_roe": -6.1,
        "latest_gross_margin": 4.82,
        "latest_equity": 1835573,
        "latest_revenue": 299934,
        "latest_gross_profit": 14456,
        "latest_net_income": -25402,
        "latest_debt_ratio": 37.59,
        "latest_current_ratio": 309.96,
        "latest_account_receivable_turnover_ratio": 0.57,
        "latest_inventory_turnover_ratio": 0.69,
        "latest_reinvestment_rate": null,
        "latest_research_to_sale_ratio": 3.53
    },
    "eps_dividends": {
        "2001": {
            "cash": 0,
            "stock": 0,
            "eps": 0
        },
        "2002": {
            "cash": 0,
            "stock": 0,
            "eps": 0
        },
        "2003": {
            "cash": 0,
            "stock": 0,
            "eps": 0
        },
        "2004": {
            "cash": 0,
            "stock": 0,
            "eps": 0
        },
        "2005": {
            "cash": 0,
            "stock": 0,
            "eps": 0
        },
        "2006": {
            "cash": 0,
            "stock": 0,
            "eps": 0
        },
        "2007": {
            "cash": 0,
            "stock": 0,
            "eps": 0
        },
        "2008": {
            "cash": 0,
            "stock": 0,
            "eps": 0
        },
        "2009": {
            "cash": 0,
            "stock": 0,
            "eps": 0
        },
        "2010": {
            "cash": 0,
            "stock": 0,
            "eps": 0
        },
        "2011": {
            "cash": 1.4,
            "stock": 0,
            "eps": 1.57
        },
        "2012": {
            "cash": 0,
            "stock": 0,
            "eps": 0.85
        },
        "2013": {
            "cash": 0.6,
            "stock": 0,
            "eps": 0.6
        },
        "2014": {
            "cash": 0.5,
            "stock": 0,
            "eps": 1.15
        },
        "2015": {
            "cash": 0.5,
            "stock": 0,
            "eps": 0.22
        },
        "2016": {
            "cash": 0,
            "stock": 0,
            "eps": 0.06
        },
        "2017": {
            "cash": 0,
            "stock": 0,
            "eps": 0.62
        },
        "2018": {
            "cash": 0.5,
            "stock": 0,
            "eps": -0.76
        },
        "2019": {
            "cash": 0,
            "stock": 0,
            "eps": -1.26
        },
        "2020": {
            "cash": 0,
            "stock": 0,
            "eps": 0.16
        },
        "2021": {
            "cash": 0,
            "stock": 0,
            "eps": 1.44
        },
        "2022": {
            "cash": 0.4,
            "stock": 0,
            "eps": -0.72
        },
        "2023": {
            "cash": 0,
            "stock": 0,
            "eps": -0.25
        }
    },
    "dividends": {
        "2011-01-01": {
            "cash": 0.6,
            "stock": 0
        },
        "2011-02-25": {
            "cash": 0.8,
            "stock": 0
        },
        "2013-04-19": {
            "cash": 0.6,
            "stock": 0
        },
        "2014-09-17": {
            "cash": 0.5,
            "stock": 0
        },
        "2015-09-22": {
            "cash": 0.5,
            "stock": 0
        },
        "2018-08-08": {
            "cash": 0.5,
            "stock": 0
        },
        "2022-09-20": {
            "cash": 0.4,
            "stock": 0
        }
    },
    "prices": {
        "200101": "無",
        "200102": "無",
        "200103": "無",
        "200104": "無",
        "200105": "無",
        "200106": "無",
        "200107": "無",
        "200108": "無",
        "200109": "無",
        "200110": "無",
        "200111": "無",
        "200112": "無",
        "200201": "無",
        "200202": "無",
        "200203": "無",
        "200204": "無",
        "200205": "無",
        "200206": "無",
        "200207": "無",
        "200208": "無",
        "200209": "無",
        "200210": "無",
        "200211": "無",
        "200212": "無",
        "200301": "無",
        "200302": "無",
        "200303": "無",
        "200304": "無",
        "200305": "無",
        "200306": "無",
        "200307": "無",
        "200308": "無",
        "200309": "無",
        "200310": "無",
        "200311": "無",
        "200312": "無",
        "200401": "無",
        "200402": "無",
        "200403": "無",
        "200404": "無",
        "200405": "無",
        "200406": "無",
        "200407": "無",
        "200408": "無",
        "200409": "無",
        "200410": "無",
        "200411": "無",
        "200412": "無",
        "200501": "無",
        "200502": "無",
        "200503": "無",
        "200504": "無",
        "200505": "無",
        "200506": "無",
        "200507": "無",
        "200508": "無",
        "200509": "無",
        "200510": "無",
        "200511": "無",
        "200512": "無",
        "200601": "無",
        "200602": "無",
        "200603": "無",
        "200604": "無",
        "200605": "無",
        "200606": "無",
        "200607": "無",
        "200608": "無",
        "200609": "無",
        "200610": "無",
        "200611": "無",
        "200612": "無",
        "200701": "無",
        "200702": "無",
        "200703": "無",
        "200704": "無",
        "200705": "無",
        "200706": "無",
        "200707": "無",
        "200708": "無",
        "200709": "無",
        "200710": "無",
        "200711": "無",
        "200712": "無",
        "200801": "無",
        "200802": "無",
        "200803": "無",
        "200804": "無",
        "200805": "無",
        "200806": "無",
        "200807": "無",
        "200808": "無",
        "200809": "無",
        "200810": "無",
        "200811": "無",
        "200812": "無",
        "200901": "無",
        "200902": "無",
        "200903": "無",
        "200904": "無",
        "200905": "無",
        "200906": "無",
        "200907": "無",
        "200908": "無",
        "200909": "無",
        "200910": "無",
        "200911": "無",
        "200912": "無",
        "201001": "無",
        "201002": "無",
        "201003": "無",
        "201004": "無",
        "201005": "無",
        "201006": "無",
        "201007": "無",
        "201008": "無",
        "201009": "無",
        "201010": "33.27",
        "201011": "32.01",
        "201012": "37.83",
        "201101": "37.82",
        "201102": "38.34",
        "201103": "39.48",
        "201104": "40.09",
        "201105": "45.07",
        "201106": "49.84",
        "201107": "47.90",
        "201108": "43.15",
        "201109": "37.52",
        "201110": "33.62",
        "201111": "34.19",
        "201112": "26.60",
        "201201": "27.70",
        "201202": "37.21",
        "201203": "39.58",
        "201204": "35.94",
        "201205": "35.34",
        "201206": "32.72",
        "201207": "29.16",
        "201208": "26.78",
        "201209": "27.59",
        "201210": "23.03",
        "201211": "20.30",
        "201212": "22.89",
        "201301": "24.46",
        "201302": "24.08",
        "201303": "25.71",
        "201304": "23.21",
        "201305": "23.30",
        "201306": "24.06",
        "201307": "22.73",
        "201308": "22.35",
        "201309": "21.92",
        "201310": "20.89",
        "201311": "20.34",
        "201312": "22.05",
        "201401": "24.58",
        "201402": "23.91",
        "201403": "27.32",
        "201404": "26.12",
        "201405": "24.52",
        "201406": "26.94",
        "201407": "26.88",
        "201408": "24.58",
        "201409": "23.91",
        "201410": "20.72",
        "201411": "19.98",
        "201412": "20.64",
        "201501": "20.71",
        "201502": "20.84",
        "201503": "21.65",
        "201504": "20.52",
        "201505": "19.12",
        "201506": "15.39",
        "201507": "13.53",
        "201508": "11.76",
        "201509": "11.70",
        "201510": "12.49",
        "201511": "11.94",
        "201512": "11.71",
        "201601": "11.83",
        "201602": "12.40",
        "201603": "12.08",
        "201604": "10.98",
        "201605": "9.59",
        "201606": "9.76",
        "201607": "10.77",
        "201608": "15.95",
        "201609": "22.55",
        "201610": "22.19",
        "201611": "23.55",
        "201612": "22.04",
        "201701": "20.69",
        "201702": "21.51",
        "201703": "22.85",
        "201704": "22.87",
        "201705": "21.25",
        "201706": "21.27",
        "201707": "20.58",
        "201708": "20.61",
        "201709": "21.37",
        "201710": "21.59",
        "201711": "23.56",
        "201712": "22.60",
        "201801": "22.22",
        "201802": "20.82",
        "201803": "22.25",
        "201804": "20.85",
        "201805": "22.31",
        "201806": "24.25",
        "201807": "23.05",
        "201808": "21.32",
        "201809": "19.33",
        "201810": "15.61",
        "201811": "15.20",
        "201812": "15.38",
        "201901": "15.08",
        "201902": "15.50",
        "201903": "17.40",
        "201904": "17.77",
        "201905": "15.05",
        "201906": "14.04",
        "201907": "15.02",
        "201908": "14.31",
        "201909": "14.32",
        "201910": "13.95",
        "201911": "13.81",
        "201912": "14.03",
        "202001": "14.08",
        "202002": "13.18",
        "202003": "9.98",
        "202004": "11.46",
        "202005": "18.75",
        "202006": "19.94",
        "202007": "19.67",
        "202008": "19.44",
        "202009": "19.13",
        "202010": "18.79",
        "202011": "18.24",
        "202012": "19.64",
        "202101": "20.86",
        "202102": "20.25",
        "202103": "24.16",
        "202104": "26.90",
        "202105": "22.13",
        "202106": "22.78",
        "202107": "26.74",
        "202108": "26.37",
        "202109": "24.22",
        "202110": "22.10",
        "202111": "24.80",
        "202112": "26.73",
        "202201": "26.16",
        "202202": "25.35",
        "202203": "23.18",
        "202204": "21.54",
        "202205": "19.60",
        "202206": "18.52",
        "202207": "16.14",
        "202208": "17.05",
        "202209": "16.01",
        "202210": "14.11",
        "202211": "14.37",
        "202212": "14.60",
        "202301": "14.45",
        "202302": "15.87",
        "202303": "16.27",
        "202304": "16.66",
        "202305": "15.92",
        "202306": "16.16"
    },
    "quarters": {
        "20011": {
            "year_quarter": 20011,
            "year": 2001,
            "quarter": 1,
            "eps": null,
            "eps_growth_year": null,
            "eps_4q": null,
            "eps_4q_growth_year": null,
            "roe": null,
            "roe_4q": 0,
            "gross_profit": null,
            "gross_margin": null,
            "gross_margin_4q_avg": 0,
            "net_income": null,
            "revenue": null,
            "common_shares": null,
            "book_valuer_per_share": null,
            "book_valuer_per_share_4q_avg": 0,
            "equity": null,
            "current_ratio": null,
            "debt_ratio": null,
            "inventory_turnover_ratio": null,
            "account_receivable_turnover_ratio": null,
            "reinvestment_rate": null,
            "research_to_sale_ratio": null,
            "price_fair": 0,
            "eps_avg_yearly": 0,
            "eps_latest_yearly": 0,
            "eps_growth_yearly": 0
        },
        "20012": {
            "year_quarter": 20012,
            "year": 2001,
            "quarter": 2,
            "eps": null,
            "eps_growth_year": null,
            "eps_4q": null,
            "eps_4q_growth_year": null,
            "roe": null,
            "roe_4q": 0,
            "gross_profit": null,
            "gross_margin": null,
            "gross_margin_4q_avg": 0,
            "net_income": null,
            "revenue": null,
            "common_shares": null,
            "book_valuer_per_share": null,
            "book_valuer_per_share_4q_avg": 0,
            "equity": null,
            "current_ratio": null,
            "debt_ratio": null,
            "inventory_turnover_ratio": null,
            "account_receivable_turnover_ratio": null,
            "reinvestment_rate": null,
            "research_to_sale_ratio": null,
            "price_fair": 0,
            "eps_avg_yearly": 0,
            "eps_latest_yearly": 0,
            "eps_growth_yearly": 0
        },
        "20013": {
            "year_quarter": 20013,
            "year": 2001,
            "quarter": 3,
            "eps": null,
            "eps_growth_year": null,
            "eps_4q": null,
            "eps_4q_growth_year": null,
            "roe": null,
            "roe_4q": 0,
            "gross_profit": null,
            "gross_margin": null,
            "gross_margin_4q_avg": 0,
            "net_income": null,
            "revenue": null,
            "common_shares": null,
            "book_valuer_per_share": null,
            "book_valuer_per_share_4q_avg": 0,
            "equity": null,
            "current_ratio": null,
            "debt_ratio": null,
            "inventory_turnover_ratio": null,
            "account_receivable_turnover_ratio": null,
            "reinvestment_rate": null,
            "research_to_sale_ratio": null,
            "price_fair": 0,
            "eps_avg_yearly": 0,
            "eps_latest_yearly": 0,
            "eps_growth_yearly": 0
        },
        "20014": {
            "year_quarter": 20014,
            "year": 2001,
            "quarter": 4,
            "eps": null,
            "eps_growth_year": null,
            "eps_4q": null,
            "eps_4q_growth_year": null,
            "roe": null,
            "roe_4q": 0,
            "gross_profit": null,
            "gross_margin": null,
            "gross_margin_4q_avg": 0,
            "net_income": null,
            "revenue": null,
            "common_shares": null,
            "book_valuer_per_share": null,
            "book_valuer_per_share_4q_avg": 0,
            "equity": null,
            "current_ratio": null,
            "debt_ratio": null,
            "inventory_turnover_ratio": null,
            "account_receivable_turnover_ratio": null,
            "reinvestment_rate": null,
            "research_to_sale_ratio": null,
            "price_fair": 0,
            "eps_avg_yearly": 0,
            "eps_latest_yearly": 0,
            "eps_growth_yearly": 0
        },
        "20021": {
            "year_quarter": 20021,
            "year": 2002,
            "quarter": 1,
            "eps": null,
            "eps_growth_year": null,
            "eps_4q": null,
            "eps_4q_growth_year": null,
            "roe": null,
            "roe_4q": 0,
            "gross_profit": null,
            "gross_margin": null,
            "gross_margin_4q_avg": 0,
            "net_income": null,
            "revenue": null,
            "common_shares": null,
            "book_valuer_per_share": null,
            "book_valuer_per_share_4q_avg": 0,
            "equity": null,
            "current_ratio": null,
            "debt_ratio": null,
            "inventory_turnover_ratio": null,
            "account_receivable_turnover_ratio": null,
            "reinvestment_rate": null,
            "research_to_sale_ratio": null,
            "price_fair": 0,
            "eps_avg_yearly": 0,
            "eps_latest_yearly": 0,
            "eps_growth_yearly": 0
        },
        "20022": {
            "year_quarter": 20022,
            "year": 2002,
            "quarter": 2,
            "eps": null,
            "eps_growth_year": null,
            "eps_4q": null,
            "eps_4q_growth_year": null,
            "roe": null,
            "roe_4q": 0,
            "gross_profit": null,
            "gross_margin": null,
            "gross_margin_4q_avg": 0,
            "net_income": null,
            "revenue": null,
            "common_shares": null,
            "book_valuer_per_share": null,
            "book_valuer_per_share_4q_avg": 0,
            "equity": null,
            "current_ratio": null,
            "debt_ratio": null,
            "inventory_turnover_ratio": null,
            "account_receivable_turnover_ratio": null,
            "reinvestment_rate": null,
            "research_to_sale_ratio": null,
            "price_fair": 0,
            "eps_avg_yearly": 0,
            "eps_latest_yearly": 0,
            "eps_growth_yearly": 0
        },
        "20023": {
            "year_quarter": 20023,
            "year": 2002,
            "quarter": 3,
            "eps": null,
            "eps_growth_year": null,
            "eps_4q": null,
            "eps_4q_growth_year": null,
            "roe": null,
            "roe_4q": 0,
            "gross_profit": null,
            "gross_margin": null,
            "gross_margin_4q_avg": 0,
            "net_income": null,
            "revenue": null,
            "common_shares": null,
            "book_valuer_per_share": null,
            "book_valuer_per_share_4q_avg": 0,
            "equity": null,
            "current_ratio": null,
            "debt_ratio": null,
            "inventory_turnover_ratio": null,
            "account_receivable_turnover_ratio": null,
            "reinvestment_rate": null,
            "research_to_sale_ratio": null,
            "price_fair": 0,
            "eps_avg_yearly": 0,
            "eps_latest_yearly": 0,
            "eps_growth_yearly": 0
        },
        "20024": {
            "year_quarter": 20024,
            "year": 2002,
            "quarter": 4,
            "eps": null,
            "eps_growth_year": null,
            "eps_4q": null,
            "eps_4q_growth_year": null,
            "roe": null,
            "roe_4q": 0,
            "gross_profit": null,
            "gross_margin": null,
            "gross_margin_4q_avg": 0,
            "net_income": null,
            "revenue": null,
            "common_shares": null,
            "book_valuer_per_share": null,
            "book_valuer_per_share_4q_avg": 0,
            "equity": null,
            "current_ratio": null,
            "debt_ratio": null,
            "inventory_turnover_ratio": null,
            "account_receivable_turnover_ratio": null,
            "reinvestment_rate": null,
            "research_to_sale_ratio": null,
            "price_fair": 0,
            "eps_avg_yearly": 0,
            "eps_latest_yearly": 0,
            "eps_growth_yearly": 0
        },
        "20031": {
            "year_quarter": 20031,
            "year": 2003,
            "quarter": 1,
            "eps": null,
            "eps_growth_year": null,
            "eps_4q": null,
            "eps_4q_growth_year": null,
            "roe": null,
            "roe_4q": 0,
            "gross_profit": null,
            "gross_margin": null,
            "gross_margin_4q_avg": 0,
            "net_income": null,
            "revenue": null,
            "common_shares": null,
            "book_valuer_per_share": null,
            "book_valuer_per_share_4q_avg": 0,
            "equity": null,
            "current_ratio": null,
            "debt_ratio": null,
            "inventory_turnover_ratio": null,
            "account_receivable_turnover_ratio": null,
            "reinvestment_rate": null,
            "research_to_sale_ratio": null,
            "price_fair": 0,
            "eps_avg_yearly": 0,
            "eps_latest_yearly": 0,
            "eps_growth_yearly": 0
        },
        "20032": {
            "year_quarter": 20032,
            "year": 2003,
            "quarter": 2,
            "eps": null,
            "eps_growth_year": null,
            "eps_4q": null,
            "eps_4q_growth_year": null,
            "roe": null,
            "roe_4q": 0,
            "gross_profit": null,
            "gross_margin": null,
            "gross_margin_4q_avg": 0,
            "net_income": null,
            "revenue": null,
            "common_shares": null,
            "book_valuer_per_share": null,
            "book_valuer_per_share_4q_avg": 0,
            "equity": null,
            "current_ratio": null,
            "debt_ratio": null,
            "inventory_turnover_ratio": null,
            "account_receivable_turnover_ratio": null,
            "reinvestment_rate": null,
            "research_to_sale_ratio": null,
            "price_fair": 0,
            "eps_avg_yearly": 0,
            "eps_latest_yearly": 0,
            "eps_growth_yearly": 0
        },
        "20033": {
            "year_quarter": 20033,
            "year": 2003,
            "quarter": 3,
            "eps": null,
            "eps_growth_year": null,
            "eps_4q": null,
            "eps_4q_growth_year": null,
            "roe": null,
            "roe_4q": 0,
            "gross_profit": null,
            "gross_margin": null,
            "gross_margin_4q_avg": 0,
            "net_income": null,
            "revenue": null,
            "common_shares": null,
            "book_valuer_per_share": null,
            "book_valuer_per_share_4q_avg": 0,
            "equity": null,
            "current_ratio": null,
            "debt_ratio": null,
            "inventory_turnover_ratio": null,
            "account_receivable_turnover_ratio": null,
            "reinvestment_rate": null,
            "research_to_sale_ratio": null,
            "price_fair": 0,
            "eps_avg_yearly": 0,
            "eps_latest_yearly": 0,
            "eps_growth_yearly": 0
        },
        "20034": {
            "year_quarter": 20034,
            "year": 2003,
            "quarter": 4,
            "eps": null,
            "eps_growth_year": null,
            "eps_4q": null,
            "eps_4q_growth_year": null,
            "roe": null,
            "roe_4q": 0,
            "gross_profit": null,
            "gross_margin": null,
            "gross_margin_4q_avg": 0,
            "net_income": null,
            "revenue": null,
            "common_shares": null,
            "book_valuer_per_share": null,
            "book_valuer_per_share_4q_avg": 0,
            "equity": null,
            "current_ratio": null,
            "debt_ratio": null,
            "inventory_turnover_ratio": null,
            "account_receivable_turnover_ratio": null,
            "reinvestment_rate": null,
            "research_to_sale_ratio": null,
            "price_fair": 0,
            "eps_avg_yearly": 0,
            "eps_latest_yearly": 0,
            "eps_growth_yearly": 0
        },
        "20041": {
            "year_quarter": 20041,
            "year": 2004,
            "quarter": 1,
            "eps": null,
            "eps_growth_year": null,
            "eps_4q": null,
            "eps_4q_growth_year": null,
            "roe": null,
            "roe_4q": 0,
            "gross_profit": null,
            "gross_margin": null,
            "gross_margin_4q_avg": 0,
            "net_income": null,
            "revenue": null,
            "common_shares": null,
            "book_valuer_per_share": null,
            "book_valuer_per_share_4q_avg": 0,
            "equity": null,
            "current_ratio": null,
            "debt_ratio": null,
            "inventory_turnover_ratio": null,
            "account_receivable_turnover_ratio": null,
            "reinvestment_rate": null,
            "research_to_sale_ratio": null,
            "price_fair": 0,
            "eps_avg_yearly": 0,
            "eps_latest_yearly": 0,
            "eps_growth_yearly": 0
        },
        "20042": {
            "year_quarter": 20042,
            "year": 2004,
            "quarter": 2,
            "eps": null,
            "eps_growth_year": null,
            "eps_4q": null,
            "eps_4q_growth_year": null,
            "roe": null,
            "roe_4q": 0,
            "gross_profit": null,
            "gross_margin": null,
            "gross_margin_4q_avg": 0,
            "net_income": null,
            "revenue": null,
            "common_shares": null,
            "book_valuer_per_share": null,
            "book_valuer_per_share_4q_avg": 0,
            "equity": null,
            "current_ratio": null,
            "debt_ratio": null,
            "inventory_turnover_ratio": null,
            "account_receivable_turnover_ratio": null,
            "reinvestment_rate": null,
            "research_to_sale_ratio": null,
            "price_fair": 0,
            "eps_avg_yearly": 0,
            "eps_latest_yearly": 0,
            "eps_growth_yearly": 0
        },
        "20043": {
            "year_quarter": 20043,
            "year": 2004,
            "quarter": 3,
            "eps": null,
            "eps_growth_year": null,
            "eps_4q": null,
            "eps_4q_growth_year": null,
            "roe": null,
            "roe_4q": 0,
            "gross_profit": null,
            "gross_margin": null,
            "gross_margin_4q_avg": 0,
            "net_income": null,
            "revenue": null,
            "common_shares": null,
            "book_valuer_per_share": null,
            "book_valuer_per_share_4q_avg": 0,
            "equity": null,
            "current_ratio": null,
            "debt_ratio": null,
            "inventory_turnover_ratio": null,
            "account_receivable_turnover_ratio": null,
            "reinvestment_rate": null,
            "research_to_sale_ratio": null,
            "price_fair": 0,
            "eps_avg_yearly": 0,
            "eps_latest_yearly": 0,
            "eps_growth_yearly": 0
        },
        "20044": {
            "year_quarter": 20044,
            "year": 2004,
            "quarter": 4,
            "eps": null,
            "eps_growth_year": null,
            "eps_4q": null,
            "eps_4q_growth_year": null,
            "roe": null,
            "roe_4q": 0,
            "gross_profit": null,
            "gross_margin": null,
            "gross_margin_4q_avg": 0,
            "net_income": null,
            "revenue": null,
            "common_shares": null,
            "book_valuer_per_share": null,
            "book_valuer_per_share_4q_avg": 0,
            "equity": null,
            "current_ratio": null,
            "debt_ratio": null,
            "inventory_turnover_ratio": null,
            "account_receivable_turnover_ratio": null,
            "reinvestment_rate": null,
            "research_to_sale_ratio": null,
            "price_fair": 0,
            "eps_avg_yearly": 0,
            "eps_latest_yearly": 0,
            "eps_growth_yearly": 0
        },
        "20051": {
            "year_quarter": 20051,
            "year": 2005,
            "quarter": 1,
            "eps": null,
            "eps_growth_year": null,
            "eps_4q": null,
            "eps_4q_growth_year": null,
            "roe": null,
            "roe_4q": 0,
            "gross_profit": null,
            "gross_margin": null,
            "gross_margin_4q_avg": 0,
            "net_income": null,
            "revenue": null,
            "common_shares": null,
            "book_valuer_per_share": null,
            "book_valuer_per_share_4q_avg": 0,
            "equity": null,
            "current_ratio": null,
            "debt_ratio": null,
            "inventory_turnover_ratio": null,
            "account_receivable_turnover_ratio": null,
            "reinvestment_rate": null,
            "research_to_sale_ratio": null,
            "price_fair": 0,
            "eps_avg_yearly": 0,
            "eps_latest_yearly": 0,
            "eps_growth_yearly": 0
        },
        "20052": {
            "year_quarter": 20052,
            "year": 2005,
            "quarter": 2,
            "eps": null,
            "eps_growth_year": null,
            "eps_4q": null,
            "eps_4q_growth_year": null,
            "roe": null,
            "roe_4q": 0,
            "gross_profit": null,
            "gross_margin": null,
            "gross_margin_4q_avg": 0,
            "net_income": null,
            "revenue": null,
            "common_shares": null,
            "book_valuer_per_share": null,
            "book_valuer_per_share_4q_avg": 0,
            "equity": null,
            "current_ratio": null,
            "debt_ratio": null,
            "inventory_turnover_ratio": null,
            "account_receivable_turnover_ratio": null,
            "reinvestment_rate": null,
            "research_to_sale_ratio": null,
            "price_fair": 0,
            "eps_avg_yearly": 0,
            "eps_latest_yearly": 0,
            "eps_growth_yearly": 0
        },
        "20053": {
            "year_quarter": 20053,
            "year": 2005,
            "quarter": 3,
            "eps": null,
            "eps_growth_year": null,
            "eps_4q": null,
            "eps_4q_growth_year": null,
            "roe": null,
            "roe_4q": 0,
            "gross_profit": null,
            "gross_margin": null,
            "gross_margin_4q_avg": 0,
            "net_income": null,
            "revenue": null,
            "common_shares": null,
            "book_valuer_per_share": null,
            "book_valuer_per_share_4q_avg": 0,
            "equity": null,
            "current_ratio": null,
            "debt_ratio": null,
            "inventory_turnover_ratio": null,
            "account_receivable_turnover_ratio": null,
            "reinvestment_rate": null,
            "research_to_sale_ratio": null,
            "price_fair": 0,
            "eps_avg_yearly": 0,
            "eps_latest_yearly": 0,
            "eps_growth_yearly": 0
        },
        "20054": {
            "year_quarter": 20054,
            "year": 2005,
            "quarter": 4,
            "eps": null,
            "eps_growth_year": null,
            "eps_4q": null,
            "eps_4q_growth_year": null,
            "roe": null,
            "roe_4q": 0,
            "gross_profit": null,
            "gross_margin": null,
            "gross_margin_4q_avg": 0,
            "net_income": null,
            "revenue": null,
            "common_shares": null,
            "book_valuer_per_share": null,
            "book_valuer_per_share_4q_avg": 0,
            "equity": null,
            "current_ratio": null,
            "debt_ratio": null,
            "inventory_turnover_ratio": null,
            "account_receivable_turnover_ratio": null,
            "reinvestment_rate": null,
            "research_to_sale_ratio": null,
            "price_fair": 0,
            "eps_avg_yearly": 0,
            "eps_latest_yearly": 0,
            "eps_growth_yearly": 0
        },
        "20061": {
            "year_quarter": 20061,
            "year": 2006,
            "quarter": 1,
            "eps": null,
            "eps_growth_year": null,
            "eps_4q": null,
            "eps_4q_growth_year": null,
            "roe": null,
            "roe_4q": 0,
            "gross_profit": null,
            "gross_margin": null,
            "gross_margin_4q_avg": 0,
            "net_income": null,
            "revenue": null,
            "common_shares": null,
            "book_valuer_per_share": null,
            "book_valuer_per_share_4q_avg": 0,
            "equity": null,
            "current_ratio": null,
            "debt_ratio": null,
            "inventory_turnover_ratio": null,
            "account_receivable_turnover_ratio": null,
            "reinvestment_rate": null,
            "research_to_sale_ratio": null,
            "price_fair": 0,
            "eps_avg_yearly": 0,
            "eps_latest_yearly": 0,
            "eps_growth_yearly": 0
        },
        "20062": {
            "year_quarter": 20062,
            "year": 2006,
            "quarter": 2,
            "eps": null,
            "eps_growth_year": null,
            "eps_4q": null,
            "eps_4q_growth_year": null,
            "roe": null,
            "roe_4q": 0,
            "gross_profit": null,
            "gross_margin": null,
            "gross_margin_4q_avg": 0,
            "net_income": null,
            "revenue": null,
            "common_shares": null,
            "book_valuer_per_share": null,
            "book_valuer_per_share_4q_avg": 0,
            "equity": null,
            "current_ratio": null,
            "debt_ratio": null,
            "inventory_turnover_ratio": null,
            "account_receivable_turnover_ratio": null,
            "reinvestment_rate": null,
            "research_to_sale_ratio": null,
            "price_fair": 0,
            "eps_avg_yearly": 0,
            "eps_latest_yearly": 0,
            "eps_growth_yearly": 0
        },
        "20063": {
            "year_quarter": 20063,
            "year": 2006,
            "quarter": 3,
            "eps": null,
            "eps_growth_year": null,
            "eps_4q": null,
            "eps_4q_growth_year": null,
            "roe": null,
            "roe_4q": 0,
            "gross_profit": null,
            "gross_margin": null,
            "gross_margin_4q_avg": 0,
            "net_income": null,
            "revenue": null,
            "common_shares": null,
            "book_valuer_per_share": null,
            "book_valuer_per_share_4q_avg": 0,
            "equity": null,
            "current_ratio": null,
            "debt_ratio": null,
            "inventory_turnover_ratio": null,
            "account_receivable_turnover_ratio": null,
            "reinvestment_rate": null,
            "research_to_sale_ratio": null,
            "price_fair": 0,
            "eps_avg_yearly": 0,
            "eps_latest_yearly": 0,
            "eps_growth_yearly": 0
        },
        "20064": {
            "year_quarter": 20064,
            "year": 2006,
            "quarter": 4,
            "eps": null,
            "eps_growth_year": null,
            "eps_4q": null,
            "eps_4q_growth_year": null,
            "roe": null,
            "roe_4q": 0,
            "gross_profit": null,
            "gross_margin": null,
            "gross_margin_4q_avg": 0,
            "net_income": null,
            "revenue": null,
            "common_shares": 530720,
            "book_valuer_per_share": 9.75,
            "book_valuer_per_share_4q_avg": 2.44,
            "equity": 517213,
            "current_ratio": 1295.97,
            "debt_ratio": 5.49,
            "inventory_turnover_ratio": null,
            "account_receivable_turnover_ratio": null,
            "reinvestment_rate": null,
            "research_to_sale_ratio": null,
            "price_fair": 0,
            "eps_avg_yearly": 0,
            "eps_latest_yearly": 0,
            "eps_growth_yearly": 0
        },
        "20071": {
            "year_quarter": 20071,
            "year": 2007,
            "quarter": 1,
            "eps": null,
            "eps_growth_year": null,
            "eps_4q": null,
            "eps_4q_growth_year": null,
            "roe": null,
            "roe_4q": 0,
            "gross_profit": null,
            "gross_margin": null,
            "gross_margin_4q_avg": 0,
            "net_income": null,
            "revenue": null,
            "common_shares": null,
            "book_valuer_per_share": null,
            "book_valuer_per_share_4q_avg": 2.44,
            "equity": null,
            "current_ratio": null,
            "debt_ratio": null,
            "inventory_turnover_ratio": null,
            "account_receivable_turnover_ratio": null,
            "reinvestment_rate": null,
            "research_to_sale_ratio": null,
            "price_fair": 0,
            "eps_avg_yearly": 0,
            "eps_latest_yearly": 0,
            "eps_growth_yearly": 0
        },
        "20072": {
            "year_quarter": 20072,
            "year": 2007,
            "quarter": 2,
            "eps": null,
            "eps_growth_year": null,
            "eps_4q": null,
            "eps_4q_growth_year": null,
            "roe": null,
            "roe_4q": 0,
            "gross_profit": null,
            "gross_margin": null,
            "gross_margin_4q_avg": 0,
            "net_income": null,
            "revenue": null,
            "common_shares": null,
            "book_valuer_per_share": null,
            "book_valuer_per_share_4q_avg": 2.44,
            "equity": null,
            "current_ratio": null,
            "debt_ratio": null,
            "inventory_turnover_ratio": null,
            "account_receivable_turnover_ratio": null,
            "reinvestment_rate": null,
            "research_to_sale_ratio": null,
            "price_fair": 0,
            "eps_avg_yearly": 0,
            "eps_latest_yearly": 0,
            "eps_growth_yearly": 0
        },
        "20073": {
            "year_quarter": 20073,
            "year": 2007,
            "quarter": 3,
            "eps": null,
            "eps_growth_year": null,
            "eps_4q": null,
            "eps_4q_growth_year": null,
            "roe": null,
            "roe_4q": 0,
            "gross_profit": null,
            "gross_margin": null,
            "gross_margin_4q_avg": 0,
            "net_income": null,
            "revenue": null,
            "common_shares": null,
            "book_valuer_per_share": null,
            "book_valuer_per_share_4q_avg": 2.44,
            "equity": null,
            "current_ratio": null,
            "debt_ratio": null,
            "inventory_turnover_ratio": null,
            "account_receivable_turnover_ratio": null,
            "reinvestment_rate": null,
            "research_to_sale_ratio": null,
            "price_fair": 0,
            "eps_avg_yearly": 0,
            "eps_latest_yearly": 0,
            "eps_growth_yearly": 0
        },
        "20074": {
            "year_quarter": 20074,
            "year": 2007,
            "quarter": 4,
            "eps": null,
            "eps_growth_year": null,
            "eps_4q": null,
            "eps_4q_growth_year": null,
            "roe": null,
            "roe_4q": 0,
            "gross_profit": null,
            "gross_margin": null,
            "gross_margin_4q_avg": 0,
            "net_income": null,
            "revenue": null,
            "common_shares": 550000,
            "book_valuer_per_share": 10.11,
            "book_valuer_per_share_4q_avg": 2.53,
            "equity": 556001,
            "current_ratio": 346.87,
            "debt_ratio": 17.48,
            "inventory_turnover_ratio": null,
            "account_receivable_turnover_ratio": null,
            "reinvestment_rate": null,
            "research_to_sale_ratio": null,
            "price_fair": 0,
            "eps_avg_yearly": 0,
            "eps_latest_yearly": 0,
            "eps_growth_yearly": 0
        },
        "20081": {
            "year_quarter": 20081,
            "year": 2008,
            "quarter": 1,
            "eps": null,
            "eps_growth_year": null,
            "eps_4q": null,
            "eps_4q_growth_year": null,
            "roe": null,
            "roe_4q": 0,
            "gross_profit": null,
            "gross_margin": null,
            "gross_margin_4q_avg": 0,
            "net_income": null,
            "revenue": null,
            "common_shares": null,
            "book_valuer_per_share": null,
            "book_valuer_per_share_4q_avg": 2.53,
            "equity": null,
            "current_ratio": null,
            "debt_ratio": null,
            "inventory_turnover_ratio": null,
            "account_receivable_turnover_ratio": null,
            "reinvestment_rate": null,
            "research_to_sale_ratio": null,
            "price_fair": 0,
            "eps_avg_yearly": 0,
            "eps_latest_yearly": 0,
            "eps_growth_yearly": 0
        },
        "20082": {
            "year_quarter": 20082,
            "year": 2008,
            "quarter": 2,
            "eps": null,
            "eps_growth_year": null,
            "eps_4q": null,
            "eps_4q_growth_year": null,
            "roe": null,
            "roe_4q": 0,
            "gross_profit": null,
            "gross_margin": null,
            "gross_margin_4q_avg": 0,
            "net_income": null,
            "revenue": null,
            "common_shares": null,
            "book_valuer_per_share": null,
            "book_valuer_per_share_4q_avg": 2.53,
            "equity": null,
            "current_ratio": null,
            "debt_ratio": null,
            "inventory_turnover_ratio": null,
            "account_receivable_turnover_ratio": null,
            "reinvestment_rate": null,
            "research_to_sale_ratio": null,
            "price_fair": 0,
            "eps_avg_yearly": 0,
            "eps_latest_yearly": 0,
            "eps_growth_yearly": 0
        },
        "20083": {
            "year_quarter": 20083,
            "year": 2008,
            "quarter": 3,
            "eps": null,
            "eps_growth_year": null,
            "eps_4q": null,
            "eps_4q_growth_year": null,
            "roe": null,
            "roe_4q": 0,
            "gross_profit": null,
            "gross_margin": null,
            "gross_margin_4q_avg": 0,
            "net_income": null,
            "revenue": null,
            "common_shares": null,
            "book_valuer_per_share": null,
            "book_valuer_per_share_4q_avg": 2.53,
            "equity": null,
            "current_ratio": null,
            "debt_ratio": null,
            "inventory_turnover_ratio": null,
            "account_receivable_turnover_ratio": null,
            "reinvestment_rate": null,
            "research_to_sale_ratio": null,
            "price_fair": 0,
            "eps_avg_yearly": 0,
            "eps_latest_yearly": 0,
            "eps_growth_yearly": 0
        },
        "20084": {
            "year_quarter": 20084,
            "year": 2008,
            "quarter": 4,
            "eps": null,
            "eps_growth_year": null,
            "eps_4q": null,
            "eps_4q_growth_year": null,
            "roe": null,
            "roe_4q": 0,
            "gross_profit": null,
            "gross_margin": null,
            "gross_margin_4q_avg": 0,
            "net_income": null,
            "revenue": null,
            "common_shares": 550000,
            "book_valuer_per_share": 10.5,
            "book_valuer_per_share_4q_avg": 2.63,
            "equity": 577455,
            "current_ratio": 85.58,
            "debt_ratio": 43.6,
            "inventory_turnover_ratio": null,
            "account_receivable_turnover_ratio": null,
            "reinvestment_rate": null,
            "research_to_sale_ratio": null,
            "price_fair": 0,
            "eps_avg_yearly": 0,
            "eps_latest_yearly": 0,
            "eps_growth_yearly": 0
        },
        "20091": {
            "year_quarter": 20091,
            "year": 2009,
            "quarter": 1,
            "eps": null,
            "eps_growth_year": null,
            "eps_4q": null,
            "eps_4q_growth_year": null,
            "roe": null,
            "roe_4q": 0,
            "gross_profit": null,
            "gross_margin": null,
            "gross_margin_4q_avg": 0,
            "net_income": null,
            "revenue": null,
            "common_shares": null,
            "book_valuer_per_share": null,
            "book_valuer_per_share_4q_avg": 2.63,
            "equity": null,
            "current_ratio": null,
            "debt_ratio": null,
            "inventory_turnover_ratio": null,
            "account_receivable_turnover_ratio": null,
            "reinvestment_rate": null,
            "research_to_sale_ratio": null,
            "price_fair": 0,
            "eps_avg_yearly": 0,
            "eps_latest_yearly": 0,
            "eps_growth_yearly": 0
        },
        "20092": {
            "year_quarter": 20092,
            "year": 2009,
            "quarter": 2,
            "eps": null,
            "eps_growth_year": null,
            "eps_4q": null,
            "eps_4q_growth_year": null,
            "roe": null,
            "roe_4q": 0,
            "gross_profit": null,
            "gross_margin": null,
            "gross_margin_4q_avg": 0,
            "net_income": null,
            "revenue": null,
            "common_shares": null,
            "book_valuer_per_share": null,
            "book_valuer_per_share_4q_avg": 2.63,
            "equity": null,
            "current_ratio": null,
            "debt_ratio": null,
            "inventory_turnover_ratio": null,
            "account_receivable_turnover_ratio": null,
            "reinvestment_rate": null,
            "research_to_sale_ratio": null,
            "price_fair": 0,
            "eps_avg_yearly": 0,
            "eps_latest_yearly": 0,
            "eps_growth_yearly": 0
        },
        "20093": {
            "year_quarter": 20093,
            "year": 2009,
            "quarter": 3,
            "eps": null,
            "eps_growth_year": null,
            "eps_4q": null,
            "eps_4q_growth_year": null,
            "roe": null,
            "roe_4q": 0,
            "gross_profit": null,
            "gross_margin": null,
            "gross_margin_4q_avg": 0,
            "net_income": null,
            "revenue": null,
            "common_shares": null,
            "book_valuer_per_share": null,
            "book_valuer_per_share_4q_avg": 2.63,
            "equity": null,
            "current_ratio": null,
            "debt_ratio": null,
            "inventory_turnover_ratio": null,
            "account_receivable_turnover_ratio": null,
            "reinvestment_rate": null,
            "research_to_sale_ratio": null,
            "price_fair": 0,
            "eps_avg_yearly": 0,
            "eps_latest_yearly": 0,
            "eps_growth_yearly": 0
        },
        "20094": {
            "year_quarter": 20094,
            "year": 2009,
            "quarter": 4,
            "eps": null,
            "eps_growth_year": null,
            "eps_4q": null,
            "eps_4q_growth_year": null,
            "roe": null,
            "roe_4q": 0,
            "gross_profit": null,
            "gross_margin": null,
            "gross_margin_4q_avg": 0,
            "net_income": null,
            "revenue": null,
            "common_shares": 677872,
            "book_valuer_per_share": 11,
            "book_valuer_per_share_4q_avg": 2.75,
            "equity": 745527,
            "current_ratio": 152.04,
            "debt_ratio": 39.94,
            "inventory_turnover_ratio": null,
            "account_receivable_turnover_ratio": null,
            "reinvestment_rate": null,
            "research_to_sale_ratio": null,
            "price_fair": 0,
            "eps_avg_yearly": 0,
            "eps_latest_yearly": 0,
            "eps_growth_yearly": 0
        },
        "20101": {
            "year_quarter": 20101,
            "year": 2010,
            "quarter": 1,
            "eps": null,
            "eps_growth_year": null,
            "eps_4q": null,
            "eps_4q_growth_year": null,
            "roe": null,
            "roe_4q": 0,
            "gross_profit": 56439,
            "gross_margin": null,
            "gross_margin_4q_avg": 0,
            "net_income": 31342,
            "revenue": 175136,
            "common_shares": 677872,
            "book_valuer_per_share": 11.68,
            "book_valuer_per_share_4q_avg": 5.67,
            "equity": 791479,
            "current_ratio": 142.98,
            "debt_ratio": 39.99,
            "inventory_turnover_ratio": null,
            "account_receivable_turnover_ratio": null,
            "reinvestment_rate": null,
            "research_to_sale_ratio": null,
            "price_fair": 0,
            "eps_avg_yearly": 0,
            "eps_latest_yearly": 0,
            "eps_growth_yearly": 0
        },
        "20102": {
            "year_quarter": 20102,
            "year": 2010,
            "quarter": 2,
            "eps": null,
            "eps_growth_year": null,
            "eps_4q": null,
            "eps_4q_growth_year": null,
            "roe": null,
            "roe_4q": 0,
            "gross_profit": 85622,
            "gross_margin": null,
            "gross_margin_4q_avg": 0,
            "net_income": 58685,
            "revenue": 239214,
            "common_shares": 835862,
            "book_valuer_per_share": 14.26,
            "book_valuer_per_share_4q_avg": 9.24,
            "equity": 1191946,
            "current_ratio": 297.84,
            "debt_ratio": 25.65,
            "inventory_turnover_ratio": null,
            "account_receivable_turnover_ratio": null,
            "reinvestment_rate": null,
            "research_to_sale_ratio": null,
            "price_fair": 0,
            "eps_avg_yearly": 0,
            "eps_latest_yearly": 0,
            "eps_growth_yearly": 0
        },
        "20103": {
            "year_quarter": 20103,
            "year": 2010,
            "quarter": 3,
            "eps": null,
            "eps_growth_year": null,
            "eps_4q": null,
            "eps_4q_growth_year": null,
            "roe": null,
            "roe_4q": 0,
            "gross_profit": 107504,
            "gross_margin": null,
            "gross_margin_4q_avg": 0,
            "net_income": 80161,
            "revenue": 250587,
            "common_shares": 895862,
            "book_valuer_per_share": 15.83,
            "book_valuer_per_share_4q_avg": 13.19,
            "equity": 1418382,
            "current_ratio": 275.53,
            "debt_ratio": 24.84,
            "inventory_turnover_ratio": null,
            "account_receivable_turnover_ratio": null,
            "reinvestment_rate": null,
            "research_to_sale_ratio": null,
            "price_fair": 0,
            "eps_avg_yearly": 0,
            "eps_latest_yearly": 0,
            "eps_growth_yearly": 0
        },
        "20104": {
            "year_quarter": 20104,
            "year": 2010,
            "quarter": 4,
            "eps": null,
            "eps_growth_year": null,
            "eps_4q": null,
            "eps_4q_growth_year": null,
            "roe": null,
            "roe_4q": 0,
            "gross_profit": 365044,
            "gross_margin": null,
            "gross_margin_4q_avg": 0,
            "net_income": 228851,
            "revenue": 930828,
            "common_shares": 895862,
            "book_valuer_per_share": 16.49,
            "book_valuer_per_share_4q_avg": 14.57,
            "equity": 1477005,
            "current_ratio": 278.65,
            "debt_ratio": 25.56,
            "inventory_turnover_ratio": null,
            "account_receivable_turnover_ratio": null,
            "reinvestment_rate": null,
            "research_to_sale_ratio": null,
            "price_fair": 0,
            "eps_avg_yearly": 0,
            "eps_latest_yearly": 0,
            "eps_growth_yearly": 0
        },
        "20111": {
            "year_quarter": 20111,
            "year": 2011,
            "quarter": 1,
            "eps": null,
            "eps_growth_year": null,
            "eps_4q": null,
            "eps_4q_growth_year": null,
            "roe": null,
            "roe_4q": 0,
            "gross_profit": 106485,
            "gross_margin": null,
            "gross_margin_4q_avg": 0,
            "net_income": 71003,
            "revenue": 275143,
            "common_shares": 895862,
            "book_valuer_per_share": 17.3,
            "book_valuer_per_share_4q_avg": 15.97,
            "equity": 1549985,
            "current_ratio": 329.34,
            "debt_ratio": 20.98,
            "inventory_turnover_ratio": null,
            "account_receivable_turnover_ratio": null,
            "reinvestment_rate": null,
            "research_to_sale_ratio": null,
            "price_fair": 0,
            "eps_avg_yearly": 0,
            "eps_latest_yearly": 0,
            "eps_growth_yearly": 0
        },
        "20112": {
            "year_quarter": 20112,
            "year": 2011,
            "quarter": 2,
            "eps": 0.77,
            "eps_growth_year": null,
            "eps_4q": 0.77,
            "eps_4q_growth_year": null,
            "roe": 4.49,
            "roe_4q": 4.49,
            "gross_profit": 118744,
            "gross_margin": 34.58,
            "gross_margin_4q_avg": 8.65,
            "net_income": 69713,
            "revenue": 343357,
            "common_shares": 902932,
            "book_valuer_per_share": 17.22,
            "book_valuer_per_share_4q_avg": 16.71,
            "equity": 1555036,
            "current_ratio": 212.52,
            "debt_ratio": 24.6,
            "inventory_turnover_ratio": 1.17,
            "account_receivable_turnover_ratio": 1.69,
            "reinvestment_rate": null,
            "research_to_sale_ratio": null,
            "price_fair": 0,
            "eps_avg_yearly": 0,
            "eps_latest_yearly": 0,
            "eps_growth_yearly": 0
        },
        "20113": {
            "year_quarter": 20113,
            "year": 2011,
            "quarter": 3,
            "eps": 0.7,
            "eps_growth_year": null,
            "eps_4q": 1.47,
            "eps_4q_growth_year": null,
            "roe": 3.96,
            "roe_4q": 8.45,
            "gross_profit": 117072,
            "gross_margin": 32.9,
            "gross_margin_4q_avg": 16.87,
            "net_income": 62907,
            "revenue": 355817,
            "common_shares": 902932,
            "book_valuer_per_share": 17.92,
            "book_valuer_per_share_4q_avg": 17.23,
            "equity": 1618466,
            "current_ratio": 247.64,
            "debt_ratio": 29.82,
            "inventory_turnover_ratio": 1.17,
            "account_receivable_turnover_ratio": 0.85,
            "reinvestment_rate": null,
            "research_to_sale_ratio": 6.59,
            "price_fair": 8.4,
            "eps_avg_yearly": 2.8,
            "eps_latest_yearly": 2.8,
            "eps_growth_yearly": -36.36
        },
        "20114": {
            "year_quarter": 20114,
            "year": 2011,
            "quarter": 4,
            "eps": 0.1,
            "eps_growth_year": null,
            "eps_4q": 1.42,
            "eps_4q_growth_year": null,
            "roe": 0.54,
            "roe_4q": 8.99,
            "gross_profit": 60926,
            "gross_margin": 24.41,
            "gross_margin_4q_avg": 22.97,
            "net_income": 9586,
            "revenue": 249607,
            "common_shares": 1004082,
            "book_valuer_per_share": 19.22,
            "book_valuer_per_share_4q_avg": 17.92,
            "equity": 1929925,
            "current_ratio": 338.15,
            "debt_ratio": 27.38,
            "inventory_turnover_ratio": 0.86,
            "account_receivable_turnover_ratio": 0.61,
            "reinvestment_rate": null,
            "research_to_sale_ratio": 10.05,
            "price_fair": 4.8,
            "eps_avg_yearly": 1.6,
            "eps_latest_yearly": 0.4,
            "eps_growth_yearly": -189.61
        },
        "20121": {
            "year_quarter": 20121,
            "year": 2012,
            "quarter": 1,
            "eps": 0.18,
            "eps_growth_year": null,
            "eps_4q": 1.59,
            "eps_4q_growth_year": null,
            "roe": 0.92,
            "roe_4q": 9.91,
            "gross_profit": 43615,
            "gross_margin": 14.69,
            "gross_margin_4q_avg": 26.65,
            "net_income": 17784,
            "revenue": 296825,
            "common_shares": 1004082,
            "book_valuer_per_share": 19.4,
            "book_valuer_per_share_4q_avg": 18.44,
            "equity": 1947484,
            "current_ratio": 326.41,
            "debt_ratio": 27.33,
            "inventory_turnover_ratio": 1.06,
            "account_receivable_turnover_ratio": 0.7,
            "reinvestment_rate": null,
            "research_to_sale_ratio": 1.62,
            "price_fair": 3.92,
            "eps_avg_yearly": 1.31,
            "eps_latest_yearly": 0.72,
            "eps_growth_yearly": -19.74
        },
        "20122": {
            "year_quarter": 20122,
            "year": 2012,
            "quarter": 2,
            "eps": 0.52,
            "eps_growth_year": -32.1,
            "eps_4q": 1.42,
            "eps_4q_growth_year": 84.36,
            "roe": 2.71,
            "roe_4q": 8.129999999999999,
            "gross_profit": 102511,
            "gross_margin": 24.44,
            "gross_margin_4q_avg": 24.11,
            "net_income": 52641,
            "revenue": 419436,
            "common_shares": 1004082,
            "book_valuer_per_share": 19.32,
            "book_valuer_per_share_4q_avg": 18.97,
            "equity": 1939949,
            "current_ratio": 276.32,
            "debt_ratio": 30.77,
            "inventory_turnover_ratio": 1.35,
            "account_receivable_turnover_ratio": 0.79,
            "reinvestment_rate": null,
            "research_to_sale_ratio": 5.28,
            "price_fair": 52.5,
            "eps_avg_yearly": 1.5,
            "eps_latest_yearly": 2.08,
            "eps_growth_yearly": 174.08
        },
        "20123": {
            "year_quarter": 20123,
            "year": 2012,
            "quarter": 3,
            "eps": 0.21,
            "eps_growth_year": -69.77,
            "eps_4q": 1.01,
            "eps_4q_growth_year": -31.41,
            "roe": 1.08,
            "roe_4q": 5.25,
            "gross_profit": 62503,
            "gross_margin": 19.3,
            "gross_margin_4q_avg": 20.71,
            "net_income": 21149,
            "revenue": 323861,
            "common_shares": 1004082,
            "book_valuer_per_share": 19.53,
            "book_valuer_per_share_4q_avg": 19.37,
            "equity": 1960892,
            "current_ratio": 305.11,
            "debt_ratio": 30.05,
            "inventory_turnover_ratio": 1.14,
            "account_receivable_turnover_ratio": 0.54,
            "reinvestment_rate": null,
            "research_to_sale_ratio": 5.78,
            "price_fair": 47.88,
            "eps_avg_yearly": 1.37,
            "eps_latest_yearly": 0.84,
            "eps_growth_yearly": 91.57
        },
        "20124": {
            "year_quarter": 20124,
            "year": 2012,
            "quarter": 4,
            "eps": -0.06,
            "eps_growth_year": -164.03,
            "eps_4q": 0.85,
            "eps_4q_growth_year": -39.92,
            "roe": -0.31,
            "roe_4q": 4.4,
            "gross_profit": 28863,
            "gross_margin": 9.26,
            "gross_margin_4q_avg": 16.92,
            "net_income": -6138,
            "revenue": 311616,
            "common_shares": 1004082,
            "book_valuer_per_share": 19.47,
            "book_valuer_per_share_4q_avg": 19.43,
            "equity": 1954752,
            "current_ratio": 302.37,
            "debt_ratio": 29.19,
            "inventory_turnover_ratio": 1.21,
            "account_receivable_turnover_ratio": 0.51,
            "reinvestment_rate": null,
            "research_to_sale_ratio": 7.11,
            "price_fair": 47.88,
            "eps_avg_yearly": 1.37,
            "eps_latest_yearly": 0.84,
            "eps_growth_yearly": 91.57
        },
        "20131": {
            "year_quarter": 20131,
            "year": 2013,
            "quarter": 1,
            "eps": 0.08,
            "eps_growth_year": -55.56,
            "eps_4q": 0.76,
            "eps_4q_growth_year": -52.58,
            "roe": 0.42,
            "roe_4q": 3.9,
            "gross_profit": 50997,
            "gross_margin": 17.05,
            "gross_margin_4q_avg": 17.51,
            "net_income": 8216,
            "revenue": 299058,
            "common_shares": 1004082,
            "book_valuer_per_share": 19.53,
            "book_valuer_per_share_4q_avg": 19.46,
            "equity": 1960961,
            "current_ratio": 298.13,
            "debt_ratio": 30.35,
            "inventory_turnover_ratio": 1.01,
            "account_receivable_turnover_ratio": 0.48,
            "reinvestment_rate": null,
            "research_to_sale_ratio": 6.92,
            "price_fair": 47.88,
            "eps_avg_yearly": 1.37,
            "eps_latest_yearly": 0.84,
            "eps_growth_yearly": 91.57
        },
        "20132": {
            "year_quarter": 20132,
            "year": 2013,
            "quarter": 2,
            "eps": 0.13,
            "eps_growth_year": -75.2,
            "eps_4q": 0.36,
            "eps_4q_growth_year": -74.46,
            "roe": 0.69,
            "roe_4q": 1.88,
            "gross_profit": 59561,
            "gross_margin": 16.74,
            "gross_margin_4q_avg": 15.59,
            "net_income": 13281,
            "revenue": 355851,
            "common_shares": 1004082,
            "book_valuer_per_share": 19.06,
            "book_valuer_per_share_4q_avg": 19.4,
            "equity": 1914163,
            "current_ratio": 226.09,
            "debt_ratio": 35.9,
            "inventory_turnover_ratio": 1.2,
            "account_receivable_turnover_ratio": 0.55,
            "reinvestment_rate": null,
            "research_to_sale_ratio": 6.46,
            "price_fair": 42.93,
            "eps_avg_yearly": 1.23,
            "eps_latest_yearly": 0.52,
            "eps_growth_yearly": 117.98
        },
        "20133": {
            "year_quarter": 20133,
            "year": 2013,
            "quarter": 3,
            "eps": 0.18,
            "eps_growth_year": -14.54,
            "eps_4q": 0.33,
            "eps_4q_growth_year": -66.78,
            "roe": 0.95,
            "roe_4q": 1.75,
            "gross_profit": 61005,
            "gross_margin": 18.89,
            "gross_margin_4q_avg": 15.49,
            "net_income": 18249,
            "revenue": 322963,
            "common_shares": 1004082,
            "book_valuer_per_share": 19.15,
            "book_valuer_per_share_4q_avg": 19.3,
            "equity": 1932307,
            "current_ratio": 233.37,
            "debt_ratio": 36.02,
            "inventory_turnover_ratio": 1.06,
            "account_receivable_turnover_ratio": 0.5,
            "reinvestment_rate": null,
            "research_to_sale_ratio": 5.15,
            "price_fair": 40.4,
            "eps_avg_yearly": 1.15,
            "eps_latest_yearly": 0.72,
            "eps_growth_yearly": 123.1
        },
        "20134": {
            "year_quarter": 20134,
            "year": 2013,
            "quarter": 4,
            "eps": 0.21,
            "eps_growth_year": null,
            "eps_4q": 0.6,
            "eps_4q_growth_year": -29.22,
            "roe": 1.07,
            "roe_4q": 3.13,
            "gross_profit": 64471,
            "gross_margin": 18.7,
            "gross_margin_4q_avg": 17.85,
            "net_income": 20722,
            "revenue": 344786,
            "common_shares": 1004082,
            "book_valuer_per_share": 19.39,
            "book_valuer_per_share_4q_avg": 19.28,
            "equity": 1953181,
            "current_ratio": 196.76,
            "debt_ratio": 34.63,
            "inventory_turnover_ratio": 1.04,
            "account_receivable_turnover_ratio": 0.55,
            "reinvestment_rate": 52.18,
            "research_to_sale_ratio": 5.36,
            "price_fair": 39.03,
            "eps_avg_yearly": 1.12,
            "eps_latest_yearly": 0.84,
            "eps_growth_yearly": 116.05
        },
        "20141": {
            "year_quarter": 20141,
            "year": 2014,
            "quarter": 1,
            "eps": 0.24,
            "eps_growth_year": 200,
            "eps_4q": 0.76,
            "eps_4q_growth_year": 1.18,
            "roe": 1.25,
            "roe_4q": 3.9600000000000004,
            "gross_profit": 74478,
            "gross_margin": 20.94,
            "gross_margin_4q_avg": 18.82,
            "net_income": 24508,
            "revenue": 355664,
            "common_shares": 1004082,
            "book_valuer_per_share": 19.5,
            "book_valuer_per_share_4q_avg": 19.28,
            "equity": 1977648,
            "current_ratio": 206.65,
            "debt_ratio": 32.57,
            "inventory_turnover_ratio": 0.97,
            "account_receivable_turnover_ratio": 0.54,
            "reinvestment_rate": 40.69,
            "research_to_sale_ratio": 5.06,
            "price_fair": 38.42,
            "eps_avg_yearly": 1.1,
            "eps_latest_yearly": 0.96,
            "eps_growth_yearly": 109.5
        },
        "20142": {
            "year_quarter": 20142,
            "year": 2014,
            "quarter": 2,
            "eps": 0.34,
            "eps_growth_year": 161.54,
            "eps_4q": 0.97,
            "eps_4q_growth_year": 167.22,
            "roe": 1.71,
            "roe_4q": 4.98,
            "gross_profit": 93480,
            "gross_margin": 20.92,
            "gross_margin_4q_avg": 19.86,
            "net_income": 34079,
            "revenue": 446751,
            "common_shares": 1004082,
            "book_valuer_per_share": 19.76,
            "book_valuer_per_share_4q_avg": 19.45,
            "equity": 1998774,
            "current_ratio": 254.28,
            "debt_ratio": 40.02,
            "inventory_turnover_ratio": 1.14,
            "account_receivable_turnover_ratio": 0.6,
            "reinvestment_rate": 40.64,
            "research_to_sale_ratio": 6.3,
            "price_fair": 39.34,
            "eps_avg_yearly": 1.12,
            "eps_latest_yearly": 1.36,
            "eps_growth_yearly": 115.22
        },
        "20143": {
            "year_quarter": 20143,
            "year": 2014,
            "quarter": 3,
            "eps": 0.31,
            "eps_growth_year": 72.22,
            "eps_4q": 1.1,
            "eps_4q_growth_year": 227.72,
            "roe": 1.53,
            "roe_4q": 5.5600000000000005,
            "gross_profit": 91877,
            "gross_margin": 22.45,
            "gross_margin_4q_avg": 20.75,
            "net_income": 30830,
            "revenue": 409272,
            "common_shares": 1004082,
            "book_valuer_per_share": 20.16,
            "book_valuer_per_share_4q_avg": 19.7,
            "equity": 2029875,
            "current_ratio": 288.41,
            "debt_ratio": 36.91,
            "inventory_turnover_ratio": 0.93,
            "account_receivable_turnover_ratio": 0.51,
            "reinvestment_rate": 19.59,
            "research_to_sale_ratio": 6.77,
            "price_fair": 39.71,
            "eps_avg_yearly": 1.13,
            "eps_latest_yearly": 1.24,
            "eps_growth_yearly": 101.54
        },
        "20144": {
            "year_quarter": 20144,
            "year": 2014,
            "quarter": 4,
            "eps": 0.26,
            "eps_growth_year": 25.38,
            "eps_4q": 1.15,
            "eps_4q_growth_year": 90.84,
            "roe": 1.27,
            "roe_4q": 5.76,
            "gross_profit": 68647,
            "gross_margin": 19.65,
            "gross_margin_4q_avg": 20.99,
            "net_income": 25982,
            "revenue": 349273,
            "common_shares": 1004082,
            "book_valuer_per_share": 20.41,
            "book_valuer_per_share_4q_avg": 19.96,
            "equity": 2056206,
            "current_ratio": 353.33,
            "debt_ratio": 36.81,
            "inventory_turnover_ratio": 0.71,
            "account_receivable_turnover_ratio": 0.48,
            "reinvestment_rate": 19.26,
            "research_to_sale_ratio": 7.43,
            "price_fair": 39.43,
            "eps_avg_yearly": 1.13,
            "eps_latest_yearly": 1.04,
            "eps_growth_yearly": 87.7
        },
        "20151": {
            "year_quarter": 20151,
            "year": 2015,
            "quarter": 1,
            "eps": 0.16,
            "eps_growth_year": -33.33,
            "eps_4q": 1.06,
            "eps_4q_growth_year": 39.15,
            "roe": 0.77,
            "roe_4q": 5.28,
            "gross_profit": 73790,
            "gross_margin": 19.59,
            "gross_margin_4q_avg": 20.65,
            "net_income": 15923,
            "revenue": 376635,
            "common_shares": 1004082,
            "book_valuer_per_share": 20.47,
            "book_valuer_per_share_4q_avg": 20.2,
            "equity": 2072014,
            "current_ratio": 474.53,
            "debt_ratio": 33.78,
            "inventory_turnover_ratio": 0.72,
            "account_receivable_turnover_ratio": 0.52,
            "reinvestment_rate": 2.99,
            "research_to_sale_ratio": 6.01,
            "price_fair": 38.12,
            "eps_avg_yearly": 1.09,
            "eps_latest_yearly": 0.64,
            "eps_growth_yearly": 69.12
        },
        "20152": {
            "year_quarter": 20152,
            "year": 2015,
            "quarter": 2,
            "eps": 0.11,
            "eps_growth_year": -67.65,
            "eps_4q": 0.83,
            "eps_4q_growth_year": -14.34,
            "roe": 0.53,
            "roe_4q": 4.1000000000000005,
            "gross_profit": 97057,
            "gross_margin": 22.54,
            "gross_margin_4q_avg": 21.06,
            "net_income": 10835,
            "revenue": 430663,
            "common_shares": 1004082,
            "book_valuer_per_share": 20.11,
            "book_valuer_per_share_4q_avg": 20.29,
            "equity": 2032504,
            "current_ratio": 212.4,
            "debt_ratio": 34.45,
            "inventory_turnover_ratio": 0.8,
            "account_receivable_turnover_ratio": 0.57,
            "reinvestment_rate": -28.02,
            "research_to_sale_ratio": 6.83,
            "price_fair": 36.5,
            "eps_avg_yearly": 1.04,
            "eps_latest_yearly": 0.44,
            "eps_growth_yearly": 55.25
        },
        "20153": {
            "year_quarter": 20153,
            "year": 2015,
            "quarter": 3,
            "eps": 0.25,
            "eps_growth_year": -19.35,
            "eps_4q": 0.78,
            "eps_4q_growth_year": -28.97,
            "roe": 1.25,
            "roe_4q": 3.82,
            "gross_profit": 54471,
            "gross_margin": 17.28,
            "gross_margin_4q_avg": 19.77,
            "net_income": 25492,
            "revenue": 315197,
            "common_shares": 1004082,
            "book_valuer_per_share": 20.29,
            "book_valuer_per_share_4q_avg": 20.32,
            "equity": 2058444,
            "current_ratio": 225.48,
            "debt_ratio": 32.01,
            "inventory_turnover_ratio": 0.63,
            "account_receivable_turnover_ratio": 0.43,
            "reinvestment_rate": -113.75,
            "research_to_sale_ratio": 9.28,
            "price_fair": 32,
            "eps_avg_yearly": 0.91,
            "eps_latest_yearly": 1,
            "eps_growth_yearly": 94.21
        },
        "20154": {
            "year_quarter": 20154,
            "year": 2015,
            "quarter": 4,
            "eps": -0.3,
            "eps_growth_year": -216.08,
            "eps_4q": 0.22,
            "eps_4q_growth_year": -80.86,
            "roe": -1.48,
            "roe_4q": 1.07,
            "gross_profit": 10461,
            "gross_margin": 3.87,
            "gross_margin_4q_avg": 15.82,
            "net_income": -30159,
            "revenue": 270089,
            "common_shares": 1004082,
            "book_valuer_per_share": 19.91,
            "book_valuer_per_share_4q_avg": 20.2,
            "equity": 2027873,
            "current_ratio": 227.34,
            "debt_ratio": 32.1,
            "inventory_turnover_ratio": 0.69,
            "account_receivable_turnover_ratio": 0.39,
            "reinvestment_rate": -130.61,
            "research_to_sale_ratio": 8.66,
            "price_fair": 33.38,
            "eps_avg_yearly": 0.95,
            "eps_latest_yearly": 1,
            "eps_growth_yearly": 127.83
        },
        "20161": {
            "year_quarter": 20161,
            "year": 2016,
            "quarter": 1,
            "eps": -0.21,
            "eps_growth_year": -231.25,
            "eps_4q": -0.15,
            "eps_4q_growth_year": -113.8,
            "roe": -1.04,
            "roe_4q": -0.74,
            "gross_profit": 33709,
            "gross_margin": 12.27,
            "gross_margin_4q_avg": 13.99,
            "net_income": -20908,
            "revenue": 274758,
            "common_shares": 1004082,
            "book_valuer_per_share": 19.46,
            "book_valuer_per_share_4q_avg": 19.94,
            "equity": 2006798,
            "current_ratio": 217.43,
            "debt_ratio": 33.81,
            "inventory_turnover_ratio": 0.74,
            "account_receivable_turnover_ratio": 0.41,
            "reinvestment_rate": -141.81,
            "research_to_sale_ratio": 8.72,
            "price_fair": 34.07,
            "eps_avg_yearly": 0.97,
            "eps_latest_yearly": 1,
            "eps_growth_yearly": 111.82
        },
        "20162": {
            "year_quarter": 20162,
            "year": 2016,
            "quarter": 2,
            "eps": 0.04,
            "eps_growth_year": -63.64,
            "eps_4q": -0.21,
            "eps_4q_growth_year": -125.22,
            "roe": 0.22,
            "roe_4q": -1.0499999999999998,
            "gross_profit": 80706,
            "gross_margin": 22.84,
            "gross_margin_4q_avg": 14.07,
            "net_income": 4497,
            "revenue": 353287,
            "common_shares": 1004082,
            "book_valuer_per_share": 19.57,
            "book_valuer_per_share_4q_avg": 19.81,
            "equity": 2010991,
            "current_ratio": 209.73,
            "debt_ratio": 34.53,
            "inventory_turnover_ratio": 0.96,
            "account_receivable_turnover_ratio": 0.48,
            "reinvestment_rate": -152.38,
            "research_to_sale_ratio": 5.84,
            "price_fair": 30.55,
            "eps_avg_yearly": 0.87,
            "eps_latest_yearly": 1,
            "eps_growth_yearly": 53.3
        },
        "20163": {
            "year_quarter": 20163,
            "year": 2016,
            "quarter": 3,
            "eps": -0.21,
            "eps_growth_year": -184,
            "eps_4q": -0.67,
            "eps_4q_growth_year": -186.5,
            "roe": -1.05,
            "roe_4q": -3.35,
            "gross_profit": 77294,
            "gross_margin": 24.19,
            "gross_margin_4q_avg": 15.79,
            "net_income": -21097,
            "revenue": 319528,
            "common_shares": 1004082,
            "book_valuer_per_share": 19.81,
            "book_valuer_per_share_4q_avg": 19.69,
            "equity": 1989529,
            "current_ratio": 211.36,
            "debt_ratio": 33.27,
            "inventory_turnover_ratio": 0.94,
            "account_receivable_turnover_ratio": 0.42,
            "reinvestment_rate": -154.02,
            "research_to_sale_ratio": 8.63,
            "price_fair": 30.66,
            "eps_avg_yearly": 0.88,
            "eps_latest_yearly": 1,
            "eps_growth_yearly": 82.48
        },
        "20164": {
            "year_quarter": 20164,
            "year": 2016,
            "quarter": 4,
            "eps": 0.44,
            "eps_growth_year": null,
            "eps_4q": 0.07,
            "eps_4q_growth_year": -67.73,
            "roe": 2.23,
            "roe_4q": 0.3599999999999999,
            "gross_profit": 67524,
            "gross_margin": 22.13,
            "gross_margin_4q_avg": 20.36,
            "net_income": 44637,
            "revenue": 305140,
            "common_shares": 1004082,
            "book_valuer_per_share": 19.97,
            "book_valuer_per_share_4q_avg": 19.7,
            "equity": 2004953,
            "current_ratio": 220.58,
            "debt_ratio": 30.45,
            "inventory_turnover_ratio": 0.89,
            "account_receivable_turnover_ratio": 0.41,
            "reinvestment_rate": -97.85,
            "research_to_sale_ratio": 8.93,
            "price_fair": 30.66,
            "eps_avg_yearly": 0.88,
            "eps_latest_yearly": 1,
            "eps_growth_yearly": 82.48
        },
        "20171": {
            "year_quarter": 20171,
            "year": 2017,
            "quarter": 1,
            "eps": 0.02,
            "eps_growth_year": null,
            "eps_4q": 0.3,
            "eps_4q_growth_year": null,
            "roe": 0.11,
            "roe_4q": 1.5099999999999998,
            "gross_profit": 82107,
            "gross_margin": 26.18,
            "gross_margin_4q_avg": 23.84,
            "net_income": 2244,
            "revenue": 313603,
            "common_shares": 1004082,
            "book_valuer_per_share": 19.98,
            "book_valuer_per_share_4q_avg": 19.83,
            "equity": 2006644,
            "current_ratio": 213.97,
            "debt_ratio": 30.16,
            "inventory_turnover_ratio": 0.85,
            "account_receivable_turnover_ratio": 0.41,
            "reinvestment_rate": -60.34,
            "research_to_sale_ratio": 6.32,
            "price_fair": 28.13,
            "eps_avg_yearly": 0.8,
            "eps_latest_yearly": 0.08,
            "eps_growth_yearly": 40.27
        },
        "20172": {
            "year_quarter": 20172,
            "year": 2017,
            "quarter": 2,
            "eps": 0.25,
            "eps_growth_year": 525,
            "eps_4q": 0.51,
            "eps_4q_growth_year": null,
            "roe": 1.24,
            "roe_4q": 2.5300000000000002,
            "gross_profit": 99264,
            "gross_margin": 28.61,
            "gross_margin_4q_avg": 25.28,
            "net_income": 24976,
            "revenue": 346963,
            "common_shares": 1004082,
            "book_valuer_per_share": 20.24,
            "book_valuer_per_share_4q_avg": 20,
            "equity": 2031838,
            "current_ratio": 240.95,
            "debt_ratio": 28.86,
            "inventory_turnover_ratio": 0.93,
            "account_receivable_turnover_ratio": 0.46,
            "reinvestment_rate": -51.97,
            "research_to_sale_ratio": 7.05,
            "price_fair": 29.65,
            "eps_avg_yearly": 0.85,
            "eps_latest_yearly": 1,
            "eps_growth_yearly": 435.72
        },
        "20173": {
            "year_quarter": 20173,
            "year": 2017,
            "quarter": 3,
            "eps": 0.25,
            "eps_growth_year": null,
            "eps_4q": 0.97,
            "eps_4q_growth_year": null,
            "roe": 1.24,
            "roe_4q": 4.82,
            "gross_profit": 83378,
            "gross_margin": 26.95,
            "gross_margin_4q_avg": 25.97,
            "net_income": 25377,
            "revenue": 309348,
            "common_shares": 1004082,
            "book_valuer_per_share": 20.49,
            "book_valuer_per_share_4q_avg": 20.17,
            "equity": 2057395,
            "current_ratio": 465.83,
            "debt_ratio": 30.69,
            "inventory_turnover_ratio": 0.79,
            "account_receivable_turnover_ratio": 0.42,
            "reinvestment_rate": 22.9,
            "research_to_sale_ratio": 7.55,
            "price_fair": 30.55,
            "eps_avg_yearly": 0.87,
            "eps_latest_yearly": 1,
            "eps_growth_yearly": 421.74
        },
        "20174": {
            "year_quarter": 20174,
            "year": 2017,
            "quarter": 4,
            "eps": 0.1,
            "eps_growth_year": -77.33,
            "eps_4q": 0.62,
            "eps_4q_growth_year": 779.75,
            "roe": 0.49,
            "roe_4q": 3.0799999999999996,
            "gross_profit": 63186,
            "gross_margin": 23.86,
            "gross_margin_4q_avg": 26.4,
            "net_income": 10120,
            "revenue": 264834,
            "common_shares": 1004082,
            "book_valuer_per_share": 20.59,
            "book_valuer_per_share_4q_avg": 20.33,
            "equity": 2067561,
            "current_ratio": 416.21,
            "debt_ratio": 31.22,
            "inventory_turnover_ratio": 0.62,
            "account_receivable_turnover_ratio": 0.39,
            "reinvestment_rate": 61.6,
            "research_to_sale_ratio": 7.04,
            "price_fair": 29.15,
            "eps_avg_yearly": 0.83,
            "eps_latest_yearly": 0.4,
            "eps_growth_yearly": 393.86
        },
        "20181": {
            "year_quarter": 20181,
            "year": 2018,
            "quarter": 1,
            "eps": 0.05,
            "eps_growth_year": 150,
            "eps_4q": 0.65,
            "eps_4q_growth_year": 115,
            "roe": 0.22,
            "roe_4q": 3.19,
            "gross_profit": 51433,
            "gross_margin": 19.06,
            "gross_margin_4q_avg": 24.62,
            "net_income": 4631,
            "revenue": 269886,
            "common_shares": 1004082,
            "book_valuer_per_share": 20.64,
            "book_valuer_per_share_4q_avg": 20.49,
            "equity": 2072446,
            "current_ratio": 377.4,
            "debt_ratio": 32.03,
            "inventory_turnover_ratio": 0.63,
            "account_receivable_turnover_ratio": 0.42,
            "reinvestment_rate": 116.75,
            "research_to_sale_ratio": 8.6,
            "price_fair": 26.73,
            "eps_avg_yearly": 0.76,
            "eps_latest_yearly": 0.2,
            "eps_growth_yearly": 370.48
        },
        "20182": {
            "year_quarter": 20182,
            "year": 2018,
            "quarter": 2,
            "eps": 0.13,
            "eps_growth_year": -48,
            "eps_4q": 0.53,
            "eps_4q_growth_year": 4.22,
            "roe": 0.62,
            "roe_4q": 2.5700000000000003,
            "gross_profit": 66159,
            "gross_margin": 21.13,
            "gross_margin_4q_avg": 22.75,
            "net_income": 12776,
            "revenue": 313142,
            "common_shares": 1004082,
            "book_valuer_per_share": 20.27,
            "book_valuer_per_share_4q_avg": 20.5,
            "equity": 2034835,
            "current_ratio": 369.78,
            "debt_ratio": 32.04,
            "inventory_turnover_ratio": 0.69,
            "account_receivable_turnover_ratio": 0.48,
            "reinvestment_rate": 102.8,
            "research_to_sale_ratio": 7.36,
            "price_fair": 24.05,
            "eps_avg_yearly": 0.69,
            "eps_latest_yearly": 0.52,
            "eps_growth_yearly": 413.51
        },
        "20183": {
            "year_quarter": 20183,
            "year": 2018,
            "quarter": 3,
            "eps": -0.04,
            "eps_growth_year": -116,
            "eps_4q": 0.23,
            "eps_4q_growth_year": -76.02,
            "roe": -0.21,
            "roe_4q": 1.12,
            "gross_profit": 58399,
            "gross_margin": 18.91,
            "gross_margin_4q_avg": 20.74,
            "net_income": -4208,
            "revenue": 308809,
            "common_shares": 1004082,
            "book_valuer_per_share": 20.22,
            "book_valuer_per_share_4q_avg": 20.43,
            "equity": 2030120,
            "current_ratio": 325.51,
            "debt_ratio": 33.33,
            "inventory_turnover_ratio": 0.65,
            "account_receivable_turnover_ratio": 0.46,
            "reinvestment_rate": 157.5,
            "research_to_sale_ratio": 7.77,
            "price_fair": 22.12,
            "eps_avg_yearly": 0.63,
            "eps_latest_yearly": 0.52,
            "eps_growth_yearly": 458.39
        },
        "20184": {
            "year_quarter": 20184,
            "year": 2018,
            "quarter": 4,
            "eps": -0.9,
            "eps_growth_year": -991.45,
            "eps_4q": -0.77,
            "eps_4q_growth_year": -222.8,
            "roe": -4.54,
            "roe_4q": -3.9099999999999997,
            "gross_profit": -24261,
            "gross_margin": -8.52,
            "gross_margin_4q_avg": 12.65,
            "net_income": -90215,
            "revenue": 284699,
            "common_shares": 1004082,
            "book_valuer_per_share": 19.32,
            "book_valuer_per_share_4q_avg": 20.11,
            "equity": 1940039,
            "current_ratio": 314.06,
            "debt_ratio": 33.68,
            "inventory_turnover_ratio": 0.86,
            "account_receivable_turnover_ratio": 0.44,
            "reinvestment_rate": 1525.41,
            "research_to_sale_ratio": 9.93,
            "price_fair": 20.53,
            "eps_avg_yearly": 0.59,
            "eps_latest_yearly": 0.52,
            "eps_growth_yearly": 516.49
        },
        "20191": {
            "year_quarter": 20191,
            "year": 2019,
            "quarter": 1,
            "eps": -0.35,
            "eps_growth_year": -800,
            "eps_4q": -1.16,
            "eps_4q_growth_year": -278.87,
            "roe": -1.81,
            "roe_4q": -5.9399999999999995,
            "gross_profit": 12142,
            "gross_margin": 4.09,
            "gross_margin_4q_avg": 8.9,
            "net_income": -34803,
            "revenue": 297039,
            "common_shares": 1004082,
            "book_valuer_per_share": 18.98,
            "book_valuer_per_share_4q_avg": 19.7,
            "equity": 1905594,
            "current_ratio": 348.85,
            "debt_ratio": 32.14,
            "inventory_turnover_ratio": 0.94,
            "account_receivable_turnover_ratio": 0.49,
            "reinvestment_rate": null,
            "research_to_sale_ratio": 6.65,
            "price_fair": 20.3,
            "eps_avg_yearly": 0.58,
            "eps_latest_yearly": 0.52,
            "eps_growth_yearly": 600.28
        },
        "20192": {
            "year_quarter": 20192,
            "year": 2019,
            "quarter": 2,
            "eps": -0.16,
            "eps_growth_year": -223.08,
            "eps_4q": -1.45,
            "eps_4q_growth_year": -374.87,
            "roe": -0.85,
            "roe_4q": -7.41,
            "gross_profit": 32965,
            "gross_margin": 10.99,
            "gross_margin_4q_avg": 6.37,
            "net_income": -16193,
            "revenue": 299963,
            "common_shares": 1004082,
            "book_valuer_per_share": 18.82,
            "book_valuer_per_share_4q_avg": 19.34,
            "equity": 1889196,
            "current_ratio": 347.58,
            "debt_ratio": 32.25,
            "inventory_turnover_ratio": 0.95,
            "account_receivable_turnover_ratio": 0.49,
            "reinvestment_rate": null,
            "research_to_sale_ratio": 4.3,
            "price_fair": 21,
            "eps_avg_yearly": 0.6,
            "eps_latest_yearly": 0.52,
            "eps_growth_yearly": 703.9
        },
        "20193": {
            "year_quarter": 20193,
            "year": 2019,
            "quarter": 3,
            "eps": -0.22,
            "eps_growth_year": null,
            "eps_4q": -1.63,
            "eps_4q_growth_year": -801.66,
            "roe": -1.19,
            "roe_4q": -8.39,
            "gross_profit": 30457,
            "gross_margin": 10.7,
            "gross_margin_4q_avg": 4.32,
            "net_income": -22409,
            "revenue": 284630,
            "common_shares": 1004082,
            "book_valuer_per_share": 18.59,
            "book_valuer_per_share_4q_avg": 18.93,
            "equity": 1866172,
            "current_ratio": 358.53,
            "debt_ratio": 31.47,
            "inventory_turnover_ratio": 0.85,
            "account_receivable_turnover_ratio": 0.46,
            "reinvestment_rate": null,
            "research_to_sale_ratio": 6.65,
            "price_fair": 18.67,
            "eps_avg_yearly": 0.53,
            "eps_latest_yearly": 0.52,
            "eps_growth_yearly": 736.36
        },
        "20194": {
            "year_quarter": 20194,
            "year": 2019,
            "quarter": 4,
            "eps": -0.53,
            "eps_growth_year": null,
            "eps_4q": -1.26,
            "eps_4q_growth_year": null,
            "roe": -2.91,
            "roe_4q": -6.76,
            "gross_profit": 43855,
            "gross_margin": 14.16,
            "gross_margin_4q_avg": 9.99,
            "net_income": -53474,
            "revenue": 309808,
            "common_shares": 1004082,
            "book_valuer_per_share": 18.05,
            "book_valuer_per_share_4q_avg": 18.61,
            "equity": 1812528,
            "current_ratio": 328.22,
            "debt_ratio": 32.37,
            "inventory_turnover_ratio": 0.83,
            "account_receivable_turnover_ratio": 0.54,
            "reinvestment_rate": null,
            "research_to_sale_ratio": 9.81,
            "price_fair": 18.67,
            "eps_avg_yearly": 0.53,
            "eps_latest_yearly": 0.52,
            "eps_growth_yearly": 736.36
        },
        "20201": {
            "year_quarter": 20201,
            "year": 2020,
            "quarter": 1,
            "eps": -0.23,
            "eps_growth_year": null,
            "eps_4q": -1.15,
            "eps_4q_growth_year": null,
            "roe": -1.29,
            "roe_4q": -6.24,
            "gross_profit": 29835,
            "gross_margin": 11.88,
            "gross_margin_4q_avg": 11.93,
            "net_income": -23159,
            "revenue": 251146,
            "common_shares": 1004082,
            "book_valuer_per_share": 17.82,
            "book_valuer_per_share_4q_avg": 18.32,
            "equity": 1789172,
            "current_ratio": 382.97,
            "debt_ratio": 30.12,
            "inventory_turnover_ratio": 0.66,
            "account_receivable_turnover_ratio": 0.47,
            "reinvestment_rate": null,
            "research_to_sale_ratio": 10.27,
            "price_fair": 18.67,
            "eps_avg_yearly": 0.53,
            "eps_latest_yearly": 0.52,
            "eps_growth_yearly": 736.36
        },
        "20202": {
            "year_quarter": 20202,
            "year": 2020,
            "quarter": 2,
            "eps": 0.05,
            "eps_growth_year": null,
            "eps_4q": -0.93,
            "eps_4q_growth_year": null,
            "roe": 0.3,
            "roe_4q": -5.09,
            "gross_profit": 52338,
            "gross_margin": 16.99,
            "gross_margin_4q_avg": 13.43,
            "net_income": 5452,
            "revenue": 308046,
            "common_shares": 1004082,
            "book_valuer_per_share": 17.87,
            "book_valuer_per_share_4q_avg": 18.08,
            "equity": 1794366,
            "current_ratio": 428.8,
            "debt_ratio": 28.72,
            "inventory_turnover_ratio": 0.73,
            "account_receivable_turnover_ratio": 0.57,
            "reinvestment_rate": null,
            "research_to_sale_ratio": 5.6,
            "price_fair": 18.67,
            "eps_avg_yearly": 0.53,
            "eps_latest_yearly": 0.52,
            "eps_growth_yearly": 736.36
        },
        "20203": {
            "year_quarter": 20203,
            "year": 2020,
            "quarter": 3,
            "eps": 0.04,
            "eps_growth_year": null,
            "eps_4q": -0.67,
            "eps_4q_growth_year": null,
            "roe": 0.22,
            "roe_4q": -3.68,
            "gross_profit": 41052,
            "gross_margin": 11.49,
            "gross_margin_4q_avg": 13.63,
            "net_income": 3913,
            "revenue": 357306,
            "common_shares": 1004082,
            "book_valuer_per_share": 17.91,
            "book_valuer_per_share_4q_avg": 17.91,
            "equity": 1798615,
            "current_ratio": 400.04,
            "debt_ratio": 29.08,
            "inventory_turnover_ratio": 0.9,
            "account_receivable_turnover_ratio": 0.62,
            "reinvestment_rate": null,
            "research_to_sale_ratio": 1.11,
            "price_fair": 16.8,
            "eps_avg_yearly": 0.48,
            "eps_latest_yearly": 0.16,
            "eps_growth_yearly": 619.74
        },
        "20204": {
            "year_quarter": 20204,
            "year": 2020,
            "quarter": 4,
            "eps": 0.3,
            "eps_growth_year": null,
            "eps_4q": 0.16,
            "eps_4q_growth_year": null,
            "roe": 1.65,
            "roe_4q": 0.8799999999999999,
            "gross_profit": 69957,
            "gross_margin": 18.11,
            "gross_margin_4q_avg": 14.62,
            "net_income": 29958,
            "revenue": 386313,
            "common_shares": 1004082,
            "book_valuer_per_share": 18.22,
            "book_valuer_per_share_4q_avg": 17.96,
            "equity": 1829068,
            "current_ratio": 353.74,
            "debt_ratio": 30.18,
            "inventory_turnover_ratio": 0.89,
            "account_receivable_turnover_ratio": 0.63,
            "reinvestment_rate": null,
            "research_to_sale_ratio": 0.79,
            "price_fair": 19.95,
            "eps_avg_yearly": 0.57,
            "eps_latest_yearly": 1.2,
            "eps_growth_yearly": 867.27
        },
        "20211": {
            "year_quarter": 20211,
            "year": 2021,
            "quarter": 1,
            "eps": 0.38,
            "eps_growth_year": null,
            "eps_4q": 0.77,
            "eps_4q_growth_year": null,
            "roe": 2.07,
            "roe_4q": 4.24,
            "gross_profit": 86994,
            "gross_margin": 19.86,
            "gross_margin_4q_avg": 16.61,
            "net_income": 38322,
            "revenue": 438003,
            "common_shares": 1004082,
            "book_valuer_per_share": 18.6,
            "book_valuer_per_share_4q_avg": 18.15,
            "equity": 1867219,
            "current_ratio": 269.96,
            "debt_ratio": 34.89,
            "inventory_turnover_ratio": 0.9,
            "account_receivable_turnover_ratio": 0.63,
            "reinvestment_rate": null,
            "research_to_sale_ratio": 2.83,
            "price_fair": 26.25,
            "eps_avg_yearly": 0.75,
            "eps_latest_yearly": 1.52,
            "eps_growth_yearly": 928.33
        },
        "20212": {
            "year_quarter": 20212,
            "year": 2021,
            "quarter": 2,
            "eps": 0.39,
            "eps_growth_year": 680,
            "eps_4q": 1.11,
            "eps_4q_growth_year": null,
            "roe": 2.06,
            "roe_4q": 5.999999999999999,
            "gross_profit": 101447,
            "gross_margin": 22.09,
            "gross_margin_4q_avg": 17.89,
            "net_income": 38834,
            "revenue": 459252,
            "common_shares": 1004082,
            "book_valuer_per_share": 18.98,
            "book_valuer_per_share_4q_avg": 18.43,
            "equity": 1905868,
            "current_ratio": 278.99,
            "debt_ratio": 39.68,
            "inventory_turnover_ratio": 0.83,
            "account_receivable_turnover_ratio": 0.6,
            "reinvestment_rate": null,
            "research_to_sale_ratio": 2.19,
            "price_fair": 28.7,
            "eps_avg_yearly": 0.82,
            "eps_latest_yearly": 1.56,
            "eps_growth_yearly": 354.65
        },
        "20213": {
            "year_quarter": 20213,
            "year": 2021,
            "quarter": 3,
            "eps": 0.37,
            "eps_growth_year": 825,
            "eps_4q": 1.43,
            "eps_4q_growth_year": null,
            "roe": 1.92,
            "roe_4q": 7.699999999999999,
            "gross_profit": 102577,
            "gross_margin": 21.48,
            "gross_margin_4q_avg": 20.39,
            "net_income": 36903,
            "revenue": 477589,
            "common_shares": 1004082,
            "book_valuer_per_share": 19.35,
            "book_valuer_per_share_4q_avg": 18.79,
            "equity": 1942749,
            "current_ratio": 297.54,
            "debt_ratio": 38.13,
            "inventory_turnover_ratio": 0.85,
            "account_receivable_turnover_ratio": 0.6,
            "reinvestment_rate": null,
            "research_to_sale_ratio": 4.32,
            "price_fair": 30.8,
            "eps_avg_yearly": 0.88,
            "eps_latest_yearly": 1.48,
            "eps_growth_yearly": 352.09
        },
        "20214": {
            "year_quarter": 20214,
            "year": 2021,
            "quarter": 4,
            "eps": 0.3,
            "eps_growth_year": 0.25,
            "eps_4q": 1.44,
            "eps_4q_growth_year": 791.43,
            "roe": 1.53,
            "roe_4q": 7.58,
            "gross_profit": 98179,
            "gross_margin": 25.32,
            "gross_margin_4q_avg": 22.19,
            "net_income": 30032,
            "revenue": 387770,
            "common_shares": 1004082,
            "book_valuer_per_share": 19.65,
            "book_valuer_per_share_4q_avg": 19.15,
            "equity": 1973002,
            "current_ratio": 354.98,
            "debt_ratio": 37.35,
            "inventory_turnover_ratio": 0.67,
            "account_receivable_turnover_ratio": 0.49,
            "reinvestment_rate": null,
            "research_to_sale_ratio": 7.66,
            "price_fair": 34.3,
            "eps_avg_yearly": 0.98,
            "eps_latest_yearly": 1.2,
            "eps_growth_yearly": 372.63
        },
        "20221": {
            "year_quarter": 20221,
            "year": 2022,
            "quarter": 1,
            "eps": 0.19,
            "eps_growth_year": -50,
            "eps_4q": 1.24,
            "eps_4q_growth_year": 60.66,
            "roe": 0.96,
            "roe_4q": 6.470000000000001,
            "gross_profit": 73155,
            "gross_margin": 22.15,
            "gross_margin_4q_avg": 22.76,
            "net_income": 18976,
            "revenue": 330268,
            "common_shares": 1004082,
            "book_valuer_per_share": 19.85,
            "book_valuer_per_share_4q_avg": 19.46,
            "equity": 1992730,
            "current_ratio": 325.18,
            "debt_ratio": 37.65,
            "inventory_turnover_ratio": 0.58,
            "account_receivable_turnover_ratio": 0.46,
            "reinvestment_rate": null,
            "research_to_sale_ratio": 4.76,
            "price_fair": 36.75,
            "eps_avg_yearly": 1.05,
            "eps_latest_yearly": 0.76,
            "eps_growth_yearly": 379.29
        },
        "20222": {
            "year_quarter": 20222,
            "year": 2022,
            "quarter": 2,
            "eps": -0.07,
            "eps_growth_year": -117.95,
            "eps_4q": 0.78,
            "eps_4q_growth_year": -29.31,
            "roe": -0.38,
            "roe_4q": 4.029999999999999,
            "gross_profit": 45366,
            "gross_margin": 15.12,
            "gross_margin_4q_avg": 21.02,
            "net_income": -7431,
            "revenue": 300118,
            "common_shares": 1004082,
            "book_valuer_per_share": 19.37,
            "book_valuer_per_share_4q_avg": 19.56,
            "equity": 1944854,
            "current_ratio": 297.68,
            "debt_ratio": 38.28,
            "inventory_turnover_ratio": 0.53,
            "account_receivable_turnover_ratio": 0.46,
            "reinvestment_rate": null,
            "research_to_sale_ratio": 6.19,
            "price_fair": 39.4,
            "eps_avg_yearly": 1.13,
            "eps_latest_yearly": 0.76,
            "eps_growth_yearly": 342.05
        },
        "20223": {
            "year_quarter": 20223,
            "year": 2022,
            "quarter": 3,
            "eps": -0.16,
            "eps_growth_year": -143.24,
            "eps_4q": 0.25,
            "eps_4q_growth_year": -82.28,
            "roe": -0.83,
            "roe_4q": 1.28,
            "gross_profit": 16932,
            "gross_margin": 6.14,
            "gross_margin_4q_avg": 17.18,
            "net_income": -16062,
            "revenue": 275547,
            "common_shares": 1004082,
            "book_valuer_per_share": 19.21,
            "book_valuer_per_share_4q_avg": 19.52,
            "equity": 1928923,
            "current_ratio": 320.88,
            "debt_ratio": 36.53,
            "inventory_turnover_ratio": 0.53,
            "account_receivable_turnover_ratio": 0.46,
            "reinvestment_rate": null,
            "research_to_sale_ratio": 7.26,
            "price_fair": 39.4,
            "eps_avg_yearly": 1.13,
            "eps_latest_yearly": 0.76,
            "eps_growth_yearly": 342.05
        },
        "20224": {
            "year_quarter": 20224,
            "year": 2022,
            "quarter": 4,
            "eps": -0.68,
            "eps_growth_year": -325.71,
            "eps_4q": -0.72,
            "eps_4q_growth_year": -150.18,
            "roe": -3.58,
            "roe_4q": -3.83,
            "gross_profit": -27057,
            "gross_margin": -9.37,
            "gross_margin_4q_avg": 8.51,
            "net_income": -67785,
            "revenue": 288780,
            "common_shares": 1004082,
            "book_valuer_per_share": 18.53,
            "book_valuer_per_share_4q_avg": 19.24,
            "equity": 1860884,
            "current_ratio": 312.78,
            "debt_ratio": 38.08,
            "inventory_turnover_ratio": 0.7,
            "account_receivable_turnover_ratio": 0.53,
            "reinvestment_rate": null,
            "research_to_sale_ratio": 4.3,
            "price_fair": 39.4,
            "eps_avg_yearly": 1.13,
            "eps_latest_yearly": 0.76,
            "eps_growth_yearly": 342.05
        },
        "20231": {
            "year_quarter": 20231,
            "year": 2023,
            "quarter": 1,
            "eps": -0.25,
            "eps_growth_year": -231.58,
            "eps_4q": -1.16,
            "eps_4q_growth_year": -193.53,
            "roe": -1.37,
            "roe_4q": -6.16,
            "gross_profit": 14456,
            "gross_margin": 4.82,
            "gross_margin_4q_avg": 4.18,
            "net_income": -25402,
            "revenue": 299934,
            "common_shares": 1004082,
            "book_valuer_per_share": 18.28,
            "book_valuer_per_share_4q_avg": 18.85,
            "equity": 1835573,
            "current_ratio": 309.96,
            "debt_ratio": 37.59,
            "inventory_turnover_ratio": 0.69,
            "account_receivable_turnover_ratio": 0.57,
            "reinvestment_rate": null,
            "research_to_sale_ratio": 3.53,
            "price_fair": 39.4,
            "eps_avg_yearly": 1.13,
            "eps_latest_yearly": 0.76,
            "eps_growth_yearly": 342.05
        }
    },
    "months": {
        "2010-10": {
            "month": "2010-10",
            "price": "33.27",
            "revenue": 91198
        },
        "2010-11": {
            "month": "2010-11",
            "price": "32.01",
            "revenue": 83913
        },
        "2010-12": {
            "month": "2010-12",
            "price": "37.83",
            "revenue": 90779
        },
        "2011-01": {
            "month": "2011-01",
            "price": "37.82",
            "revenue": 84032
        },
        "2011-02": {
            "month": "2011-02",
            "price": "38.34",
            "revenue": 85162
        },
        "2011-03": {
            "month": "2011-03",
            "price": "39.48",
            "revenue": 106996
        },
        "2011-04": {
            "month": "2011-04",
            "price": "40.09",
            "revenue": 111110
        },
        "2011-05": {
            "month": "2011-05",
            "price": "45.07",
            "revenue": 113340
        },
        "2011-06": {
            "month": "2011-06",
            "price": "49.84",
            "revenue": 117135
        },
        "2011-07": {
            "month": "2011-07",
            "price": "47.90",
            "revenue": 120023
        },
        "2011-08": {
            "month": "2011-08",
            "price": "43.15",
            "revenue": 121085
        },
        "2011-09": {
            "month": "2011-09",
            "price": "37.52",
            "revenue": 112791
        },
        "2011-10": {
            "month": "2011-10",
            "price": "33.62",
            "revenue": 94603
        },
        "2011-11": {
            "month": "2011-11",
            "price": "34.19",
            "revenue": 78980
        },
        "2011-12": {
            "month": "2011-12",
            "price": "26.60",
            "revenue": 78112
        },
        "2012-01": {
            "month": "2012-01",
            "price": "27.70",
            "revenue": 63019
        },
        "2012-02": {
            "month": "2012-02",
            "price": "37.21",
            "revenue": 97789
        },
        "2012-03": {
            "month": "2012-03",
            "price": "39.58",
            "revenue": 134965
        },
        "2012-04": {
            "month": "2012-04",
            "price": "35.94",
            "revenue": 144247
        },
        "2012-05": {
            "month": "2012-05",
            "price": "35.34",
            "revenue": 148661
        },
        "2012-06": {
            "month": "2012-06",
            "price": "32.72",
            "revenue": 129999
        },
        "2012-07": {
            "month": "2012-07",
            "price": "29.16",
            "revenue": 115310
        },
        "2012-08": {
            "month": "2012-08",
            "price": "26.78",
            "revenue": 103526
        },
        "2012-09": {
            "month": "2012-09",
            "price": "27.59",
            "revenue": 102748
        },
        "2012-10": {
            "month": "2012-10",
            "price": "23.03",
            "revenue": 104494
        },
        "2012-11": {
            "month": "2012-11",
            "price": "20.30",
            "revenue": 108841
        },
        "2012-12": {
            "month": "2012-12",
            "price": "22.89",
            "revenue": 92953
        },
        "2013-01": {
            "month": "2013-01",
            "price": "24.46",
            "revenue": 104643
        },
        "2013-02": {
            "month": "2013-02",
            "price": "24.08",
            "revenue": 80032
        },
        "2013-03": {
            "month": "2013-03",
            "price": "25.71",
            "revenue": 114384
        },
        "2013-04": {
            "month": "2013-04",
            "price": "23.21",
            "revenue": 122094
        },
        "2013-05": {
            "month": "2013-05",
            "price": "23.30",
            "revenue": 124583
        },
        "2013-06": {
            "month": "2013-06",
            "price": "24.06",
            "revenue": 109173
        },
        "2013-07": {
            "month": "2013-07",
            "price": "22.73",
            "revenue": 106063
        },
        "2013-08": {
            "month": "2013-08",
            "price": "22.35",
            "revenue": 111248
        },
        "2013-09": {
            "month": "2013-09",
            "price": "21.92",
            "revenue": 105652
        },
        "2013-10": {
            "month": "2013-10",
            "price": "20.89",
            "revenue": 117401
        },
        "2013-11": {
            "month": "2013-11",
            "price": "20.34",
            "revenue": 117736
        },
        "2013-12": {
            "month": "2013-12",
            "price": "22.05",
            "revenue": 109649
        },
        "2014-01": {
            "month": "2014-01",
            "price": "24.58",
            "revenue": 107651
        },
        "2014-02": {
            "month": "2014-02",
            "price": "23.91",
            "revenue": 115721
        },
        "2014-03": {
            "month": "2014-03",
            "price": "27.32",
            "revenue": 132292
        },
        "2014-04": {
            "month": "2014-04",
            "price": "26.12",
            "revenue": 142116
        },
        "2014-05": {
            "month": "2014-05",
            "price": "24.52",
            "revenue": 155125
        },
        "2014-06": {
            "month": "2014-06",
            "price": "26.94",
            "revenue": 149511
        },
        "2014-07": {
            "month": "2014-07",
            "price": "26.88",
            "revenue": 143868
        },
        "2014-08": {
            "month": "2014-08",
            "price": "24.58",
            "revenue": 134381
        },
        "2014-09": {
            "month": "2014-09",
            "price": "23.91",
            "revenue": 131022
        },
        "2014-10": {
            "month": "2014-10",
            "price": "20.72",
            "revenue": 119644
        },
        "2014-11": {
            "month": "2014-11",
            "price": "19.98",
            "revenue": 114886
        },
        "2014-12": {
            "month": "2014-12",
            "price": "20.64",
            "revenue": 114743
        },
        "2015-01": {
            "month": "2015-01",
            "price": "20.71",
            "revenue": 133627
        },
        "2015-02": {
            "month": "2015-02",
            "price": "20.84",
            "revenue": 100028
        },
        "2015-03": {
            "month": "2015-03",
            "price": "21.65",
            "revenue": 142980
        },
        "2015-04": {
            "month": "2015-04",
            "price": "20.52",
            "revenue": 154422
        },
        "2015-05": {
            "month": "2015-05",
            "price": "19.12",
            "revenue": 145085
        },
        "2015-06": {
            "month": "2015-06",
            "price": "15.39",
            "revenue": 131156
        },
        "2015-07": {
            "month": "2015-07",
            "price": "13.53",
            "revenue": 124333
        },
        "2015-08": {
            "month": "2015-08",
            "price": "11.76",
            "revenue": 98595
        },
        "2015-09": {
            "month": "2015-09",
            "price": "11.70",
            "revenue": 92269
        },
        "2015-10": {
            "month": "2015-10",
            "price": "12.49",
            "revenue": 97481
        },
        "2015-11": {
            "month": "2015-11",
            "price": "11.94",
            "revenue": 84384
        },
        "2015-12": {
            "month": "2015-12",
            "price": "11.71",
            "revenue": 88224
        },
        "2016-01": {
            "month": "2016-01",
            "price": "11.83",
            "revenue": 96681
        },
        "2016-02": {
            "month": "2016-02",
            "price": "12.40",
            "revenue": 66150
        },
        "2016-03": {
            "month": "2016-03",
            "price": "12.08",
            "revenue": 111927
        },
        "2016-04": {
            "month": "2016-04",
            "price": "10.98",
            "revenue": 116043
        },
        "2016-05": {
            "month": "2016-05",
            "price": "9.59",
            "revenue": 118307
        },
        "2016-06": {
            "month": "2016-06",
            "price": "9.76",
            "revenue": 118937
        },
        "2016-07": {
            "month": "2016-07",
            "price": "10.77",
            "revenue": 101360
        },
        "2016-08": {
            "month": "2016-08",
            "price": "15.95",
            "revenue": 114055
        },
        "2016-09": {
            "month": "2016-09",
            "price": "22.55",
            "revenue": 104113
        },
        "2016-10": {
            "month": "2016-10",
            "price": "22.19",
            "revenue": 96741
        },
        "2016-11": {
            "month": "2016-11",
            "price": "23.55",
            "revenue": 106541
        },
        "2016-12": {
            "month": "2016-12",
            "price": "22.04",
            "revenue": 101858
        },
        "2017-01": {
            "month": "2017-01",
            "price": "20.69",
            "revenue": 82840
        },
        "2017-02": {
            "month": "2017-02",
            "price": "21.51",
            "revenue": 97597
        },
        "2017-03": {
            "month": "2017-03",
            "price": "22.85",
            "revenue": 133166
        },
        "2017-04": {
            "month": "2017-04",
            "price": "22.87",
            "revenue": 124899
        },
        "2017-05": {
            "month": "2017-05",
            "price": "21.25",
            "revenue": 112416
        },
        "2017-06": {
            "month": "2017-06",
            "price": "21.27",
            "revenue": 109648
        },
        "2017-07": {
            "month": "2017-07",
            "price": "20.58",
            "revenue": 105135
        },
        "2017-08": {
            "month": "2017-08",
            "price": "20.61",
            "revenue": 110445
        },
        "2017-09": {
            "month": "2017-09",
            "price": "21.37",
            "revenue": 93768
        },
        "2017-10": {
            "month": "2017-10",
            "price": "21.59",
            "revenue": 93003
        },
        "2017-11": {
            "month": "2017-11",
            "price": "23.56",
            "revenue": 98295
        },
        "2017-12": {
            "month": "2017-12",
            "price": "22.60",
            "revenue": 73536
        },
        "2018-01": {
            "month": "2018-01",
            "price": "22.22",
            "revenue": 110159
        },
        "2018-02": {
            "month": "2018-02",
            "price": "20.82",
            "revenue": 61355
        },
        "2018-03": {
            "month": "2018-03",
            "price": "22.25",
            "revenue": 98372
        },
        "2018-04": {
            "month": "2018-04",
            "price": "20.85",
            "revenue": 106103
        },
        "2018-05": {
            "month": "2018-05",
            "price": "22.31",
            "revenue": 106748
        },
        "2018-06": {
            "month": "2018-06",
            "price": "24.25",
            "revenue": 100291
        },
        "2018-07": {
            "month": "2018-07",
            "price": "23.05",
            "revenue": 101987
        },
        "2018-08": {
            "month": "2018-08",
            "price": "21.32",
            "revenue": 102722
        },
        "2018-09": {
            "month": "2018-09",
            "price": "19.33",
            "revenue": 104100
        },
        "2018-10": {
            "month": "2018-10",
            "price": "15.61",
            "revenue": 104555
        },
        "2018-11": {
            "month": "2018-11",
            "price": "15.20",
            "revenue": 95330
        },
        "2018-12": {
            "month": "2018-12",
            "price": "15.38",
            "revenue": 84814
        },
        "2019-01": {
            "month": "2019-01",
            "price": "15.08",
            "revenue": 83727
        },
        "2019-02": {
            "month": "2019-02",
            "price": "15.50",
            "revenue": 89424
        },
        "2019-03": {
            "month": "2019-03",
            "price": "17.40",
            "revenue": 123888
        },
        "2019-04": {
            "month": "2019-04",
            "price": "17.77",
            "revenue": 105303
        },
        "2019-05": {
            "month": "2019-05",
            "price": "15.05",
            "revenue": 93762
        },
        "2019-06": {
            "month": "2019-06",
            "price": "14.04",
            "revenue": 100894
        },
        "2019-07": {
            "month": "2019-07",
            "price": "15.02",
            "revenue": 93169
        },
        "2019-08": {
            "month": "2019-08",
            "price": "14.31",
            "revenue": 94912
        },
        "2019-09": {
            "month": "2019-09",
            "price": "14.32",
            "revenue": 96553
        },
        "2019-10": {
            "month": "2019-10",
            "price": "13.95",
            "revenue": 102117
        },
        "2019-11": {
            "month": "2019-11",
            "price": "13.81",
            "revenue": 102598
        },
        "2019-12": {
            "month": "2019-12",
            "price": "14.03",
            "revenue": 105092
        },
        "2020-01": {
            "month": "2020-01",
            "price": "14.08",
            "revenue": 77878
        },
        "2020-02": {
            "month": "2020-02",
            "price": "13.18",
            "revenue": 71860
        },
        "2020-03": {
            "month": "2020-03",
            "price": "9.98",
            "revenue": 101408
        },
        "2020-04": {
            "month": "2020-04",
            "price": "11.46",
            "revenue": 107766
        },
        "2020-05": {
            "month": "2020-05",
            "price": "18.75",
            "revenue": 98603
        },
        "2020-06": {
            "month": "2020-06",
            "price": "19.94",
            "revenue": 101792
        },
        "2020-07": {
            "month": "2020-07",
            "price": "19.67",
            "revenue": 123360
        },
        "2020-08": {
            "month": "2020-08",
            "price": "19.44",
            "revenue": 110323
        },
        "2020-09": {
            "month": "2020-09",
            "price": "19.13",
            "revenue": 123508
        },
        "2020-10": {
            "month": "2020-10",
            "price": "18.79",
            "revenue": 116143
        },
        "2020-11": {
            "month": "2020-11",
            "price": "18.24",
            "revenue": 129063
        },
        "2020-12": {
            "month": "2020-12",
            "price": "19.64",
            "revenue": 141107
        },
        "2021-01": {
            "month": "2021-01",
            "price": "20.86",
            "revenue": 140667
        },
        "2021-02": {
            "month": "2021-02",
            "price": "20.25",
            "revenue": 140092
        },
        "2021-03": {
            "month": "2021-03",
            "price": "24.16",
            "revenue": 157244
        },
        "2021-04": {
            "month": "2021-04",
            "price": "26.90",
            "revenue": 150737
        },
        "2021-05": {
            "month": "2021-05",
            "price": "22.13",
            "revenue": 144604
        },
        "2021-06": {
            "month": "2021-06",
            "price": "22.78",
            "revenue": 160821
        },
        "2021-07": {
            "month": "2021-07",
            "price": "26.74",
            "revenue": 161533
        },
        "2021-08": {
            "month": "2021-08",
            "price": "26.37",
            "revenue": 160185
        },
        "2021-09": {
            "month": "2021-09",
            "price": "24.22",
            "revenue": 155871
        },
        "2021-10": {
            "month": "2021-10",
            "price": "22.10",
            "revenue": 133186
        },
        "2021-11": {
            "month": "2021-11",
            "price": "24.80",
            "revenue": 129177
        },
        "2021-12": {
            "month": "2021-12",
            "price": "26.73",
            "revenue": 125406
        },
        "2022-01": {
            "month": "2022-01",
            "price": "26.16",
            "revenue": 114485
        },
        "2022-02": {
            "month": "2022-02",
            "price": "25.35",
            "revenue": 94487
        },
        "2022-03": {
            "month": "2022-03",
            "price": "23.18",
            "revenue": 121296
        },
        "2022-04": {
            "month": "2022-04",
            "price": "21.54",
            "revenue": 105533
        },
        "2022-05": {
            "month": "2022-05",
            "price": "19.60",
            "revenue": 106755
        },
        "2022-06": {
            "month": "2022-06",
            "price": "18.52",
            "revenue": 87830
        },
        "2022-07": {
            "month": "2022-07",
            "price": "16.14",
            "revenue": 84421
        },
        "2022-08": {
            "month": "2022-08",
            "price": "17.05",
            "revenue": 93380
        },
        "2022-09": {
            "month": "2022-09",
            "price": "16.01",
            "revenue": 96246
        },
        "2022-10": {
            "month": "2022-10",
            "price": "14.11",
            "revenue": 97829
        },
        "2022-11": {
            "month": "2022-11",
            "price": "14.37",
            "revenue": 87875
        },
        "2022-12": {
            "month": "2022-12",
            "price": "14.60",
            "revenue": 104576
        },
        "2023-01": {
            "month": "2023-01",
            "price": "14.45",
            "revenue": 91215
        },
        "2023-02": {
            "month": "2023-02",
            "price": "15.87",
            "revenue": 94454
        },
        "2023-03": {
            "month": "2023-03",
            "price": "16.27",
            "revenue": 114265
        },
        "2023-04": {
            "month": "2023-04",
            "price": "16.66",
            "revenue": 95614
        },
        "2023-05": {
            "month": "2023-05",
            "price": "15.92",
            "revenue": 102330
        }
    }
}
