{
    "summary": {
        "stock_name": "臻鼎-KY",
        "stock_id": "4958",
        "category": "電子零組件",
        "main_business": "PCB",
        "website_url": "http://www.zdtco.com",
        "ceo": "李定轉",
        "pe_ratio": 8,
        "report_year_from": 2010,
        "report_year_to": 2023,
        "age": 13,
        "eps_negative_percentage": 0,
        "eps_growth_avg": {
            "last_all": 21.9,
            "last_2y": 17.91,
            "last_4y": 21.94,
            "last_8y": 14.68,
            "last_12y": null,
            "last_16y": null,
            "last_20y": null,
            "at_2006_last_3y": null,
            "at_2007_last_3y": null,
            "at_2008_last_3y": null,
            "at_2009_last_3y": null,
            "at_2010_last_3y": null,
            "at_2011_last_3y": null,
            "at_2012_last_3y": null,
            "at_2013_last_3y": null,
            "at_2014_last_3y": null,
            "at_2015_last_3y": 34.4,
            "at_2016_last_3y": -0.34,
            "at_2017_last_3y": 5.61,
            "at_2018_last_3y": 15.99,
            "at_2019_last_3y": 12.4,
            "at_2020_last_3y": 23.88,
            "at_2021_last_3y": 15.61,
            "at_2022_last_3y": 11.6,
            "at_2023_last_3y": 11.6,
            "at_2006_last_all": null,
            "at_2007_last_all": null,
            "at_2008_last_all": null,
            "at_2009_last_all": null,
            "at_2010_last_all": null,
            "at_2011_last_all": null,
            "at_2012_last_all": null,
            "at_2013_last_all": 54.4,
            "at_2014_last_all": 43.53,
            "at_2015_last_all": 34.4,
            "at_2016_last_all": 16.34,
            "at_2017_last_all": 21.87,
            "at_2018_last_all": 27.79,
            "at_2019_last_all": 23.4,
            "at_2020_last_all": 19.69,
            "at_2021_last_all": 19.37,
            "at_2022_last_all": 21.9,
            "at_2023_last_all": 21.9
        },
        "latest_eps": 13.58,
        "latest_price": 114,
        "latest_roe": 15.03,
        "latest_gross_margin": 16.09,
        "latest_equity": 129824133,
        "latest_revenue": 31545153,
        "latest_gross_profit": 5075283,
        "latest_net_income": 863092,
        "latest_debt_ratio": 43.9,
        "latest_current_ratio": 141.5,
        "latest_account_receivable_turnover_ratio": 1.29,
        "latest_inventory_turnover_ratio": 1.67,
        "latest_reinvestment_rate": 154.44,
        "latest_research_to_sale_ratio": 6.15
    },
    "eps_dividends": {
        "2001": {
            "cash": 0,
            "stock": 0,
            "eps": 0
        },
        "2002": {
            "cash": 0,
            "stock": 0,
            "eps": 0
        },
        "2003": {
            "cash": 0,
            "stock": 0,
            "eps": 0
        },
        "2004": {
            "cash": 0,
            "stock": 0,
            "eps": 0
        },
        "2005": {
            "cash": 0,
            "stock": 0,
            "eps": 0
        },
        "2006": {
            "cash": 0,
            "stock": 0,
            "eps": 0
        },
        "2007": {
            "cash": 0,
            "stock": 0,
            "eps": 0
        },
        "2008": {
            "cash": 0,
            "stock": 0,
            "eps": 0
        },
        "2009": {
            "cash": 0,
            "stock": 0,
            "eps": 0
        },
        "2010": {
            "cash": 0,
            "stock": 0,
            "eps": 0
        },
        "2011": {
            "cash": 1,
            "stock": 1,
            "eps": 3.25
        },
        "2012": {
            "cash": 0,
            "stock": 0,
            "eps": 5.95
        },
        "2013": {
            "cash": 2,
            "stock": 1,
            "eps": 7.48
        },
        "2014": {
            "cash": 3,
            "stock": 0,
            "eps": 9.11
        },
        "2015": {
            "cash": 4,
            "stock": 0,
            "eps": 9.75
        },
        "2016": {
            "cash": 5,
            "stock": 0,
            "eps": 4.3
        },
        "2017": {
            "cash": 2,
            "stock": 0,
            "eps": 6.43
        },
        "2018": {
            "cash": 3,
            "stock": 0,
            "eps": 10.5
        },
        "2019": {
            "cash": 4,
            "stock": 0,
            "eps": 9.73
        },
        "2020": {
            "cash": 5,
            "stock": 0,
            "eps": 8.76
        },
        "2021": {
            "cash": 5,
            "stock": 0,
            "eps": 10.2
        },
        "2022": {
            "cash": 5,
            "stock": 0,
            "eps": 15.02
        },
        "2023": {
            "cash": 6,
            "stock": 0,
            "eps": 0.53
        }
    },
    "dividends": {
        "2011-01-01": {
            "cash": 1,
            "stock": 0.5
        },
        "2013-03-27": {
            "cash": 2,
            "stock": 0.5
        },
        "2014-09-22": {
            "cash": 3,
            "stock": 0
        },
        "2015-09-15": {
            "cash": 4,
            "stock": 0
        },
        "2016-09-14": {
            "cash": 4.5,
            "stock": 0
        },
        "2017-08-10": {
            "cash": 2.2,
            "stock": 0
        },
        "2018-08-15": {
            "cash": 3.3,
            "stock": 0
        },
        "2019-07-30": {
            "cash": 4.46,
            "stock": 0
        },
        "2020-07-30": {
            "cash": 4.5,
            "stock": 0
        },
        "2021-07-30": {
            "cash": 4.5,
            "stock": 0
        },
        "2022-07-08": {
            "cash": 5,
            "stock": 0
        },
        "2023-07-10": {
            "cash": 6,
            "stock": 0
        }
    },
    "prices": {
        "200101": "無",
        "200102": "無",
        "200103": "無",
        "200104": "無",
        "200105": "無",
        "200106": "無",
        "200107": "無",
        "200108": "無",
        "200109": "無",
        "200110": "無",
        "200111": "無",
        "200112": "無",
        "200201": "無",
        "200202": "無",
        "200203": "無",
        "200204": "無",
        "200205": "無",
        "200206": "無",
        "200207": "無",
        "200208": "無",
        "200209": "無",
        "200210": "無",
        "200211": "無",
        "200212": "無",
        "200301": "無",
        "200302": "無",
        "200303": "無",
        "200304": "無",
        "200305": "無",
        "200306": "無",
        "200307": "無",
        "200308": "無",
        "200309": "無",
        "200310": "無",
        "200311": "無",
        "200312": "無",
        "200401": "無",
        "200402": "無",
        "200403": "無",
        "200404": "無",
        "200405": "無",
        "200406": "無",
        "200407": "無",
        "200408": "無",
        "200409": "無",
        "200410": "無",
        "200411": "無",
        "200412": "無",
        "200501": "無",
        "200502": "無",
        "200503": "無",
        "200504": "無",
        "200505": "無",
        "200506": "無",
        "200507": "無",
        "200508": "無",
        "200509": "無",
        "200510": "無",
        "200511": "無",
        "200512": "無",
        "200601": "無",
        "200602": "無",
        "200603": "無",
        "200604": "無",
        "200605": "無",
        "200606": "無",
        "200607": "無",
        "200608": "無",
        "200609": "無",
        "200610": "無",
        "200611": "無",
        "200612": "無",
        "200701": "無",
        "200702": "無",
        "200703": "無",
        "200704": "無",
        "200705": "無",
        "200706": "無",
        "200707": "無",
        "200708": "無",
        "200709": "無",
        "200710": "無",
        "200711": "無",
        "200712": "無",
        "200801": "無",
        "200802": "無",
        "200803": "無",
        "200804": "無",
        "200805": "無",
        "200806": "無",
        "200807": "無",
        "200808": "無",
        "200809": "無",
        "200810": "無",
        "200811": "無",
        "200812": "無",
        "200901": "無",
        "200902": "無",
        "200903": "無",
        "200904": "無",
        "200905": "無",
        "200906": "無",
        "200907": "無",
        "200908": "無",
        "200909": "無",
        "200910": "無",
        "200911": "無",
        "200912": "無",
        "201001": "無",
        "201002": "無",
        "201003": "無",
        "201004": "無",
        "201005": "無",
        "201006": "無",
        "201007": "無",
        "201008": "無",
        "201009": "無",
        "201010": "無",
        "201011": "無",
        "201012": "無",
        "201101": "無",
        "201102": "無",
        "201103": "無",
        "201104": "無",
        "201105": "無",
        "201106": "無",
        "201107": "無",
        "201108": "無",
        "201109": "無",
        "201110": "無",
        "201111": "無",
        "201112": "51.54",
        "201201": "62.71",
        "201202": "89.63",
        "201203": "91.45",
        "201204": "101.96",
        "201205": "94.04",
        "201206": "91.65",
        "201207": "88.33",
        "201208": "95.03",
        "201209": "96.26",
        "201210": "86.35",
        "201211": "78.42",
        "201212": "76.28",
        "201301": "69.59",
        "201302": "69.38",
        "201303": "66.96",
        "201304": "70.80",
        "201305": "74.78",
        "201306": "71.83",
        "201307": "68.72",
        "201308": "73.89",
        "201309": "73.29",
        "201310": "69.98",
        "201311": "68.41",
        "201312": "71.86",
        "201401": "76.23",
        "201402": "73.88",
        "201403": "73.86",
        "201404": "85.89",
        "201405": "89.53",
        "201406": "95.54",
        "201407": "96.37",
        "201408": "93.19",
        "201409": "90.10",
        "201410": "82.55",
        "201411": "83.00",
        "201412": "84.60",
        "201501": "87.98",
        "201502": "91.68",
        "201503": "102.80",
        "201504": "106.56",
        "201505": "108.48",
        "201506": "107.81",
        "201507": "103.77",
        "201508": "93.90",
        "201509": "92.76",
        "201510": "94.89",
        "201511": "94.60",
        "201512": "84.20",
        "201601": "67.91",
        "201602": "70.45",
        "201603": "77.77",
        "201604": "68.44",
        "201605": "59.97",
        "201606": "57.79",
        "201607": "63.22",
        "201608": "66.21",
        "201609": "66.02",
        "201610": "69.98",
        "201611": "65.20",
        "201612": "63.82",
        "201701": "65.11",
        "201702": "73.33",
        "201703": "74.27",
        "201704": "68.28",
        "201705": "73.04",
        "201706": "73.77",
        "201707": "70.58",
        "201708": "71.49",
        "201709": "65.85",
        "201710": "67.13",
        "201711": "73.45",
        "201712": "67.50",
        "201801": "67.93",
        "201802": "63.15",
        "201803": "67.38",
        "201804": "65.69",
        "201805": "66.37",
        "201806": "69.08",
        "201807": "68.65",
        "201808": "74.74",
        "201809": "72.85",
        "201810": "68.34",
        "201811": "74.01",
        "201812": "81.16",
        "201901": "75.92",
        "201902": "85.90",
        "201903": "90.62",
        "201904": "106.60",
        "201905": "97.59",
        "201906": "96.39",
        "201907": "108.72",
        "201908": "113.12",
        "201909": "114.74",
        "201910": "131.05",
        "201911": "141.60",
        "201912": "138.07",
        "202001": "135.13",
        "202002": "122.61",
        "202003": "96.61",
        "202004": "99.49",
        "202005": "115.20",
        "202006": "131.72",
        "202007": "133.43",
        "202008": "133.05",
        "202009": "127.11",
        "202010": "130.03",
        "202011": "122.24",
        "202012": "118.89",
        "202101": "118.18",
        "202102": "117.31",
        "202103": "122.66",
        "202104": "109.71",
        "202105": "94.18",
        "202106": "101.13",
        "202107": "105.09",
        "202108": "99.37",
        "202109": "98.66",
        "202110": "93.88",
        "202111": "100.66",
        "202112": "99.08",
        "202201": "99.95",
        "202202": "94.06",
        "202203": "101.02",
        "202204": "106.92",
        "202205": "108.83",
        "202206": "110.55",
        "202207": "102.83",
        "202208": "114.98",
        "202209": "112.19",
        "202210": "106.55",
        "202211": "116.30",
        "202212": "113.86",
        "202301": "106.77",
        "202302": "113.17",
        "202303": "112.11",
        "202304": "112.03",
        "202305": "111.34"
    },
    "quarters": {
        "20011": {
            "year_quarter": 20011,
            "year": 2001,
            "quarter": 1,
            "eps": null,
            "eps_growth_year": null,
            "eps_4q": null,
            "eps_4q_growth_year": null,
            "roe": null,
            "roe_4q": 0,
            "gross_profit": null,
            "gross_margin": null,
            "gross_margin_4q_avg": 0,
            "net_income": null,
            "revenue": null,
            "common_shares": null,
            "book_valuer_per_share": null,
            "book_valuer_per_share_4q_avg": 0,
            "equity": null,
            "current_ratio": null,
            "debt_ratio": null,
            "inventory_turnover_ratio": null,
            "account_receivable_turnover_ratio": null,
            "reinvestment_rate": null,
            "research_to_sale_ratio": null,
            "price_fair": 0,
            "eps_avg_yearly": 0,
            "eps_latest_yearly": 0,
            "eps_growth_yearly": 0
        },
        "20012": {
            "year_quarter": 20012,
            "year": 2001,
            "quarter": 2,
            "eps": null,
            "eps_growth_year": null,
            "eps_4q": null,
            "eps_4q_growth_year": null,
            "roe": null,
            "roe_4q": 0,
            "gross_profit": null,
            "gross_margin": null,
            "gross_margin_4q_avg": 0,
            "net_income": null,
            "revenue": null,
            "common_shares": null,
            "book_valuer_per_share": null,
            "book_valuer_per_share_4q_avg": 0,
            "equity": null,
            "current_ratio": null,
            "debt_ratio": null,
            "inventory_turnover_ratio": null,
            "account_receivable_turnover_ratio": null,
            "reinvestment_rate": null,
            "research_to_sale_ratio": null,
            "price_fair": 0,
            "eps_avg_yearly": 0,
            "eps_latest_yearly": 0,
            "eps_growth_yearly": 0
        },
        "20013": {
            "year_quarter": 20013,
            "year": 2001,
            "quarter": 3,
            "eps": null,
            "eps_growth_year": null,
            "eps_4q": null,
            "eps_4q_growth_year": null,
            "roe": null,
            "roe_4q": 0,
            "gross_profit": null,
            "gross_margin": null,
            "gross_margin_4q_avg": 0,
            "net_income": null,
            "revenue": null,
            "common_shares": null,
            "book_valuer_per_share": null,
            "book_valuer_per_share_4q_avg": 0,
            "equity": null,
            "current_ratio": null,
            "debt_ratio": null,
            "inventory_turnover_ratio": null,
            "account_receivable_turnover_ratio": null,
            "reinvestment_rate": null,
            "research_to_sale_ratio": null,
            "price_fair": 0,
            "eps_avg_yearly": 0,
            "eps_latest_yearly": 0,
            "eps_growth_yearly": 0
        },
        "20014": {
            "year_quarter": 20014,
            "year": 2001,
            "quarter": 4,
            "eps": null,
            "eps_growth_year": null,
            "eps_4q": null,
            "eps_4q_growth_year": null,
            "roe": null,
            "roe_4q": 0,
            "gross_profit": null,
            "gross_margin": null,
            "gross_margin_4q_avg": 0,
            "net_income": null,
            "revenue": null,
            "common_shares": null,
            "book_valuer_per_share": null,
            "book_valuer_per_share_4q_avg": 0,
            "equity": null,
            "current_ratio": null,
            "debt_ratio": null,
            "inventory_turnover_ratio": null,
            "account_receivable_turnover_ratio": null,
            "reinvestment_rate": null,
            "research_to_sale_ratio": null,
            "price_fair": 0,
            "eps_avg_yearly": 0,
            "eps_latest_yearly": 0,
            "eps_growth_yearly": 0
        },
        "20021": {
            "year_quarter": 20021,
            "year": 2002,
            "quarter": 1,
            "eps": null,
            "eps_growth_year": null,
            "eps_4q": null,
            "eps_4q_growth_year": null,
            "roe": null,
            "roe_4q": 0,
            "gross_profit": null,
            "gross_margin": null,
            "gross_margin_4q_avg": 0,
            "net_income": null,
            "revenue": null,
            "common_shares": null,
            "book_valuer_per_share": null,
            "book_valuer_per_share_4q_avg": 0,
            "equity": null,
            "current_ratio": null,
            "debt_ratio": null,
            "inventory_turnover_ratio": null,
            "account_receivable_turnover_ratio": null,
            "reinvestment_rate": null,
            "research_to_sale_ratio": null,
            "price_fair": 0,
            "eps_avg_yearly": 0,
            "eps_latest_yearly": 0,
            "eps_growth_yearly": 0
        },
        "20022": {
            "year_quarter": 20022,
            "year": 2002,
            "quarter": 2,
            "eps": null,
            "eps_growth_year": null,
            "eps_4q": null,
            "eps_4q_growth_year": null,
            "roe": null,
            "roe_4q": 0,
            "gross_profit": null,
            "gross_margin": null,
            "gross_margin_4q_avg": 0,
            "net_income": null,
            "revenue": null,
            "common_shares": null,
            "book_valuer_per_share": null,
            "book_valuer_per_share_4q_avg": 0,
            "equity": null,
            "current_ratio": null,
            "debt_ratio": null,
            "inventory_turnover_ratio": null,
            "account_receivable_turnover_ratio": null,
            "reinvestment_rate": null,
            "research_to_sale_ratio": null,
            "price_fair": 0,
            "eps_avg_yearly": 0,
            "eps_latest_yearly": 0,
            "eps_growth_yearly": 0
        },
        "20023": {
            "year_quarter": 20023,
            "year": 2002,
            "quarter": 3,
            "eps": null,
            "eps_growth_year": null,
            "eps_4q": null,
            "eps_4q_growth_year": null,
            "roe": null,
            "roe_4q": 0,
            "gross_profit": null,
            "gross_margin": null,
            "gross_margin_4q_avg": 0,
            "net_income": null,
            "revenue": null,
            "common_shares": null,
            "book_valuer_per_share": null,
            "book_valuer_per_share_4q_avg": 0,
            "equity": null,
            "current_ratio": null,
            "debt_ratio": null,
            "inventory_turnover_ratio": null,
            "account_receivable_turnover_ratio": null,
            "reinvestment_rate": null,
            "research_to_sale_ratio": null,
            "price_fair": 0,
            "eps_avg_yearly": 0,
            "eps_latest_yearly": 0,
            "eps_growth_yearly": 0
        },
        "20024": {
            "year_quarter": 20024,
            "year": 2002,
            "quarter": 4,
            "eps": null,
            "eps_growth_year": null,
            "eps_4q": null,
            "eps_4q_growth_year": null,
            "roe": null,
            "roe_4q": 0,
            "gross_profit": null,
            "gross_margin": null,
            "gross_margin_4q_avg": 0,
            "net_income": null,
            "revenue": null,
            "common_shares": null,
            "book_valuer_per_share": null,
            "book_valuer_per_share_4q_avg": 0,
            "equity": null,
            "current_ratio": null,
            "debt_ratio": null,
            "inventory_turnover_ratio": null,
            "account_receivable_turnover_ratio": null,
            "reinvestment_rate": null,
            "research_to_sale_ratio": null,
            "price_fair": 0,
            "eps_avg_yearly": 0,
            "eps_latest_yearly": 0,
            "eps_growth_yearly": 0
        },
        "20031": {
            "year_quarter": 20031,
            "year": 2003,
            "quarter": 1,
            "eps": null,
            "eps_growth_year": null,
            "eps_4q": null,
            "eps_4q_growth_year": null,
            "roe": null,
            "roe_4q": 0,
            "gross_profit": null,
            "gross_margin": null,
            "gross_margin_4q_avg": 0,
            "net_income": null,
            "revenue": null,
            "common_shares": null,
            "book_valuer_per_share": null,
            "book_valuer_per_share_4q_avg": 0,
            "equity": null,
            "current_ratio": null,
            "debt_ratio": null,
            "inventory_turnover_ratio": null,
            "account_receivable_turnover_ratio": null,
            "reinvestment_rate": null,
            "research_to_sale_ratio": null,
            "price_fair": 0,
            "eps_avg_yearly": 0,
            "eps_latest_yearly": 0,
            "eps_growth_yearly": 0
        },
        "20032": {
            "year_quarter": 20032,
            "year": 2003,
            "quarter": 2,
            "eps": null,
            "eps_growth_year": null,
            "eps_4q": null,
            "eps_4q_growth_year": null,
            "roe": null,
            "roe_4q": 0,
            "gross_profit": null,
            "gross_margin": null,
            "gross_margin_4q_avg": 0,
            "net_income": null,
            "revenue": null,
            "common_shares": null,
            "book_valuer_per_share": null,
            "book_valuer_per_share_4q_avg": 0,
            "equity": null,
            "current_ratio": null,
            "debt_ratio": null,
            "inventory_turnover_ratio": null,
            "account_receivable_turnover_ratio": null,
            "reinvestment_rate": null,
            "research_to_sale_ratio": null,
            "price_fair": 0,
            "eps_avg_yearly": 0,
            "eps_latest_yearly": 0,
            "eps_growth_yearly": 0
        },
        "20033": {
            "year_quarter": 20033,
            "year": 2003,
            "quarter": 3,
            "eps": null,
            "eps_growth_year": null,
            "eps_4q": null,
            "eps_4q_growth_year": null,
            "roe": null,
            "roe_4q": 0,
            "gross_profit": null,
            "gross_margin": null,
            "gross_margin_4q_avg": 0,
            "net_income": null,
            "revenue": null,
            "common_shares": null,
            "book_valuer_per_share": null,
            "book_valuer_per_share_4q_avg": 0,
            "equity": null,
            "current_ratio": null,
            "debt_ratio": null,
            "inventory_turnover_ratio": null,
            "account_receivable_turnover_ratio": null,
            "reinvestment_rate": null,
            "research_to_sale_ratio": null,
            "price_fair": 0,
            "eps_avg_yearly": 0,
            "eps_latest_yearly": 0,
            "eps_growth_yearly": 0
        },
        "20034": {
            "year_quarter": 20034,
            "year": 2003,
            "quarter": 4,
            "eps": null,
            "eps_growth_year": null,
            "eps_4q": null,
            "eps_4q_growth_year": null,
            "roe": null,
            "roe_4q": 0,
            "gross_profit": null,
            "gross_margin": null,
            "gross_margin_4q_avg": 0,
            "net_income": null,
            "revenue": null,
            "common_shares": null,
            "book_valuer_per_share": null,
            "book_valuer_per_share_4q_avg": 0,
            "equity": null,
            "current_ratio": null,
            "debt_ratio": null,
            "inventory_turnover_ratio": null,
            "account_receivable_turnover_ratio": null,
            "reinvestment_rate": null,
            "research_to_sale_ratio": null,
            "price_fair": 0,
            "eps_avg_yearly": 0,
            "eps_latest_yearly": 0,
            "eps_growth_yearly": 0
        },
        "20041": {
            "year_quarter": 20041,
            "year": 2004,
            "quarter": 1,
            "eps": null,
            "eps_growth_year": null,
            "eps_4q": null,
            "eps_4q_growth_year": null,
            "roe": null,
            "roe_4q": 0,
            "gross_profit": null,
            "gross_margin": null,
            "gross_margin_4q_avg": 0,
            "net_income": null,
            "revenue": null,
            "common_shares": null,
            "book_valuer_per_share": null,
            "book_valuer_per_share_4q_avg": 0,
            "equity": null,
            "current_ratio": null,
            "debt_ratio": null,
            "inventory_turnover_ratio": null,
            "account_receivable_turnover_ratio": null,
            "reinvestment_rate": null,
            "research_to_sale_ratio": null,
            "price_fair": 0,
            "eps_avg_yearly": 0,
            "eps_latest_yearly": 0,
            "eps_growth_yearly": 0
        },
        "20042": {
            "year_quarter": 20042,
            "year": 2004,
            "quarter": 2,
            "eps": null,
            "eps_growth_year": null,
            "eps_4q": null,
            "eps_4q_growth_year": null,
            "roe": null,
            "roe_4q": 0,
            "gross_profit": null,
            "gross_margin": null,
            "gross_margin_4q_avg": 0,
            "net_income": null,
            "revenue": null,
            "common_shares": null,
            "book_valuer_per_share": null,
            "book_valuer_per_share_4q_avg": 0,
            "equity": null,
            "current_ratio": null,
            "debt_ratio": null,
            "inventory_turnover_ratio": null,
            "account_receivable_turnover_ratio": null,
            "reinvestment_rate": null,
            "research_to_sale_ratio": null,
            "price_fair": 0,
            "eps_avg_yearly": 0,
            "eps_latest_yearly": 0,
            "eps_growth_yearly": 0
        },
        "20043": {
            "year_quarter": 20043,
            "year": 2004,
            "quarter": 3,
            "eps": null,
            "eps_growth_year": null,
            "eps_4q": null,
            "eps_4q_growth_year": null,
            "roe": null,
            "roe_4q": 0,
            "gross_profit": null,
            "gross_margin": null,
            "gross_margin_4q_avg": 0,
            "net_income": null,
            "revenue": null,
            "common_shares": null,
            "book_valuer_per_share": null,
            "book_valuer_per_share_4q_avg": 0,
            "equity": null,
            "current_ratio": null,
            "debt_ratio": null,
            "inventory_turnover_ratio": null,
            "account_receivable_turnover_ratio": null,
            "reinvestment_rate": null,
            "research_to_sale_ratio": null,
            "price_fair": 0,
            "eps_avg_yearly": 0,
            "eps_latest_yearly": 0,
            "eps_growth_yearly": 0
        },
        "20044": {
            "year_quarter": 20044,
            "year": 2004,
            "quarter": 4,
            "eps": null,
            "eps_growth_year": null,
            "eps_4q": null,
            "eps_4q_growth_year": null,
            "roe": null,
            "roe_4q": 0,
            "gross_profit": null,
            "gross_margin": null,
            "gross_margin_4q_avg": 0,
            "net_income": null,
            "revenue": null,
            "common_shares": null,
            "book_valuer_per_share": null,
            "book_valuer_per_share_4q_avg": 0,
            "equity": null,
            "current_ratio": null,
            "debt_ratio": null,
            "inventory_turnover_ratio": null,
            "account_receivable_turnover_ratio": null,
            "reinvestment_rate": null,
            "research_to_sale_ratio": null,
            "price_fair": 0,
            "eps_avg_yearly": 0,
            "eps_latest_yearly": 0,
            "eps_growth_yearly": 0
        },
        "20051": {
            "year_quarter": 20051,
            "year": 2005,
            "quarter": 1,
            "eps": null,
            "eps_growth_year": null,
            "eps_4q": null,
            "eps_4q_growth_year": null,
            "roe": null,
            "roe_4q": 0,
            "gross_profit": null,
            "gross_margin": null,
            "gross_margin_4q_avg": 0,
            "net_income": null,
            "revenue": null,
            "common_shares": null,
            "book_valuer_per_share": null,
            "book_valuer_per_share_4q_avg": 0,
            "equity": null,
            "current_ratio": null,
            "debt_ratio": null,
            "inventory_turnover_ratio": null,
            "account_receivable_turnover_ratio": null,
            "reinvestment_rate": null,
            "research_to_sale_ratio": null,
            "price_fair": 0,
            "eps_avg_yearly": 0,
            "eps_latest_yearly": 0,
            "eps_growth_yearly": 0
        },
        "20052": {
            "year_quarter": 20052,
            "year": 2005,
            "quarter": 2,
            "eps": null,
            "eps_growth_year": null,
            "eps_4q": null,
            "eps_4q_growth_year": null,
            "roe": null,
            "roe_4q": 0,
            "gross_profit": null,
            "gross_margin": null,
            "gross_margin_4q_avg": 0,
            "net_income": null,
            "revenue": null,
            "common_shares": null,
            "book_valuer_per_share": null,
            "book_valuer_per_share_4q_avg": 0,
            "equity": null,
            "current_ratio": null,
            "debt_ratio": null,
            "inventory_turnover_ratio": null,
            "account_receivable_turnover_ratio": null,
            "reinvestment_rate": null,
            "research_to_sale_ratio": null,
            "price_fair": 0,
            "eps_avg_yearly": 0,
            "eps_latest_yearly": 0,
            "eps_growth_yearly": 0
        },
        "20053": {
            "year_quarter": 20053,
            "year": 2005,
            "quarter": 3,
            "eps": null,
            "eps_growth_year": null,
            "eps_4q": null,
            "eps_4q_growth_year": null,
            "roe": null,
            "roe_4q": 0,
            "gross_profit": null,
            "gross_margin": null,
            "gross_margin_4q_avg": 0,
            "net_income": null,
            "revenue": null,
            "common_shares": null,
            "book_valuer_per_share": null,
            "book_valuer_per_share_4q_avg": 0,
            "equity": null,
            "current_ratio": null,
            "debt_ratio": null,
            "inventory_turnover_ratio": null,
            "account_receivable_turnover_ratio": null,
            "reinvestment_rate": null,
            "research_to_sale_ratio": null,
            "price_fair": 0,
            "eps_avg_yearly": 0,
            "eps_latest_yearly": 0,
            "eps_growth_yearly": 0
        },
        "20054": {
            "year_quarter": 20054,
            "year": 2005,
            "quarter": 4,
            "eps": null,
            "eps_growth_year": null,
            "eps_4q": null,
            "eps_4q_growth_year": null,
            "roe": null,
            "roe_4q": 0,
            "gross_profit": null,
            "gross_margin": null,
            "gross_margin_4q_avg": 0,
            "net_income": null,
            "revenue": null,
            "common_shares": null,
            "book_valuer_per_share": null,
            "book_valuer_per_share_4q_avg": 0,
            "equity": null,
            "current_ratio": null,
            "debt_ratio": null,
            "inventory_turnover_ratio": null,
            "account_receivable_turnover_ratio": null,
            "reinvestment_rate": null,
            "research_to_sale_ratio": null,
            "price_fair": 0,
            "eps_avg_yearly": 0,
            "eps_latest_yearly": 0,
            "eps_growth_yearly": 0
        },
        "20061": {
            "year_quarter": 20061,
            "year": 2006,
            "quarter": 1,
            "eps": null,
            "eps_growth_year": null,
            "eps_4q": null,
            "eps_4q_growth_year": null,
            "roe": null,
            "roe_4q": 0,
            "gross_profit": null,
            "gross_margin": null,
            "gross_margin_4q_avg": 0,
            "net_income": null,
            "revenue": null,
            "common_shares": null,
            "book_valuer_per_share": null,
            "book_valuer_per_share_4q_avg": 0,
            "equity": null,
            "current_ratio": null,
            "debt_ratio": null,
            "inventory_turnover_ratio": null,
            "account_receivable_turnover_ratio": null,
            "reinvestment_rate": null,
            "research_to_sale_ratio": null,
            "price_fair": 0,
            "eps_avg_yearly": 0,
            "eps_latest_yearly": 0,
            "eps_growth_yearly": 0
        },
        "20062": {
            "year_quarter": 20062,
            "year": 2006,
            "quarter": 2,
            "eps": null,
            "eps_growth_year": null,
            "eps_4q": null,
            "eps_4q_growth_year": null,
            "roe": null,
            "roe_4q": 0,
            "gross_profit": null,
            "gross_margin": null,
            "gross_margin_4q_avg": 0,
            "net_income": null,
            "revenue": null,
            "common_shares": null,
            "book_valuer_per_share": null,
            "book_valuer_per_share_4q_avg": 0,
            "equity": null,
            "current_ratio": null,
            "debt_ratio": null,
            "inventory_turnover_ratio": null,
            "account_receivable_turnover_ratio": null,
            "reinvestment_rate": null,
            "research_to_sale_ratio": null,
            "price_fair": 0,
            "eps_avg_yearly": 0,
            "eps_latest_yearly": 0,
            "eps_growth_yearly": 0
        },
        "20063": {
            "year_quarter": 20063,
            "year": 2006,
            "quarter": 3,
            "eps": null,
            "eps_growth_year": null,
            "eps_4q": null,
            "eps_4q_growth_year": null,
            "roe": null,
            "roe_4q": 0,
            "gross_profit": null,
            "gross_margin": null,
            "gross_margin_4q_avg": 0,
            "net_income": null,
            "revenue": null,
            "common_shares": null,
            "book_valuer_per_share": null,
            "book_valuer_per_share_4q_avg": 0,
            "equity": null,
            "current_ratio": null,
            "debt_ratio": null,
            "inventory_turnover_ratio": null,
            "account_receivable_turnover_ratio": null,
            "reinvestment_rate": null,
            "research_to_sale_ratio": null,
            "price_fair": 0,
            "eps_avg_yearly": 0,
            "eps_latest_yearly": 0,
            "eps_growth_yearly": 0
        },
        "20064": {
            "year_quarter": 20064,
            "year": 2006,
            "quarter": 4,
            "eps": null,
            "eps_growth_year": null,
            "eps_4q": null,
            "eps_4q_growth_year": null,
            "roe": null,
            "roe_4q": 0,
            "gross_profit": null,
            "gross_margin": null,
            "gross_margin_4q_avg": 0,
            "net_income": null,
            "revenue": null,
            "common_shares": null,
            "book_valuer_per_share": null,
            "book_valuer_per_share_4q_avg": 0,
            "equity": null,
            "current_ratio": null,
            "debt_ratio": null,
            "inventory_turnover_ratio": null,
            "account_receivable_turnover_ratio": null,
            "reinvestment_rate": null,
            "research_to_sale_ratio": null,
            "price_fair": 0,
            "eps_avg_yearly": 0,
            "eps_latest_yearly": 0,
            "eps_growth_yearly": 0
        },
        "20071": {
            "year_quarter": 20071,
            "year": 2007,
            "quarter": 1,
            "eps": null,
            "eps_growth_year": null,
            "eps_4q": null,
            "eps_4q_growth_year": null,
            "roe": null,
            "roe_4q": 0,
            "gross_profit": null,
            "gross_margin": null,
            "gross_margin_4q_avg": 0,
            "net_income": null,
            "revenue": null,
            "common_shares": null,
            "book_valuer_per_share": null,
            "book_valuer_per_share_4q_avg": 0,
            "equity": null,
            "current_ratio": null,
            "debt_ratio": null,
            "inventory_turnover_ratio": null,
            "account_receivable_turnover_ratio": null,
            "reinvestment_rate": null,
            "research_to_sale_ratio": null,
            "price_fair": 0,
            "eps_avg_yearly": 0,
            "eps_latest_yearly": 0,
            "eps_growth_yearly": 0
        },
        "20072": {
            "year_quarter": 20072,
            "year": 2007,
            "quarter": 2,
            "eps": null,
            "eps_growth_year": null,
            "eps_4q": null,
            "eps_4q_growth_year": null,
            "roe": null,
            "roe_4q": 0,
            "gross_profit": null,
            "gross_margin": null,
            "gross_margin_4q_avg": 0,
            "net_income": null,
            "revenue": null,
            "common_shares": null,
            "book_valuer_per_share": null,
            "book_valuer_per_share_4q_avg": 0,
            "equity": null,
            "current_ratio": null,
            "debt_ratio": null,
            "inventory_turnover_ratio": null,
            "account_receivable_turnover_ratio": null,
            "reinvestment_rate": null,
            "research_to_sale_ratio": null,
            "price_fair": 0,
            "eps_avg_yearly": 0,
            "eps_latest_yearly": 0,
            "eps_growth_yearly": 0
        },
        "20073": {
            "year_quarter": 20073,
            "year": 2007,
            "quarter": 3,
            "eps": null,
            "eps_growth_year": null,
            "eps_4q": null,
            "eps_4q_growth_year": null,
            "roe": null,
            "roe_4q": 0,
            "gross_profit": null,
            "gross_margin": null,
            "gross_margin_4q_avg": 0,
            "net_income": null,
            "revenue": null,
            "common_shares": null,
            "book_valuer_per_share": null,
            "book_valuer_per_share_4q_avg": 0,
            "equity": null,
            "current_ratio": null,
            "debt_ratio": null,
            "inventory_turnover_ratio": null,
            "account_receivable_turnover_ratio": null,
            "reinvestment_rate": null,
            "research_to_sale_ratio": null,
            "price_fair": 0,
            "eps_avg_yearly": 0,
            "eps_latest_yearly": 0,
            "eps_growth_yearly": 0
        },
        "20074": {
            "year_quarter": 20074,
            "year": 2007,
            "quarter": 4,
            "eps": null,
            "eps_growth_year": null,
            "eps_4q": null,
            "eps_4q_growth_year": null,
            "roe": null,
            "roe_4q": 0,
            "gross_profit": null,
            "gross_margin": null,
            "gross_margin_4q_avg": 0,
            "net_income": null,
            "revenue": null,
            "common_shares": null,
            "book_valuer_per_share": null,
            "book_valuer_per_share_4q_avg": 0,
            "equity": null,
            "current_ratio": null,
            "debt_ratio": null,
            "inventory_turnover_ratio": null,
            "account_receivable_turnover_ratio": null,
            "reinvestment_rate": null,
            "research_to_sale_ratio": null,
            "price_fair": 0,
            "eps_avg_yearly": 0,
            "eps_latest_yearly": 0,
            "eps_growth_yearly": 0
        },
        "20081": {
            "year_quarter": 20081,
            "year": 2008,
            "quarter": 1,
            "eps": null,
            "eps_growth_year": null,
            "eps_4q": null,
            "eps_4q_growth_year": null,
            "roe": null,
            "roe_4q": 0,
            "gross_profit": null,
            "gross_margin": null,
            "gross_margin_4q_avg": 0,
            "net_income": null,
            "revenue": null,
            "common_shares": null,
            "book_valuer_per_share": null,
            "book_valuer_per_share_4q_avg": 0,
            "equity": null,
            "current_ratio": null,
            "debt_ratio": null,
            "inventory_turnover_ratio": null,
            "account_receivable_turnover_ratio": null,
            "reinvestment_rate": null,
            "research_to_sale_ratio": null,
            "price_fair": 0,
            "eps_avg_yearly": 0,
            "eps_latest_yearly": 0,
            "eps_growth_yearly": 0
        },
        "20082": {
            "year_quarter": 20082,
            "year": 2008,
            "quarter": 2,
            "eps": null,
            "eps_growth_year": null,
            "eps_4q": null,
            "eps_4q_growth_year": null,
            "roe": null,
            "roe_4q": 0,
            "gross_profit": null,
            "gross_margin": null,
            "gross_margin_4q_avg": 0,
            "net_income": null,
            "revenue": null,
            "common_shares": null,
            "book_valuer_per_share": null,
            "book_valuer_per_share_4q_avg": 0,
            "equity": null,
            "current_ratio": null,
            "debt_ratio": null,
            "inventory_turnover_ratio": null,
            "account_receivable_turnover_ratio": null,
            "reinvestment_rate": null,
            "research_to_sale_ratio": null,
            "price_fair": 0,
            "eps_avg_yearly": 0,
            "eps_latest_yearly": 0,
            "eps_growth_yearly": 0
        },
        "20083": {
            "year_quarter": 20083,
            "year": 2008,
            "quarter": 3,
            "eps": null,
            "eps_growth_year": null,
            "eps_4q": null,
            "eps_4q_growth_year": null,
            "roe": null,
            "roe_4q": 0,
            "gross_profit": null,
            "gross_margin": null,
            "gross_margin_4q_avg": 0,
            "net_income": null,
            "revenue": null,
            "common_shares": null,
            "book_valuer_per_share": null,
            "book_valuer_per_share_4q_avg": 0,
            "equity": null,
            "current_ratio": null,
            "debt_ratio": null,
            "inventory_turnover_ratio": null,
            "account_receivable_turnover_ratio": null,
            "reinvestment_rate": null,
            "research_to_sale_ratio": null,
            "price_fair": 0,
            "eps_avg_yearly": 0,
            "eps_latest_yearly": 0,
            "eps_growth_yearly": 0
        },
        "20084": {
            "year_quarter": 20084,
            "year": 2008,
            "quarter": 4,
            "eps": null,
            "eps_growth_year": null,
            "eps_4q": null,
            "eps_4q_growth_year": null,
            "roe": null,
            "roe_4q": 0,
            "gross_profit": null,
            "gross_margin": null,
            "gross_margin_4q_avg": 0,
            "net_income": null,
            "revenue": null,
            "common_shares": 5365700,
            "book_valuer_per_share": 16.96,
            "book_valuer_per_share_4q_avg": 4.24,
            "equity": 9098806,
            "current_ratio": 48.12,
            "debt_ratio": 73.7,
            "inventory_turnover_ratio": null,
            "account_receivable_turnover_ratio": null,
            "reinvestment_rate": null,
            "research_to_sale_ratio": null,
            "price_fair": 0,
            "eps_avg_yearly": 0,
            "eps_latest_yearly": 0,
            "eps_growth_yearly": 0
        },
        "20091": {
            "year_quarter": 20091,
            "year": 2009,
            "quarter": 1,
            "eps": null,
            "eps_growth_year": null,
            "eps_4q": null,
            "eps_4q_growth_year": null,
            "roe": null,
            "roe_4q": 0,
            "gross_profit": null,
            "gross_margin": null,
            "gross_margin_4q_avg": 0,
            "net_income": null,
            "revenue": null,
            "common_shares": null,
            "book_valuer_per_share": null,
            "book_valuer_per_share_4q_avg": 4.24,
            "equity": null,
            "current_ratio": null,
            "debt_ratio": null,
            "inventory_turnover_ratio": null,
            "account_receivable_turnover_ratio": null,
            "reinvestment_rate": null,
            "research_to_sale_ratio": null,
            "price_fair": 0,
            "eps_avg_yearly": 0,
            "eps_latest_yearly": 0,
            "eps_growth_yearly": 0
        },
        "20092": {
            "year_quarter": 20092,
            "year": 2009,
            "quarter": 2,
            "eps": null,
            "eps_growth_year": null,
            "eps_4q": null,
            "eps_4q_growth_year": null,
            "roe": null,
            "roe_4q": 0,
            "gross_profit": null,
            "gross_margin": null,
            "gross_margin_4q_avg": 0,
            "net_income": null,
            "revenue": null,
            "common_shares": null,
            "book_valuer_per_share": null,
            "book_valuer_per_share_4q_avg": 4.24,
            "equity": null,
            "current_ratio": null,
            "debt_ratio": null,
            "inventory_turnover_ratio": null,
            "account_receivable_turnover_ratio": null,
            "reinvestment_rate": null,
            "research_to_sale_ratio": null,
            "price_fair": 0,
            "eps_avg_yearly": 0,
            "eps_latest_yearly": 0,
            "eps_growth_yearly": 0
        },
        "20093": {
            "year_quarter": 20093,
            "year": 2009,
            "quarter": 3,
            "eps": null,
            "eps_growth_year": null,
            "eps_4q": null,
            "eps_4q_growth_year": null,
            "roe": null,
            "roe_4q": 0,
            "gross_profit": null,
            "gross_margin": null,
            "gross_margin_4q_avg": 0,
            "net_income": null,
            "revenue": null,
            "common_shares": null,
            "book_valuer_per_share": null,
            "book_valuer_per_share_4q_avg": 4.24,
            "equity": null,
            "current_ratio": null,
            "debt_ratio": null,
            "inventory_turnover_ratio": null,
            "account_receivable_turnover_ratio": null,
            "reinvestment_rate": null,
            "research_to_sale_ratio": null,
            "price_fair": 0,
            "eps_avg_yearly": 0,
            "eps_latest_yearly": 0,
            "eps_growth_yearly": 0
        },
        "20094": {
            "year_quarter": 20094,
            "year": 2009,
            "quarter": 4,
            "eps": null,
            "eps_growth_year": null,
            "eps_4q": null,
            "eps_4q_growth_year": null,
            "roe": null,
            "roe_4q": 0,
            "gross_profit": null,
            "gross_margin": null,
            "gross_margin_4q_avg": 0,
            "net_income": null,
            "revenue": null,
            "common_shares": 6640365,
            "book_valuer_per_share": 19.25,
            "book_valuer_per_share_4q_avg": 4.81,
            "equity": 12781578,
            "current_ratio": 50.24,
            "debt_ratio": 67.08,
            "inventory_turnover_ratio": null,
            "account_receivable_turnover_ratio": null,
            "reinvestment_rate": null,
            "research_to_sale_ratio": null,
            "price_fair": 0,
            "eps_avg_yearly": 0,
            "eps_latest_yearly": 0,
            "eps_growth_yearly": 0
        },
        "20101": {
            "year_quarter": 20101,
            "year": 2010,
            "quarter": 1,
            "eps": null,
            "eps_growth_year": null,
            "eps_4q": null,
            "eps_4q_growth_year": null,
            "roe": null,
            "roe_4q": 0,
            "gross_profit": null,
            "gross_margin": null,
            "gross_margin_4q_avg": 0,
            "net_income": null,
            "revenue": null,
            "common_shares": null,
            "book_valuer_per_share": null,
            "book_valuer_per_share_4q_avg": 4.81,
            "equity": null,
            "current_ratio": null,
            "debt_ratio": null,
            "inventory_turnover_ratio": null,
            "account_receivable_turnover_ratio": null,
            "reinvestment_rate": null,
            "research_to_sale_ratio": null,
            "price_fair": 0,
            "eps_avg_yearly": 0,
            "eps_latest_yearly": 0,
            "eps_growth_yearly": 0
        },
        "20102": {
            "year_quarter": 20102,
            "year": 2010,
            "quarter": 2,
            "eps": null,
            "eps_growth_year": null,
            "eps_4q": null,
            "eps_4q_growth_year": null,
            "roe": null,
            "roe_4q": 0,
            "gross_profit": null,
            "gross_margin": null,
            "gross_margin_4q_avg": 0,
            "net_income": null,
            "revenue": null,
            "common_shares": 6640365,
            "book_valuer_per_share": null,
            "book_valuer_per_share_4q_avg": 4.81,
            "equity": 13115967,
            "current_ratio": null,
            "debt_ratio": null,
            "inventory_turnover_ratio": null,
            "account_receivable_turnover_ratio": null,
            "reinvestment_rate": null,
            "research_to_sale_ratio": null,
            "price_fair": 0,
            "eps_avg_yearly": 0,
            "eps_latest_yearly": 0,
            "eps_growth_yearly": 0
        },
        "20103": {
            "year_quarter": 20103,
            "year": 2010,
            "quarter": 3,
            "eps": null,
            "eps_growth_year": null,
            "eps_4q": null,
            "eps_4q_growth_year": null,
            "roe": null,
            "roe_4q": 0,
            "gross_profit": 1335548,
            "gross_margin": null,
            "gross_margin_4q_avg": 0,
            "net_income": 236195,
            "revenue": 9887640,
            "common_shares": 6640365,
            "book_valuer_per_share": 19.88,
            "book_valuer_per_share_4q_avg": 9.78,
            "equity": 13199942,
            "current_ratio": 55.37,
            "debt_ratio": 69.31,
            "inventory_turnover_ratio": null,
            "account_receivable_turnover_ratio": null,
            "reinvestment_rate": null,
            "research_to_sale_ratio": null,
            "price_fair": 0,
            "eps_avg_yearly": 0,
            "eps_latest_yearly": 0,
            "eps_growth_yearly": 0
        },
        "20104": {
            "year_quarter": 20104,
            "year": 2010,
            "quarter": 4,
            "eps": null,
            "eps_growth_year": null,
            "eps_4q": null,
            "eps_4q_growth_year": null,
            "roe": null,
            "roe_4q": 0,
            "gross_profit": 1220353,
            "gross_margin": null,
            "gross_margin_4q_avg": 0,
            "net_income": 311074,
            "revenue": 9535237,
            "common_shares": 6464000,
            "book_valuer_per_share": 19.94,
            "book_valuer_per_share_4q_avg": 9.96,
            "equity": 12890546,
            "current_ratio": 76.77,
            "debt_ratio": 69.7,
            "inventory_turnover_ratio": null,
            "account_receivable_turnover_ratio": null,
            "reinvestment_rate": null,
            "research_to_sale_ratio": null,
            "price_fair": 0,
            "eps_avg_yearly": 0,
            "eps_latest_yearly": 0,
            "eps_growth_yearly": 0
        },
        "20111": {
            "year_quarter": 20111,
            "year": 2011,
            "quarter": 1,
            "eps": null,
            "eps_growth_year": null,
            "eps_4q": null,
            "eps_4q_growth_year": null,
            "roe": null,
            "roe_4q": 0,
            "gross_profit": 1186454,
            "gross_margin": null,
            "gross_margin_4q_avg": 0,
            "net_income": 226607,
            "revenue": 9003709,
            "common_shares": 6464000,
            "book_valuer_per_share": 20.56,
            "book_valuer_per_share_4q_avg": 15.1,
            "equity": 13290510,
            "current_ratio": 75.52,
            "debt_ratio": 69.84,
            "inventory_turnover_ratio": null,
            "account_receivable_turnover_ratio": null,
            "reinvestment_rate": null,
            "research_to_sale_ratio": null,
            "price_fair": 0,
            "eps_avg_yearly": 0,
            "eps_latest_yearly": 0,
            "eps_growth_yearly": 0
        },
        "20112": {
            "year_quarter": 20112,
            "year": 2011,
            "quarter": 2,
            "eps": 0.79,
            "eps_growth_year": null,
            "eps_4q": 0.79,
            "eps_4q_growth_year": null,
            "roe": 3.8,
            "roe_4q": 3.8,
            "gross_profit": 1484992,
            "gross_margin": 14.92,
            "gross_margin_4q_avg": 3.73,
            "net_income": 513461,
            "revenue": 9951712,
            "common_shares": 6464000,
            "book_valuer_per_share": 21.28,
            "book_valuer_per_share_4q_avg": 20.42,
            "equity": 13756217,
            "current_ratio": 73.25,
            "debt_ratio": 69.34,
            "inventory_turnover_ratio": 3.58,
            "account_receivable_turnover_ratio": 2.1,
            "reinvestment_rate": null,
            "research_to_sale_ratio": null,
            "price_fair": 0,
            "eps_avg_yearly": 0,
            "eps_latest_yearly": 0,
            "eps_growth_yearly": 0
        },
        "20113": {
            "year_quarter": 20113,
            "year": 2011,
            "quarter": 3,
            "eps": 1.22,
            "eps_growth_year": null,
            "eps_4q": 2.01,
            "eps_4q_growth_year": null,
            "roe": 5.36,
            "roe_4q": 9.16,
            "gross_profit": 1814322,
            "gross_margin": 14.87,
            "gross_margin_4q_avg": 7.45,
            "net_income": 788563,
            "revenue": 12197942,
            "common_shares": 6464000,
            "book_valuer_per_share": 24.26,
            "book_valuer_per_share_4q_avg": 21.51,
            "equity": 15684416,
            "current_ratio": 86.13,
            "debt_ratio": 69.64,
            "inventory_turnover_ratio": 3.97,
            "account_receivable_turnover_ratio": 1.2,
            "reinvestment_rate": null,
            "research_to_sale_ratio": 2.15,
            "price_fair": 170.8,
            "eps_avg_yearly": 4.88,
            "eps_latest_yearly": 4.88,
            "eps_growth_yearly": 217.72
        },
        "20114": {
            "year_quarter": 20114,
            "year": 2011,
            "quarter": 4,
            "eps": 1.24,
            "eps_growth_year": null,
            "eps_4q": 3.18,
            "eps_4q_growth_year": null,
            "roe": 4.94,
            "roe_4q": 14.100000000000001,
            "gross_profit": 2507433,
            "gross_margin": 19.1,
            "gross_margin_4q_avg": 12.22,
            "net_income": 827429,
            "revenue": 13126324,
            "common_shares": 6699290,
            "book_valuer_per_share": 26.62,
            "book_valuer_per_share_4q_avg": 23.18,
            "equity": 17832021,
            "current_ratio": 84.77,
            "debt_ratio": 67.03,
            "inventory_turnover_ratio": 3.52,
            "account_receivable_turnover_ratio": 1.2,
            "reinvestment_rate": null,
            "research_to_sale_ratio": 2.54,
            "price_fair": 172.2,
            "eps_avg_yearly": 4.92,
            "eps_latest_yearly": 4.96,
            "eps_growth_yearly": 112.14
        },
        "20121": {
            "year_quarter": 20121,
            "year": 2012,
            "quarter": 1,
            "eps": 1.47,
            "eps_growth_year": null,
            "eps_4q": 4.65,
            "eps_4q_growth_year": null,
            "roe": 5.49,
            "roe_4q": 19.59,
            "gross_profit": 2153942,
            "gross_margin": 17.35,
            "gross_margin_4q_avg": 16.56,
            "net_income": 982576,
            "revenue": 12417266,
            "common_shares": 6699290,
            "book_valuer_per_share": 26.77,
            "book_valuer_per_share_4q_avg": 24.73,
            "equity": 17932884,
            "current_ratio": 85.2,
            "debt_ratio": 65.19,
            "inventory_turnover_ratio": 3.18,
            "account_receivable_turnover_ratio": 1.13,
            "reinvestment_rate": null,
            "research_to_sale_ratio": 2.88,
            "price_fair": 183.4,
            "eps_avg_yearly": 5.24,
            "eps_latest_yearly": 5.88,
            "eps_growth_yearly": 99.49
        },
        "20122": {
            "year_quarter": 20122,
            "year": 2012,
            "quarter": 2,
            "eps": 1.27,
            "eps_growth_year": 59.74,
            "eps_4q": 4.96,
            "eps_4q_growth_year": 524.8,
            "roe": 4.93,
            "roe_4q": 20.72,
            "gross_profit": 2184295,
            "gross_margin": 18,
            "gross_margin_4q_avg": 17.33,
            "net_income": 892543,
            "revenue": 12135743,
            "common_shares": 6699290,
            "book_valuer_per_share": 27.33,
            "book_valuer_per_share_4q_avg": 26.25,
            "equity": 18309046,
            "current_ratio": 98.81,
            "debt_ratio": 66.93,
            "inventory_turnover_ratio": 2.87,
            "account_receivable_turnover_ratio": 1.06,
            "reinvestment_rate": null,
            "research_to_sale_ratio": 3.58,
            "price_fair": 182,
            "eps_avg_yearly": 5.2,
            "eps_latest_yearly": 5.08,
            "eps_growth_yearly": 61.01
        },
        "20123": {
            "year_quarter": 20123,
            "year": 2012,
            "quarter": 3,
            "eps": 1.23,
            "eps_growth_year": 1.18,
            "eps_4q": 5.08,
            "eps_4q_growth_year": 152.01,
            "roe": 4.68,
            "roe_4q": 20.04,
            "gross_profit": 2509947,
            "gross_margin": 18.83,
            "gross_margin_4q_avg": 18.32,
            "net_income": 868217,
            "revenue": 13327963,
            "common_shares": 7034255,
            "book_valuer_per_share": 26.71,
            "book_valuer_per_share_4q_avg": 26.86,
            "equity": 18789221,
            "current_ratio": 100.93,
            "debt_ratio": 66.06,
            "inventory_turnover_ratio": 2.46,
            "account_receivable_turnover_ratio": 1.08,
            "reinvestment_rate": null,
            "research_to_sale_ratio": 3.39,
            "price_fair": 180.04,
            "eps_avg_yearly": 5.14,
            "eps_latest_yearly": 4.92,
            "eps_growth_yearly": 46.29
        },
        "20124": {
            "year_quarter": 20124,
            "year": 2012,
            "quarter": 4,
            "eps": 1.98,
            "eps_growth_year": 60.49,
            "eps_4q": 5.88,
            "eps_4q_growth_year": 85.05,
            "roe": 7.12,
            "roe_4q": 22.22,
            "gross_profit": 3926869,
            "gross_margin": 22.45,
            "gross_margin_4q_avg": 19.16,
            "net_income": 1394353,
            "revenue": 17487816,
            "common_shares": 7034255,
            "book_valuer_per_share": 28.99,
            "book_valuer_per_share_4q_avg": 27.45,
            "equity": 20393533,
            "current_ratio": 94.76,
            "debt_ratio": 66.28,
            "inventory_turnover_ratio": 2.89,
            "account_receivable_turnover_ratio": 1.26,
            "reinvestment_rate": null,
            "research_to_sale_ratio": 3,
            "price_fair": 196.23,
            "eps_avg_yearly": 5.61,
            "eps_latest_yearly": 7.92,
            "eps_growth_yearly": 79.23
        },
        "20131": {
            "year_quarter": 20131,
            "year": 2013,
            "quarter": 1,
            "eps": 1.49,
            "eps_growth_year": 1.36,
            "eps_4q": 5.98,
            "eps_4q_growth_year": 28.63,
            "roe": 4.95,
            "roe_4q": 21.68,
            "gross_profit": 2308731,
            "gross_margin": 18.74,
            "gross_margin_4q_avg": 19.51,
            "net_income": 1048006,
            "revenue": 12320549,
            "common_shares": 7034255,
            "book_valuer_per_share": 31.23,
            "book_valuer_per_share_4q_avg": 28.57,
            "equity": 21968546,
            "current_ratio": 98.19,
            "debt_ratio": 62.78,
            "inventory_turnover_ratio": 2.61,
            "account_receivable_turnover_ratio": 0.84,
            "reinvestment_rate": null,
            "research_to_sale_ratio": 4.23,
            "price_fair": 198,
            "eps_avg_yearly": 5.66,
            "eps_latest_yearly": 5.96,
            "eps_growth_yearly": 53.77
        },
        "20132": {
            "year_quarter": 20132,
            "year": 2013,
            "quarter": 2,
            "eps": 1.11,
            "eps_growth_year": -12.52,
            "eps_4q": 5.59,
            "eps_4q_growth_year": 12.59,
            "roe": 3.73,
            "roe_4q": 20.48,
            "gross_profit": 2181641,
            "gross_margin": 17.64,
            "gross_margin_4q_avg": 19.42,
            "net_income": 816489,
            "revenue": 12367890,
            "common_shares": 7034255,
            "book_valuer_per_share": 30.97,
            "book_valuer_per_share_4q_avg": 29.48,
            "equity": 21784129,
            "current_ratio": 107.57,
            "debt_ratio": 62.58,
            "inventory_turnover_ratio": 2.74,
            "account_receivable_turnover_ratio": 0.92,
            "reinvestment_rate": null,
            "research_to_sale_ratio": 4.31,
            "price_fair": 192.68,
            "eps_avg_yearly": 5.51,
            "eps_latest_yearly": 4.44,
            "eps_growth_yearly": 34.29
        },
        "20133": {
            "year_quarter": 20133,
            "year": 2013,
            "quarter": 3,
            "eps": 1.94,
            "eps_growth_year": 57.18,
            "eps_4q": 6.36,
            "eps_4q_growth_year": 25.22,
            "roe": 6.41,
            "roe_4q": 22.21,
            "gross_profit": 3027248,
            "gross_margin": 17.81,
            "gross_margin_4q_avg": 19.16,
            "net_income": 1436099,
            "revenue": 16994441,
            "common_shares": 7385968,
            "book_valuer_per_share": 31.14,
            "book_valuer_per_share_4q_avg": 30.58,
            "equity": 22999666,
            "current_ratio": 107.5,
            "debt_ratio": 63.92,
            "inventory_turnover_ratio": 3.1,
            "account_receivable_turnover_ratio": 1.15,
            "reinvestment_rate": null,
            "research_to_sale_ratio": 3.26,
            "price_fair": 201.44,
            "eps_avg_yearly": 5.76,
            "eps_latest_yearly": 7.76,
            "eps_growth_yearly": 63.72
        },
        "20134": {
            "year_quarter": 20134,
            "year": 2013,
            "quarter": 4,
            "eps": 2.94,
            "eps_growth_year": 48.23,
            "eps_4q": 7.41,
            "eps_4q_growth_year": 25.92,
            "roe": 8.91,
            "roe_4q": 24,
            "gross_profit": 4375975,
            "gross_margin": 19.19,
            "gross_margin_4q_avg": 18.35,
            "net_income": 2170218,
            "revenue": 22800265,
            "common_shares": 7385968,
            "book_valuer_per_share": 34.81,
            "book_valuer_per_share_4q_avg": 32.04,
            "equity": 25714094,
            "current_ratio": 129.31,
            "debt_ratio": 64.06,
            "inventory_turnover_ratio": 3.75,
            "account_receivable_turnover_ratio": 1.12,
            "reinvestment_rate": null,
            "research_to_sale_ratio": 2.47,
            "price_fair": 222.46,
            "eps_avg_yearly": 6.36,
            "eps_latest_yearly": 11.76,
            "eps_growth_yearly": 77.96
        },
        "20141": {
            "year_quarter": 20141,
            "year": 2014,
            "quarter": 1,
            "eps": 1.23,
            "eps_growth_year": -17.45,
            "eps_4q": 7.22,
            "eps_4q_growth_year": 20.87,
            "roe": 3.5,
            "roe_4q": 22.55,
            "gross_profit": 2377605,
            "gross_margin": 16.02,
            "gross_margin_4q_avg": 17.67,
            "net_income": 911493,
            "revenue": 14845412,
            "common_shares": 7385968,
            "book_valuer_per_share": 35.72,
            "book_valuer_per_share_4q_avg": 33.16,
            "equity": 26380908,
            "current_ratio": 152.12,
            "debt_ratio": 59.95,
            "inventory_turnover_ratio": 2.8,
            "account_receivable_turnover_ratio": 0.75,
            "reinvestment_rate": null,
            "research_to_sale_ratio": 3.39,
            "price_fair": 217.89,
            "eps_avg_yearly": 6.23,
            "eps_latest_yearly": 4.92,
            "eps_growth_yearly": 49.73
        },
        "20142": {
            "year_quarter": 20142,
            "year": 2014,
            "quarter": 2,
            "eps": 1.33,
            "eps_growth_year": 19.82,
            "eps_4q": 7.45,
            "eps_4q_growth_year": 33.31,
            "roe": 3.78,
            "roe_4q": 22.599999999999998,
            "gross_profit": 2456192,
            "gross_margin": 15.41,
            "gross_margin_4q_avg": 17.11,
            "net_income": 983812,
            "revenue": 15942439,
            "common_shares": 7385968,
            "book_valuer_per_share": 34.7,
            "book_valuer_per_share_4q_avg": 34.09,
            "equity": 25630395,
            "current_ratio": 135.18,
            "debt_ratio": 64.3,
            "inventory_turnover_ratio": 3.07,
            "account_receivable_turnover_ratio": 0.99,
            "reinvestment_rate": 17.25,
            "research_to_sale_ratio": 3.79,
            "price_fair": 215.25,
            "eps_avg_yearly": 6.15,
            "eps_latest_yearly": 5.32,
            "eps_growth_yearly": 48.29
        },
        "20143": {
            "year_quarter": 20143,
            "year": 2014,
            "quarter": 3,
            "eps": 2.16,
            "eps_growth_year": 11.34,
            "eps_4q": 7.66,
            "eps_4q_growth_year": 20.54,
            "roe": 5.94,
            "roe_4q": 22.130000000000003,
            "gross_profit": 3610171,
            "gross_margin": 18.79,
            "gross_margin_4q_avg": 17.35,
            "net_income": 1593850,
            "revenue": 19214449,
            "common_shares": 7386311,
            "book_valuer_per_share": 37.98,
            "book_valuer_per_share_4q_avg": 35.8,
            "equity": 28049529,
            "current_ratio": 137.99,
            "debt_ratio": 63.19,
            "inventory_turnover_ratio": 2.75,
            "account_receivable_turnover_ratio": 1.07,
            "reinvestment_rate": 23.08,
            "research_to_sale_ratio": 3.97,
            "price_fair": 221.95,
            "eps_avg_yearly": 6.34,
            "eps_latest_yearly": 8.64,
            "eps_growth_yearly": 63.78
        },
        "20144": {
            "year_quarter": 20144,
            "year": 2014,
            "quarter": 4,
            "eps": 4.39,
            "eps_growth_year": 49.54,
            "eps_4q": 9.12,
            "eps_4q_growth_year": 23.1,
            "roe": 10.81,
            "roe_4q": 24.03,
            "gross_profit": 5878876,
            "gross_margin": 22.65,
            "gross_margin_4q_avg": 18.22,
            "net_income": 3245529,
            "revenue": 25951240,
            "common_shares": 7386311,
            "book_valuer_per_share": 43.35,
            "book_valuer_per_share_4q_avg": 37.94,
            "equity": 32022745,
            "current_ratio": 134.22,
            "debt_ratio": 62.54,
            "inventory_turnover_ratio": 3.18,
            "account_receivable_turnover_ratio": 1.27,
            "reinvestment_rate": 22.02,
            "research_to_sale_ratio": 3.37,
            "price_fair": 250,
            "eps_avg_yearly": 7.14,
            "eps_latest_yearly": 17.56,
            "eps_growth_yearly": 88.72
        },
        "20151": {
            "year_quarter": 20151,
            "year": 2015,
            "quarter": 1,
            "eps": 1.85,
            "eps_growth_year": 50.41,
            "eps_4q": 9.38,
            "eps_4q_growth_year": 29.81,
            "roe": 4.06,
            "roe_4q": 24.590000000000003,
            "gross_profit": 3116161,
            "gross_margin": 17.53,
            "gross_margin_4q_avg": 18.6,
            "net_income": 1374914,
            "revenue": 17772284,
            "common_shares": 7677681,
            "book_valuer_per_share": 46.6,
            "book_valuer_per_share_4q_avg": 40.66,
            "equity": 35779017,
            "current_ratio": 156.49,
            "debt_ratio": 55.4,
            "inventory_turnover_ratio": 2.65,
            "account_receivable_turnover_ratio": 1.02,
            "reinvestment_rate": 18.78,
            "research_to_sale_ratio": 4.01,
            "price_fair": 250.6,
            "eps_avg_yearly": 7.16,
            "eps_latest_yearly": 7.4,
            "eps_growth_yearly": 67.38
        },
        "20152": {
            "year_quarter": 20152,
            "year": 2015,
            "quarter": 2,
            "eps": 1.91,
            "eps_growth_year": 43.61,
            "eps_4q": 9.63,
            "eps_4q_growth_year": 29.24,
            "roe": 4.2,
            "roe_4q": 25.01,
            "gross_profit": 3190888,
            "gross_margin": 17.09,
            "gross_margin_4q_avg": 19.02,
            "net_income": 1532906,
            "revenue": 18667167,
            "common_shares": 8047484,
            "book_valuer_per_share": 46.21,
            "book_valuer_per_share_4q_avg": 43.54,
            "equity": 37190709,
            "current_ratio": 135.18,
            "debt_ratio": 55.27,
            "inventory_turnover_ratio": 2.85,
            "account_receivable_turnover_ratio": 1.31,
            "reinvestment_rate": 14.88,
            "research_to_sale_ratio": 3.98,
            "price_fair": 251.65,
            "eps_avg_yearly": 7.19,
            "eps_latest_yearly": 7.64,
            "eps_growth_yearly": 63.98
        },
        "20153": {
            "year_quarter": 20153,
            "year": 2015,
            "quarter": 3,
            "eps": 2.67,
            "eps_growth_year": 23.61,
            "eps_4q": 10.32,
            "eps_4q_growth_year": 34.68,
            "roe": 5.53,
            "roe_4q": 24.6,
            "gross_profit": 4934152,
            "gross_margin": 21.99,
            "gross_margin_4q_avg": 19.82,
            "net_income": 2150941,
            "revenue": 22441823,
            "common_shares": 8047484,
            "book_valuer_per_share": 50.43,
            "book_valuer_per_share_4q_avg": 46.65,
            "equity": 40582793,
            "current_ratio": 137.37,
            "debt_ratio": 54.51,
            "inventory_turnover_ratio": 2.25,
            "account_receivable_turnover_ratio": 1.27,
            "reinvestment_rate": 25.25,
            "research_to_sale_ratio": 4.08,
            "price_fair": 264.34,
            "eps_avg_yearly": 7.55,
            "eps_latest_yearly": 10.68,
            "eps_growth_yearly": 60.32
        },
        "20154": {
            "year_quarter": 20154,
            "year": 2015,
            "quarter": 4,
            "eps": 3.32,
            "eps_growth_year": -24.44,
            "eps_4q": 9.61,
            "eps_4q_growth_year": 5.36,
            "roe": 6.45,
            "roe_4q": 20.24,
            "gross_profit": 5186233,
            "gross_margin": 19.31,
            "gross_margin_4q_avg": 18.98,
            "net_income": 2671959,
            "revenue": 26856462,
            "common_shares": 8047484,
            "book_valuer_per_share": 52.5,
            "book_valuer_per_share_4q_avg": 48.94,
            "equity": 42252533,
            "current_ratio": 144.77,
            "debt_ratio": 53.7,
            "inventory_turnover_ratio": 2.77,
            "account_receivable_turnover_ratio": 1.5,
            "reinvestment_rate": 19.22,
            "research_to_sale_ratio": 4.34,
            "price_fair": 282.54,
            "eps_avg_yearly": 8.07,
            "eps_latest_yearly": 13.28,
            "eps_growth_yearly": 65.99
        },
        "20161": {
            "year_quarter": 20161,
            "year": 2016,
            "quarter": 1,
            "eps": 0.39,
            "eps_growth_year": -78.92,
            "eps_4q": 8.28,
            "eps_4q_growth_year": -11.64,
            "roe": 0.74,
            "roe_4q": 16.92,
            "gross_profit": 2447289,
            "gross_margin": 15.89,
            "gross_margin_4q_avg": 18.57,
            "net_income": 310967,
            "revenue": 15397803,
            "common_shares": 8047484,
            "book_valuer_per_share": 52.16,
            "book_valuer_per_share_4q_avg": 50.33,
            "equity": 41972450,
            "current_ratio": 146.56,
            "debt_ratio": 51.09,
            "inventory_turnover_ratio": 2.13,
            "account_receivable_turnover_ratio": 1.14,
            "reinvestment_rate": 24.17,
            "research_to_sale_ratio": 5.7,
            "price_fair": 273.09,
            "eps_avg_yearly": 7.8,
            "eps_latest_yearly": 1.56,
            "eps_growth_yearly": 39.29
        },
        "20162": {
            "year_quarter": 20162,
            "year": 2016,
            "quarter": 2,
            "eps": 0.4,
            "eps_growth_year": -79.06,
            "eps_4q": 6.78,
            "eps_4q_growth_year": -29.62,
            "roe": 0.8,
            "roe_4q": 13.52,
            "gross_profit": 1911472,
            "gross_margin": 12.31,
            "gross_margin_4q_avg": 17.38,
            "net_income": 318519,
            "revenue": 15522646,
            "common_shares": 8047484,
            "book_valuer_per_share": 46.7,
            "book_valuer_per_share_4q_avg": 50.45,
            "equity": 37580141,
            "current_ratio": 123.36,
            "debt_ratio": 54.07,
            "inventory_turnover_ratio": 2.24,
            "account_receivable_turnover_ratio": 1.37,
            "reinvestment_rate": 20.69,
            "research_to_sale_ratio": 5.8,
            "price_fair": 265.48,
            "eps_avg_yearly": 7.59,
            "eps_latest_yearly": 1.6,
            "eps_growth_yearly": 43.34
        },
        "20163": {
            "year_quarter": 20163,
            "year": 2016,
            "quarter": 3,
            "eps": 1.76,
            "eps_growth_year": -34.08,
            "eps_4q": 5.87,
            "eps_4q_growth_year": -43.16,
            "roe": 3.76,
            "roe_4q": 11.75,
            "gross_profit": 3809766,
            "gross_margin": 17.25,
            "gross_margin_4q_avg": 16.19,
            "net_income": 1418714,
            "revenue": 22085152,
            "common_shares": 8047484,
            "book_valuer_per_share": 47.2,
            "book_valuer_per_share_4q_avg": 49.64,
            "equity": 37982079,
            "current_ratio": 124.29,
            "debt_ratio": 56.38,
            "inventory_turnover_ratio": 2.32,
            "account_receivable_turnover_ratio": 1.55,
            "reinvestment_rate": 22.73,
            "research_to_sale_ratio": 4.71,
            "price_fair": 270.11,
            "eps_avg_yearly": 7.72,
            "eps_latest_yearly": 7.04,
            "eps_growth_yearly": 129.12
        },
        "20164": {
            "year_quarter": 20164,
            "year": 2016,
            "quarter": 4,
            "eps": 1.75,
            "eps_growth_year": -47.31,
            "eps_4q": 4.29,
            "eps_4q_growth_year": -55.29,
            "roe": 3.69,
            "roe_4q": 8.99,
            "gross_profit": 4372997,
            "gross_margin": 14.88,
            "gross_margin_4q_avg": 15.08,
            "net_income": 1407986,
            "revenue": 29387032,
            "common_shares": 8047484,
            "book_valuer_per_share": 47.51,
            "book_valuer_per_share_4q_avg": 48.39,
            "equity": 38230357,
            "current_ratio": 129.59,
            "debt_ratio": 59.72,
            "inventory_turnover_ratio": 2.94,
            "account_receivable_turnover_ratio": 1.63,
            "reinvestment_rate": 22.68,
            "research_to_sale_ratio": 3.22,
            "price_fair": 268.1,
            "eps_avg_yearly": 7.66,
            "eps_latest_yearly": 7,
            "eps_growth_yearly": 113.74
        },
        "20171": {
            "year_quarter": 20171,
            "year": 2017,
            "quarter": 1,
            "eps": 0.44,
            "eps_growth_year": 12.82,
            "eps_4q": 4.35,
            "eps_4q_growth_year": -47.51,
            "roe": 0.98,
            "roe_4q": 9.23,
            "gross_profit": 2546017,
            "gross_margin": 14.53,
            "gross_margin_4q_avg": 14.74,
            "net_income": 385112,
            "revenue": 17520147,
            "common_shares": 8047484,
            "book_valuer_per_share": 45.58,
            "book_valuer_per_share_4q_avg": 46.75,
            "equity": 40532915,
            "current_ratio": 144.65,
            "debt_ratio": 54.69,
            "inventory_turnover_ratio": 2.23,
            "account_receivable_turnover_ratio": 1.12,
            "reinvestment_rate": 15.9,
            "research_to_sale_ratio": 5.23,
            "price_fair": 258.91,
            "eps_avg_yearly": 7.4,
            "eps_latest_yearly": 1.76,
            "eps_growth_yearly": 101.21
        },
        "20172": {
            "year_quarter": 20172,
            "year": 2017,
            "quarter": 2,
            "eps": 0.24,
            "eps_growth_year": -40,
            "eps_4q": 4.19,
            "eps_4q_growth_year": -38.09,
            "roe": 0.62,
            "roe_4q": 9.05,
            "gross_profit": 2062062,
            "gross_margin": 13.1,
            "gross_margin_4q_avg": 14.94,
            "net_income": 251825,
            "revenue": 15742219,
            "common_shares": 8047484,
            "book_valuer_per_share": 38.34,
            "book_valuer_per_share_4q_avg": 44.66,
            "equity": 40066098,
            "current_ratio": 194.79,
            "debt_ratio": 58.76,
            "inventory_turnover_ratio": 1.99,
            "account_receivable_turnover_ratio": 1.28,
            "reinvestment_rate": 22.3,
            "research_to_sale_ratio": 7.36,
            "price_fair": 251.3,
            "eps_avg_yearly": 7.18,
            "eps_latest_yearly": 0.96,
            "eps_growth_yearly": 96.22
        },
        "20173": {
            "year_quarter": 20173,
            "year": 2017,
            "quarter": 3,
            "eps": 2.12,
            "eps_growth_year": 20.45,
            "eps_4q": 4.55,
            "eps_4q_growth_year": -22.45,
            "roe": 5.6,
            "roe_4q": 10.889999999999999,
            "gross_profit": 5180899,
            "gross_margin": 16.49,
            "gross_margin_4q_avg": 14.75,
            "net_income": 2334392,
            "revenue": 31418449,
            "common_shares": 8047484,
            "book_valuer_per_share": 41.34,
            "book_valuer_per_share_4q_avg": 43.19,
            "equity": 43247967,
            "current_ratio": 160.32,
            "debt_ratio": 62.55,
            "inventory_turnover_ratio": 2.86,
            "account_receivable_turnover_ratio": 1.68,
            "reinvestment_rate": 30.56,
            "research_to_sale_ratio": 3.99,
            "price_fair": 252.88,
            "eps_avg_yearly": 7.23,
            "eps_latest_yearly": 8.48,
            "eps_growth_yearly": 273.36
        },
        "20174": {
            "year_quarter": 20174,
            "year": 2017,
            "quarter": 4,
            "eps": 3.63,
            "eps_growth_year": 107.4,
            "eps_4q": 6.43,
            "eps_4q_growth_year": 49.66,
            "roe": 7.72,
            "roe_4q": 14.92,
            "gross_profit": 8044457,
            "gross_margin": 18.05,
            "gross_margin_4q_avg": 15.54,
            "net_income": 3800454,
            "revenue": 44556916,
            "common_shares": 8047484,
            "book_valuer_per_share": 55.1,
            "book_valuer_per_share_4q_avg": 45.09,
            "equity": 55261319,
            "current_ratio": 147.46,
            "debt_ratio": 55.33,
            "inventory_turnover_ratio": 3.31,
            "account_receivable_turnover_ratio": 1.6,
            "reinvestment_rate": 37.22,
            "research_to_sale_ratio": 3.14,
            "price_fair": 258.91,
            "eps_avg_yearly": 7.4,
            "eps_latest_yearly": 14.52,
            "eps_growth_yearly": 278.28
        },
        "20181": {
            "year_quarter": 20181,
            "year": 2018,
            "quarter": 1,
            "eps": 0.47,
            "eps_growth_year": 6.82,
            "eps_4q": 6.46,
            "eps_4q_growth_year": 48.5,
            "roe": 0.99,
            "roe_4q": 14.929999999999998,
            "gross_profit": 3472671,
            "gross_margin": 15.29,
            "gross_margin_4q_avg": 15.73,
            "net_income": 554543,
            "revenue": 22716722,
            "common_shares": 8047484,
            "book_valuer_per_share": 56.59,
            "book_valuer_per_share_4q_avg": 47.84,
            "equity": 56786710,
            "current_ratio": 168.65,
            "debt_ratio": 46.23,
            "inventory_turnover_ratio": 2,
            "account_receivable_turnover_ratio": 1.06,
            "reinvestment_rate": 46.34,
            "research_to_sale_ratio": 4.68,
            "price_fair": 252.26,
            "eps_avg_yearly": 7.21,
            "eps_latest_yearly": 1.88,
            "eps_growth_yearly": 271.06
        },
        "20182": {
            "year_quarter": 20182,
            "year": 2018,
            "quarter": 2,
            "eps": 0.93,
            "eps_growth_year": 287.5,
            "eps_4q": 7.15,
            "eps_4q_growth_year": 70.38,
            "roe": 1.82,
            "roe_4q": 16.13,
            "gross_profit": 3616032,
            "gross_margin": 17.46,
            "gross_margin_4q_avg": 16.82,
            "net_income": 1004929,
            "revenue": 20707576,
            "common_shares": 8047484,
            "book_valuer_per_share": 53.54,
            "book_valuer_per_share_4q_avg": 51.64,
            "equity": 53696595,
            "current_ratio": 107.6,
            "debt_ratio": 53.34,
            "inventory_turnover_ratio": 1.88,
            "account_receivable_turnover_ratio": 1.46,
            "reinvestment_rate": 52.52,
            "research_to_sale_ratio": 5.81,
            "price_fair": 248.76,
            "eps_avg_yearly": 7.11,
            "eps_latest_yearly": 3.72,
            "eps_growth_yearly": 293.49
        },
        "20183": {
            "year_quarter": 20183,
            "year": 2018,
            "quarter": 3,
            "eps": 4.67,
            "eps_growth_year": 120.28,
            "eps_4q": 9.7,
            "eps_4q_growth_year": 113.26,
            "roe": 7.73,
            "roe_4q": 18.26,
            "gross_profit": 9103954,
            "gross_margin": 25.76,
            "gross_margin_4q_avg": 19.14,
            "net_income": 4872197,
            "revenue": 35346568,
            "common_shares": 8047484,
            "book_valuer_per_share": 64.68,
            "book_valuer_per_share_4q_avg": 57.48,
            "equity": 72372892,
            "current_ratio": 137.58,
            "debt_ratio": 46.32,
            "inventory_turnover_ratio": 2.45,
            "account_receivable_turnover_ratio": 1.7,
            "reinvestment_rate": 43.26,
            "research_to_sale_ratio": 4.75,
            "price_fair": 270.73,
            "eps_avg_yearly": 7.74,
            "eps_latest_yearly": 18.68,
            "eps_growth_yearly": 378.43
        },
        "20184": {
            "year_quarter": 20184,
            "year": 2018,
            "quarter": 4,
            "eps": 4.43,
            "eps_growth_year": 21.99,
            "eps_4q": 10.5,
            "eps_4q_growth_year": 63.32,
            "roe": 6.78,
            "roe_4q": 17.32,
            "gross_profit": 9868291,
            "gross_margin": 25.21,
            "gross_margin_4q_avg": 20.93,
            "net_income": 5104826,
            "revenue": 39142015,
            "common_shares": 8047484,
            "book_valuer_per_share": 69.66,
            "book_valuer_per_share_4q_avg": 61.12,
            "equity": 78108580,
            "current_ratio": 171.49,
            "debt_ratio": 44.25,
            "inventory_turnover_ratio": 2.74,
            "account_receivable_turnover_ratio": 1.57,
            "reinvestment_rate": 47.2,
            "research_to_sale_ratio": 4.32,
            "price_fair": 271.08,
            "eps_avg_yearly": 7.75,
            "eps_latest_yearly": 17.72,
            "eps_growth_yearly": 351.34
        },
        "20191": {
            "year_quarter": 20191,
            "year": 2019,
            "quarter": 1,
            "eps": 0.48,
            "eps_growth_year": 2.13,
            "eps_4q": 10.49,
            "eps_4q_growth_year": 62.48,
            "roe": 0.8,
            "roe_4q": 17.13,
            "gross_profit": 3100132,
            "gross_margin": 15.97,
            "gross_margin_4q_avg": 21.1,
            "net_income": 632900,
            "revenue": 19413186,
            "common_shares": 8055497,
            "book_valuer_per_share": 72.11,
            "book_valuer_per_share_4q_avg": 65,
            "equity": 80632211,
            "current_ratio": 201.26,
            "debt_ratio": 37.27,
            "inventory_turnover_ratio": 1.88,
            "account_receivable_turnover_ratio": 1.02,
            "reinvestment_rate": 53.56,
            "research_to_sale_ratio": 4.22,
            "price_fair": 259.09,
            "eps_avg_yearly": 7.4,
            "eps_latest_yearly": 1.92,
            "eps_growth_yearly": 343.51
        },
        "20192": {
            "year_quarter": 20192,
            "year": 2019,
            "quarter": 2,
            "eps": 1.37,
            "eps_growth_year": 47.31,
            "eps_4q": 9.89,
            "eps_4q_growth_year": 38.32,
            "roe": 2.16,
            "roe_4q": 17.47,
            "gross_profit": 4624543,
            "gross_margin": 20.04,
            "gross_margin_4q_avg": 21.75,
            "net_income": 1784966,
            "revenue": 23080231,
            "common_shares": 9022299,
            "book_valuer_per_share": 69.97,
            "book_valuer_per_share_4q_avg": 69.11,
            "equity": 84510273,
            "current_ratio": 207.85,
            "debt_ratio": 35.78,
            "inventory_turnover_ratio": 2.18,
            "account_receivable_turnover_ratio": 1.52,
            "reinvestment_rate": 59.24,
            "research_to_sale_ratio": 7.48,
            "price_fair": 254.36,
            "eps_avg_yearly": 7.27,
            "eps_latest_yearly": 5.48,
            "eps_growth_yearly": 389.05
        },
        "20193": {
            "year_quarter": 20193,
            "year": 2019,
            "quarter": 3,
            "eps": 3.8,
            "eps_growth_year": -18.63,
            "eps_4q": 9.5,
            "eps_4q_growth_year": -2.1,
            "roe": 5.61,
            "roe_4q": 15.350000000000001,
            "gross_profit": 8354893,
            "gross_margin": 23.47,
            "gross_margin_4q_avg": 21.17,
            "net_income": 4789904,
            "revenue": 35601549,
            "common_shares": 9022299,
            "book_valuer_per_share": 71.19,
            "book_valuer_per_share_4q_avg": 70.73,
            "equity": 86170366,
            "current_ratio": 195.7,
            "debt_ratio": 38.86,
            "inventory_turnover_ratio": 2.63,
            "account_receivable_turnover_ratio": 1.62,
            "reinvestment_rate": 45.23,
            "research_to_sale_ratio": 4.24,
            "price_fair": 264.25,
            "eps_avg_yearly": 7.55,
            "eps_latest_yearly": 15.2,
            "eps_growth_yearly": 423.45
        },
        "20194": {
            "year_quarter": 20194,
            "year": 2019,
            "quarter": 4,
            "eps": 4.08,
            "eps_growth_year": -7.85,
            "eps_4q": 9.63,
            "eps_4q_growth_year": -8.3,
            "roe": 5.88,
            "roe_4q": 14.450000000000001,
            "gross_profit": 11142441,
            "gross_margin": 26.55,
            "gross_margin_4q_avg": 21.51,
            "net_income": 5193847,
            "revenue": 41972542,
            "common_shares": 9022299,
            "book_valuer_per_share": 74.44,
            "book_valuer_per_share_4q_avg": 71.93,
            "equity": 90344101,
            "current_ratio": 213.16,
            "debt_ratio": 35.41,
            "inventory_turnover_ratio": 3.16,
            "account_receivable_turnover_ratio": 1.54,
            "reinvestment_rate": 54.11,
            "research_to_sale_ratio": 4.97,
            "price_fair": 270.9,
            "eps_avg_yearly": 7.74,
            "eps_latest_yearly": 16.32,
            "eps_growth_yearly": 419.2
        },
        "20201": {
            "year_quarter": 20201,
            "year": 2020,
            "quarter": 1,
            "eps": 0.97,
            "eps_growth_year": 102.08,
            "eps_4q": 10.17,
            "eps_4q_growth_year": -3.08,
            "roe": 1.4,
            "roe_4q": 15.05,
            "gross_profit": 3086936,
            "gross_margin": 17.63,
            "gross_margin_4q_avg": 21.92,
            "net_income": 1264095,
            "revenue": 17512438,
            "common_shares": 9022299,
            "book_valuer_per_share": 74.61,
            "book_valuer_per_share_4q_avg": 72.55,
            "equity": 90638380,
            "current_ratio": 243.31,
            "debt_ratio": 31.63,
            "inventory_turnover_ratio": 1.46,
            "account_receivable_turnover_ratio": 0.84,
            "reinvestment_rate": 50.21,
            "research_to_sale_ratio": 5.13,
            "price_fair": 275.98,
            "eps_avg_yearly": 7.89,
            "eps_latest_yearly": 3.88,
            "eps_growth_yearly": 422.21
        },
        "20202": {
            "year_quarter": 20202,
            "year": 2020,
            "quarter": 2,
            "eps": 1.41,
            "eps_growth_year": 2.92,
            "eps_4q": 10.23,
            "eps_4q_growth_year": 3.51,
            "roe": 2.08,
            "roe_4q": 14.969999999999999,
            "gross_profit": 4687381,
            "gross_margin": 17.69,
            "gross_margin_4q_avg": 21.34,
            "net_income": 1847633,
            "revenue": 26490069,
            "common_shares": 9022299,
            "book_valuer_per_share": 71.56,
            "book_valuer_per_share_4q_avg": 72.95,
            "equity": 86797681,
            "current_ratio": 208,
            "debt_ratio": 40.38,
            "inventory_turnover_ratio": 2.12,
            "account_receivable_turnover_ratio": 1.57,
            "reinvestment_rate": 56.89,
            "research_to_sale_ratio": 4.45,
            "price_fair": 284.81,
            "eps_avg_yearly": 8.14,
            "eps_latest_yearly": 5.64,
            "eps_growth_yearly": 432.91
        },
        "20203": {
            "year_quarter": 20203,
            "year": 2020,
            "quarter": 3,
            "eps": 1.81,
            "eps_growth_year": -52.37,
            "eps_4q": 8.27,
            "eps_4q_growth_year": -12.96,
            "roe": 2.64,
            "roe_4q": 12,
            "gross_profit": 6204005,
            "gross_margin": 19.34,
            "gross_margin_4q_avg": 20.3,
            "net_income": 2341411,
            "revenue": 32076905,
            "common_shares": 9022299,
            "book_valuer_per_share": 74.56,
            "book_valuer_per_share_4q_avg": 73.79,
            "equity": 90585228,
            "current_ratio": 209.46,
            "debt_ratio": 37.97,
            "inventory_turnover_ratio": 2.1,
            "account_receivable_turnover_ratio": 1.54,
            "reinvestment_rate": 80.91,
            "research_to_sale_ratio": 4.42,
            "price_fair": 285.25,
            "eps_avg_yearly": 8.15,
            "eps_latest_yearly": 7.24,
            "eps_growth_yearly": 355
        },
        "20204": {
            "year_quarter": 20204,
            "year": 2020,
            "quarter": 4,
            "eps": 4.57,
            "eps_growth_year": 12.02,
            "eps_4q": 8.57,
            "eps_4q_growth_year": -11.01,
            "roe": 6.22,
            "roe_4q": 12.34,
            "gross_profit": 12605826,
            "gross_margin": 22.84,
            "gross_margin_4q_avg": 19.38,
            "net_income": 6055151,
            "revenue": 55199125,
            "common_shares": 9470492,
            "book_valuer_per_share": 82.99,
            "book_valuer_per_share_4q_avg": 75.93,
            "equity": 104037876,
            "current_ratio": 156.58,
            "debt_ratio": 42.56,
            "inventory_turnover_ratio": 3,
            "account_receivable_turnover_ratio": 1.97,
            "reinvestment_rate": 119.82,
            "research_to_sale_ratio": 3.71,
            "price_fair": 309.93,
            "eps_avg_yearly": 8.86,
            "eps_latest_yearly": 18.28,
            "eps_growth_yearly": 393.27
        },
        "20211": {
            "year_quarter": 20211,
            "year": 2021,
            "quarter": 1,
            "eps": 1,
            "eps_growth_year": 3.09,
            "eps_4q": 8.65,
            "eps_4q_growth_year": -14.97,
            "roe": 1.36,
            "roe_4q": 12.3,
            "gross_profit": 4751972,
            "gross_margin": 17.47,
            "gross_margin_4q_avg": 19.34,
            "net_income": 1390773,
            "revenue": 27193100,
            "common_shares": 9470492,
            "book_valuer_per_share": 78.94,
            "book_valuer_per_share_4q_avg": 77.01,
            "equity": 101077348,
            "current_ratio": 147.2,
            "debt_ratio": 42.72,
            "inventory_turnover_ratio": 1.5,
            "account_receivable_turnover_ratio": 1.01,
            "reinvestment_rate": 135.62,
            "research_to_sale_ratio": 5.99,
            "price_fair": 314.83,
            "eps_avg_yearly": 9,
            "eps_latest_yearly": 4,
            "eps_growth_yearly": 392.45
        },
        "20212": {
            "year_quarter": 20212,
            "year": 2021,
            "quarter": 2,
            "eps": 0.8,
            "eps_growth_year": -43.26,
            "eps_4q": 8.1,
            "eps_4q_growth_year": -20.84,
            "roe": 1.09,
            "roe_4q": 11.31,
            "gross_profit": 4835622,
            "gross_margin": 16.24,
            "gross_margin_4q_avg": 18.97,
            "net_income": 1098356,
            "revenue": 29768200,
            "common_shares": 9470492,
            "book_valuer_per_share": 79.28,
            "book_valuer_per_share_4q_avg": 78.94,
            "equity": 100653395,
            "current_ratio": 156.61,
            "debt_ratio": 42.63,
            "inventory_turnover_ratio": 1.38,
            "account_receivable_turnover_ratio": 1.41,
            "reinvestment_rate": 141.87,
            "research_to_sale_ratio": 6.54,
            "price_fair": 319.73,
            "eps_avg_yearly": 9.14,
            "eps_latest_yearly": 3.2,
            "eps_growth_yearly": 398.81
        },
        "20213": {
            "year_quarter": 20213,
            "year": 2021,
            "quarter": 3,
            "eps": 3.25,
            "eps_growth_year": 79.56,
            "eps_4q": 9.63,
            "eps_4q_growth_year": 16.51,
            "roe": 4.23,
            "roe_4q": 12.9,
            "gross_profit": 8782851,
            "gross_margin": 21.1,
            "gross_margin_4q_avg": 19.41,
            "net_income": 4344674,
            "revenue": 41618582,
            "common_shares": 9470492,
            "book_valuer_per_share": 82.53,
            "book_valuer_per_share_4q_avg": 80.94,
            "equity": 104959181,
            "current_ratio": 147.27,
            "debt_ratio": 44.82,
            "inventory_turnover_ratio": 1.41,
            "account_receivable_turnover_ratio": 1.63,
            "reinvestment_rate": 147.22,
            "research_to_sale_ratio": 4.62,
            "price_fair": 329.61,
            "eps_avg_yearly": 9.42,
            "eps_latest_yearly": 13,
            "eps_growth_yearly": 279.54
        },
        "20214": {
            "year_quarter": 20214,
            "year": 2021,
            "quarter": 4,
            "eps": 5.15,
            "eps_growth_year": 12.78,
            "eps_4q": 10.21,
            "eps_4q_growth_year": 19.23,
            "roe": 6.28,
            "roe_4q": 12.96,
            "gross_profit": 12167041,
            "gross_margin": 21.56,
            "gross_margin_4q_avg": 19.09,
            "net_income": 6860565,
            "revenue": 56442315,
            "common_shares": 9470492,
            "book_valuer_per_share": 89.28,
            "book_valuer_per_share_4q_avg": 82.51,
            "equity": 113519939,
            "current_ratio": 168.66,
            "debt_ratio": 42.01,
            "inventory_turnover_ratio": 1.97,
            "account_receivable_turnover_ratio": 1.7,
            "reinvestment_rate": 144.09,
            "research_to_sale_ratio": 3.2,
            "price_fair": 342.91,
            "eps_avg_yearly": 9.8,
            "eps_latest_yearly": 20.6,
            "eps_growth_yearly": 276.35
        },
        "20221": {
            "year_quarter": 20221,
            "year": 2022,
            "quarter": 1,
            "eps": 1.98,
            "eps_growth_year": 98,
            "eps_4q": 11.19,
            "eps_4q_growth_year": 29.44,
            "roe": 2.4,
            "roe_4q": 14,
            "gross_profit": 6386864,
            "gross_margin": 18.83,
            "gross_margin_4q_avg": 19.43,
            "net_income": 2775493,
            "revenue": 33915240,
            "common_shares": 9470492,
            "book_valuer_per_share": 90.64,
            "book_valuer_per_share_4q_avg": 85.43,
            "equity": 118034776,
            "current_ratio": 165.75,
            "debt_ratio": 41.15,
            "inventory_turnover_ratio": 1.47,
            "account_receivable_turnover_ratio": 1.07,
            "reinvestment_rate": 153.88,
            "research_to_sale_ratio": 4.82,
            "price_fair": 356.13,
            "eps_avg_yearly": 10.18,
            "eps_latest_yearly": 7.92,
            "eps_growth_yearly": 282.73
        },
        "20222": {
            "year_quarter": 20222,
            "year": 2022,
            "quarter": 2,
            "eps": 2.79,
            "eps_growth_year": 248.75,
            "eps_4q": 13.18,
            "eps_4q_growth_year": 62.65,
            "roe": 3.15,
            "roe_4q": 16.060000000000002,
            "gross_profit": 6602638,
            "gross_margin": 19.12,
            "gross_margin_4q_avg": 20.15,
            "net_income": 3730196,
            "revenue": 34534315,
            "common_shares": 9470492,
            "book_valuer_per_share": 92.03,
            "book_valuer_per_share_4q_avg": 88.62,
            "equity": 118551409,
            "current_ratio": 142.6,
            "debt_ratio": 42.67,
            "inventory_turnover_ratio": 1.37,
            "account_receivable_turnover_ratio": 1.36,
            "reinvestment_rate": 151.68,
            "research_to_sale_ratio": 5.38,
            "price_fair": 372.4,
            "eps_avg_yearly": 10.64,
            "eps_latest_yearly": 11.16,
            "eps_growth_yearly": 268.49
        },
        "20223": {
            "year_quarter": 20223,
            "year": 2022,
            "quarter": 3,
            "eps": 5.27,
            "eps_growth_year": 62.15,
            "eps_4q": 15.2,
            "eps_4q_growth_year": 57.83,
            "roe": 5.82,
            "roe_4q": 17.650000000000002,
            "gross_profit": 12985831,
            "gross_margin": 25.97,
            "gross_margin_4q_avg": 21.37,
            "net_income": 7171976,
            "revenue": 50004714,
            "common_shares": 9470492,
            "book_valuer_per_share": 98.95,
            "book_valuer_per_share_4q_avg": 92.73,
            "equity": 127832853,
            "current_ratio": 152.08,
            "debt_ratio": 44.35,
            "inventory_turnover_ratio": 1.65,
            "account_receivable_turnover_ratio": 1.64,
            "reinvestment_rate": 154.15,
            "research_to_sale_ratio": 4.78,
            "price_fair": 377.65,
            "eps_avg_yearly": 10.79,
            "eps_latest_yearly": 21.08,
            "eps_growth_yearly": 190.17
        },
        "20224": {
            "year_quarter": 20224,
            "year": 2022,
            "quarter": 4,
            "eps": 4.98,
            "eps_growth_year": -3.37,
            "eps_4q": 15.02,
            "eps_4q_growth_year": 47.1,
            "roe": 5.26,
            "roe_4q": 16.63,
            "gross_profit": 13912749,
            "gross_margin": 26.3,
            "gross_margin_4q_avg": 22.56,
            "net_income": 6857647,
            "revenue": 52902226,
            "common_shares": 9470492,
            "book_valuer_per_share": 102.54,
            "book_valuer_per_share_4q_avg": 96.04,
            "equity": 132865691,
            "current_ratio": 148.59,
            "debt_ratio": 42.87,
            "inventory_turnover_ratio": 1.87,
            "account_receivable_turnover_ratio": 1.6,
            "reinvestment_rate": 147.85,
            "research_to_sale_ratio": 4.53,
            "price_fair": 382.46,
            "eps_avg_yearly": 10.93,
            "eps_latest_yearly": 19.92,
            "eps_growth_yearly": 190.08
        },
        "20231": {
            "year_quarter": 20231,
            "year": 2023,
            "quarter": 1,
            "eps": 0.53,
            "eps_growth_year": -73.23,
            "eps_4q": 13.58,
            "eps_4q_growth_year": 21.29,
            "roe": 0.66,
            "roe_4q": 14.89,
            "gross_profit": 5075283,
            "gross_margin": 16.09,
            "gross_margin_4q_avg": 21.87,
            "net_income": 863092,
            "revenue": 31545153,
            "common_shares": 9470492,
            "book_valuer_per_share": 98.34,
            "book_valuer_per_share_4q_avg": 97.97,
            "equity": 129824133,
            "current_ratio": 141.5,
            "debt_ratio": 43.9,
            "inventory_turnover_ratio": 1.67,
            "account_receivable_turnover_ratio": 1.29,
            "reinvestment_rate": 154.44,
            "research_to_sale_ratio": 6.15,
            "price_fair": 382.9,
            "eps_avg_yearly": 10.94,
            "eps_latest_yearly": 2.12,
            "eps_growth_yearly": 190.03
        }
    },
    "months": {
        "2011-12": {
            "month": "2011-12",
            "price": "51.54",
            "revenue": 4190713
        },
        "2012-01": {
            "month": "2012-01",
            "price": "62.71",
            "revenue": 3907573
        },
        "2012-02": {
            "month": "2012-02",
            "price": "89.63",
            "revenue": 4210239
        },
        "2012-03": {
            "month": "2012-03",
            "price": "91.45",
            "revenue": 4392057
        },
        "2012-04": {
            "month": "2012-04",
            "price": "101.96",
            "revenue": 3613049
        },
        "2012-05": {
            "month": "2012-05",
            "price": "94.04",
            "revenue": 4445544
        },
        "2012-06": {
            "month": "2012-06",
            "price": "91.65",
            "revenue": 4032642
        },
        "2012-07": {
            "month": "2012-07",
            "price": "88.33",
            "revenue": 4120869
        },
        "2012-08": {
            "month": "2012-08",
            "price": "95.03",
            "revenue": 4259409
        },
        "2012-09": {
            "month": "2012-09",
            "price": "96.26",
            "revenue": 5026404
        },
        "2012-10": {
            "month": "2012-10",
            "price": "86.35",
            "revenue": 5475828
        },
        "2012-11": {
            "month": "2012-11",
            "price": "78.42",
            "revenue": 6409986
        },
        "2012-12": {
            "month": "2012-12",
            "price": "76.28",
            "revenue": 5599730
        },
        "2013-01": {
            "month": "2013-01",
            "price": "69.59",
            "revenue": 5158926
        },
        "2013-02": {
            "month": "2013-02",
            "price": "69.38",
            "revenue": 2913937
        },
        "2013-03": {
            "month": "2013-03",
            "price": "66.96",
            "revenue": 4048668
        },
        "2013-04": {
            "month": "2013-04",
            "price": "70.80",
            "revenue": 4116288
        },
        "2013-05": {
            "month": "2013-05",
            "price": "74.78",
            "revenue": 4555315
        },
        "2013-06": {
            "month": "2013-06",
            "price": "71.83",
            "revenue": 3729630
        },
        "2013-07": {
            "month": "2013-07",
            "price": "68.72",
            "revenue": 4834938
        },
        "2013-08": {
            "month": "2013-08",
            "price": "73.89",
            "revenue": 5666430
        },
        "2013-09": {
            "month": "2013-09",
            "price": "73.29",
            "revenue": 6566401
        },
        "2013-10": {
            "month": "2013-10",
            "price": "69.98",
            "revenue": 7478786
        },
        "2013-11": {
            "month": "2013-11",
            "price": "68.41",
            "revenue": 7783951
        },
        "2013-12": {
            "month": "2013-12",
            "price": "71.86",
            "revenue": 7394998
        },
        "2014-01": {
            "month": "2014-01",
            "price": "76.23",
            "revenue": 6181766
        },
        "2014-02": {
            "month": "2014-02",
            "price": "73.88",
            "revenue": 3657065
        },
        "2014-03": {
            "month": "2014-03",
            "price": "73.86",
            "revenue": 4939637
        },
        "2014-04": {
            "month": "2014-04",
            "price": "85.89",
            "revenue": 5296385
        },
        "2014-05": {
            "month": "2014-05",
            "price": "89.53",
            "revenue": 5239298
        },
        "2014-06": {
            "month": "2014-06",
            "price": "95.54",
            "revenue": 5416068
        },
        "2014-07": {
            "month": "2014-07",
            "price": "96.37",
            "revenue": 5474619
        },
        "2014-08": {
            "month": "2014-08",
            "price": "93.19",
            "revenue": 5918081
        },
        "2014-09": {
            "month": "2014-09",
            "price": "90.10",
            "revenue": 7793681
        },
        "2014-10": {
            "month": "2014-10",
            "price": "82.55",
            "revenue": 8959445
        },
        "2014-11": {
            "month": "2014-11",
            "price": "83.00",
            "revenue": 8823097
        },
        "2014-12": {
            "month": "2014-12",
            "price": "84.60",
            "revenue": 8044632
        },
        "2015-01": {
            "month": "2015-01",
            "price": "87.98",
            "revenue": 8240600
        },
        "2015-02": {
            "month": "2015-02",
            "price": "91.68",
            "revenue": 3894669
        },
        "2015-03": {
            "month": "2015-03",
            "price": "102.80",
            "revenue": 5670274
        },
        "2015-04": {
            "month": "2015-04",
            "price": "106.56",
            "revenue": 6383715
        },
        "2015-05": {
            "month": "2015-05",
            "price": "108.48",
            "revenue": 6411975
        },
        "2015-06": {
            "month": "2015-06",
            "price": "107.81",
            "revenue": 5856384
        },
        "2015-07": {
            "month": "2015-07",
            "price": "103.77",
            "revenue": 6100285
        },
        "2015-08": {
            "month": "2015-08",
            "price": "93.90",
            "revenue": 7275227
        },
        "2015-09": {
            "month": "2015-09",
            "price": "92.76",
            "revenue": 9218858
        },
        "2015-10": {
            "month": "2015-10",
            "price": "94.89",
            "revenue": 11296035
        },
        "2015-11": {
            "month": "2015-11",
            "price": "94.60",
            "revenue": 9846839
        },
        "2015-12": {
            "month": "2015-12",
            "price": "84.20",
            "revenue": 5831478
        },
        "2016-01": {
            "month": "2016-01",
            "price": "67.91",
            "revenue": 6231678
        },
        "2016-02": {
            "month": "2016-02",
            "price": "70.45",
            "revenue": 3668656
        },
        "2016-03": {
            "month": "2016-03",
            "price": "77.77",
            "revenue": 5492917
        },
        "2016-04": {
            "month": "2016-04",
            "price": "68.44",
            "revenue": 5128172
        },
        "2016-05": {
            "month": "2016-05",
            "price": "59.97",
            "revenue": 4927452
        },
        "2016-06": {
            "month": "2016-06",
            "price": "57.79",
            "revenue": 5470328
        },
        "2016-07": {
            "month": "2016-07",
            "price": "63.22",
            "revenue": 5846632
        },
        "2016-08": {
            "month": "2016-08",
            "price": "66.21",
            "revenue": 7131911
        },
        "2016-09": {
            "month": "2016-09",
            "price": "66.02",
            "revenue": 8926983
        },
        "2016-10": {
            "month": "2016-10",
            "price": "69.98",
            "revenue": 11059063
        },
        "2016-11": {
            "month": "2016-11",
            "price": "65.20",
            "revenue": 9584461
        },
        "2016-12": {
            "month": "2016-12",
            "price": "63.82",
            "revenue": 8625836
        },
        "2017-01": {
            "month": "2017-01",
            "price": "65.11",
            "revenue": 7282455
        },
        "2017-02": {
            "month": "2017-02",
            "price": "73.33",
            "revenue": 4991062
        },
        "2017-03": {
            "month": "2017-03",
            "price": "74.27",
            "revenue": 5230356
        },
        "2017-04": {
            "month": "2017-04",
            "price": "68.28",
            "revenue": 4627922
        },
        "2017-05": {
            "month": "2017-05",
            "price": "73.04",
            "revenue": 4716205
        },
        "2017-06": {
            "month": "2017-06",
            "price": "73.77",
            "revenue": 6408083
        },
        "2017-07": {
            "month": "2017-07",
            "price": "70.58",
            "revenue": 8064508
        },
        "2017-08": {
            "month": "2017-08",
            "price": "71.49",
            "revenue": 10477316
        },
        "2017-09": {
            "month": "2017-09",
            "price": "65.85",
            "revenue": 12909386
        },
        "2017-10": {
            "month": "2017-10",
            "price": "67.13",
            "revenue": 13193890
        },
        "2017-11": {
            "month": "2017-11",
            "price": "73.45",
            "revenue": 14903489
        },
        "2017-12": {
            "month": "2017-12",
            "price": "67.50",
            "revenue": 16007549
        },
        "2018-01": {
            "month": "2018-01",
            "price": "67.93",
            "revenue": 12103091
        },
        "2018-02": {
            "month": "2018-02",
            "price": "63.15",
            "revenue": 5112743
        },
        "2018-03": {
            "month": "2018-03",
            "price": "67.38",
            "revenue": 5499549
        },
        "2018-04": {
            "month": "2018-04",
            "price": "65.69",
            "revenue": 5875154
        },
        "2018-05": {
            "month": "2018-05",
            "price": "66.37",
            "revenue": 6784466
        },
        "2018-06": {
            "month": "2018-06",
            "price": "69.08",
            "revenue": 8050480
        },
        "2018-07": {
            "month": "2018-07",
            "price": "68.65",
            "revenue": 10105671
        },
        "2018-08": {
            "month": "2018-08",
            "price": "74.74",
            "revenue": 12128890
        },
        "2018-09": {
            "month": "2018-09",
            "price": "72.85",
            "revenue": 13428020
        },
        "2018-10": {
            "month": "2018-10",
            "price": "68.34",
            "revenue": 15038197
        },
        "2018-11": {
            "month": "2018-11",
            "price": "74.01",
            "revenue": 14914727
        },
        "2018-12": {
            "month": "2018-12",
            "price": "81.16",
            "revenue": 9444661
        },
        "2019-01": {
            "month": "2019-01",
            "price": "75.92",
            "revenue": 7501687
        },
        "2019-02": {
            "month": "2019-02",
            "price": "85.90",
            "revenue": 4609806
        },
        "2019-03": {
            "month": "2019-03",
            "price": "90.62",
            "revenue": 7315096
        },
        "2019-04": {
            "month": "2019-04",
            "price": "106.60",
            "revenue": 7236608
        },
        "2019-05": {
            "month": "2019-05",
            "price": "97.59",
            "revenue": 7499215
        },
        "2019-06": {
            "month": "2019-06",
            "price": "96.39",
            "revenue": 8329935
        },
        "2019-07": {
            "month": "2019-07",
            "price": "108.72",
            "revenue": 9374845
        },
        "2019-08": {
            "month": "2019-08",
            "price": "113.12",
            "revenue": 11817279
        },
        "2019-09": {
            "month": "2019-09",
            "price": "114.74",
            "revenue": 14410565
        },
        "2019-10": {
            "month": "2019-10",
            "price": "131.05",
            "revenue": 16531249
        },
        "2019-11": {
            "month": "2019-11",
            "price": "141.60",
            "revenue": 14318391
        },
        "2019-12": {
            "month": "2019-12",
            "price": "138.07",
            "revenue": 11279142
        },
        "2020-01": {
            "month": "2020-01",
            "price": "135.13",
            "revenue": 6697116
        },
        "2020-02": {
            "month": "2020-02",
            "price": "122.61",
            "revenue": 2557606
        },
        "2020-03": {
            "month": "2020-03",
            "price": "96.61",
            "revenue": 8257716
        },
        "2020-04": {
            "month": "2020-04",
            "price": "99.49",
            "revenue": 9788515
        },
        "2020-05": {
            "month": "2020-05",
            "price": "115.20",
            "revenue": 8094909
        },
        "2020-06": {
            "month": "2020-06",
            "price": "131.72",
            "revenue": 8606645
        },
        "2020-07": {
            "month": "2020-07",
            "price": "133.43",
            "revenue": 10192953
        },
        "2020-08": {
            "month": "2020-08",
            "price": "133.05",
            "revenue": 10310043
        },
        "2020-09": {
            "month": "2020-09",
            "price": "127.11",
            "revenue": 11573909
        },
        "2020-10": {
            "month": "2020-10",
            "price": "130.03",
            "revenue": 15192751
        },
        "2020-11": {
            "month": "2020-11",
            "price": "122.24",
            "revenue": 20962073
        },
        "2020-12": {
            "month": "2020-12",
            "price": "118.89",
            "revenue": 19035664
        },
        "2021-01": {
            "month": "2021-01",
            "price": "118.18",
            "revenue": 10322997
        },
        "2021-02": {
            "month": "2021-02",
            "price": "117.31",
            "revenue": 7557147
        },
        "2021-03": {
            "month": "2021-03",
            "price": "122.66",
            "revenue": 9294292
        },
        "2021-04": {
            "month": "2021-04",
            "price": "109.71",
            "revenue": 9548950
        },
        "2021-05": {
            "month": "2021-05",
            "price": "94.18",
            "revenue": 9932908
        },
        "2021-06": {
            "month": "2021-06",
            "price": "101.13",
            "revenue": 10302627
        },
        "2021-07": {
            "month": "2021-07",
            "price": "105.09",
            "revenue": 11650576
        },
        "2021-08": {
            "month": "2021-08",
            "price": "99.37",
            "revenue": 14520646
        },
        "2021-09": {
            "month": "2021-09",
            "price": "98.66",
            "revenue": 15451207
        },
        "2021-10": {
            "month": "2021-10",
            "price": "93.88",
            "revenue": 16318128
        },
        "2021-11": {
            "month": "2021-11",
            "price": "100.66",
            "revenue": 19355766
        },
        "2021-12": {
            "month": "2021-12",
            "price": "99.08",
            "revenue": 20768090
        },
        "2022-01": {
            "month": "2022-01",
            "price": "99.95",
            "revenue": 10453197
        },
        "2022-02": {
            "month": "2022-02",
            "price": "94.06",
            "revenue": 9939510
        },
        "2022-03": {
            "month": "2022-03",
            "price": "101.02",
            "revenue": 13522533
        },
        "2022-04": {
            "month": "2022-04",
            "price": "106.92",
            "revenue": 10340112
        },
        "2022-05": {
            "month": "2022-05",
            "price": "108.83",
            "revenue": 11554770
        },
        "2022-06": {
            "month": "2022-06",
            "price": "110.55",
            "revenue": 12639433
        },
        "2022-07": {
            "month": "2022-07",
            "price": "102.83",
            "revenue": 13193571
        },
        "2022-08": {
            "month": "2022-08",
            "price": "114.98",
            "revenue": 16539190
        },
        "2022-09": {
            "month": "2022-09",
            "price": "112.19",
            "revenue": 20271953
        },
        "2022-10": {
            "month": "2022-10",
            "price": "106.55",
            "revenue": 21189999
        },
        "2022-11": {
            "month": "2022-11",
            "price": "116.30",
            "revenue": 15021355
        },
        "2022-12": {
            "month": "2022-12",
            "price": "113.86",
            "revenue": 16690872
        },
        "2023-01": {
            "month": "2023-01",
            "price": "106.77",
            "revenue": 12484281
        },
        "2023-02": {
            "month": "2023-02",
            "price": "113.17",
            "revenue": 9943890
        },
        "2023-03": {
            "month": "2023-03",
            "price": "112.11",
            "revenue": 9116982
        },
        "2023-04": {
            "month": "2023-04",
            "price": "112.03",
            "revenue": 7139512
        }
    }
}
