{
    "summary": {
        "stock_name": "誠美材",
        "stock_id": "4960",
        "category": "光電",
        "main_business": "偏光板<br>其他<br>無",
        "website_url": "http://www.cmmt.com.tw",
        "ceo": "連巍鐘(代理)",
        "pe_ratio": -28,
        "report_year_from": 2009,
        "report_year_to": 2023,
        "age": 14,
        "eps_negative_percentage": 43,
        "eps_growth_avg": {
            "last_all": -8.15,
            "last_2y": -39.47,
            "last_4y": -39.47,
            "last_8y": -51.18,
            "last_12y": null,
            "last_16y": null,
            "last_20y": null,
            "at_2006_last_3y": null,
            "at_2007_last_3y": null,
            "at_2008_last_3y": null,
            "at_2009_last_3y": null,
            "at_2010_last_3y": null,
            "at_2011_last_3y": null,
            "at_2012_last_3y": null,
            "at_2013_last_3y": null,
            "at_2014_last_3y": 34.25,
            "at_2015_last_3y": -4.4,
            "at_2016_last_3y": -30.23,
            "at_2017_last_3y": -55.08,
            "at_2018_last_3y": -77.3,
            "at_2019_last_3y": -100,
            "at_2020_last_3y": null,
            "at_2021_last_3y": null,
            "at_2022_last_3y": -39.47,
            "at_2023_last_3y": -39.47,
            "at_2006_last_all": null,
            "at_2007_last_all": null,
            "at_2008_last_all": null,
            "at_2009_last_all": null,
            "at_2010_last_all": null,
            "at_2011_last_all": null,
            "at_2012_last_all": 51.65,
            "at_2013_last_all": 49.21,
            "at_2014_last_all": 34.25,
            "at_2015_last_all": 16.48,
            "at_2016_last_all": -2.93,
            "at_2017_last_all": -2.93,
            "at_2018_last_all": -2.93,
            "at_2019_last_all": -2.93,
            "at_2020_last_all": -2.93,
            "at_2021_last_all": -2.93,
            "at_2022_last_all": -8.15,
            "at_2023_last_all": -8.15
        },
        "latest_eps": -0.42,
        "latest_price": 11.9,
        "latest_roe": -2.45,
        "latest_gross_margin": 5.35,
        "latest_equity": 9362805,
        "latest_revenue": 2529209,
        "latest_gross_profit": 135265,
        "latest_net_income": -175359,
        "latest_debt_ratio": 36.38,
        "latest_current_ratio": 264.73,
        "latest_account_receivable_turnover_ratio": 1.06,
        "latest_inventory_turnover_ratio": 0.91,
        "latest_reinvestment_rate": -2141.16,
        "latest_research_to_sale_ratio": 3.72
    },
    "eps_dividends": {
        "2001": {
            "cash": 0,
            "stock": 0,
            "eps": 0
        },
        "2002": {
            "cash": 0,
            "stock": 0,
            "eps": 0
        },
        "2003": {
            "cash": 0,
            "stock": 0,
            "eps": 0
        },
        "2004": {
            "cash": 0,
            "stock": 0,
            "eps": 0
        },
        "2005": {
            "cash": 0,
            "stock": 0,
            "eps": 0
        },
        "2006": {
            "cash": 0,
            "stock": 0,
            "eps": 0
        },
        "2007": {
            "cash": 0,
            "stock": 0,
            "eps": 0
        },
        "2008": {
            "cash": 0,
            "stock": 0,
            "eps": 0
        },
        "2009": {
            "cash": 0,
            "stock": 0,
            "eps": 0
        },
        "2010": {
            "cash": 0,
            "stock": 0,
            "eps": 1.44
        },
        "2011": {
            "cash": 3.3,
            "stock": 0,
            "eps": 3.34
        },
        "2012": {
            "cash": 0,
            "stock": 0,
            "eps": 3.45
        },
        "2013": {
            "cash": 1.75,
            "stock": 0,
            "eps": 4.98
        },
        "2014": {
            "cash": 0.5,
            "stock": 0.5,
            "eps": 4.45
        },
        "2015": {
            "cash": 2.5,
            "stock": 0,
            "eps": 2.02
        },
        "2016": {
            "cash": 0.5,
            "stock": 0,
            "eps": -2.87
        },
        "2017": {
            "cash": 0,
            "stock": 0,
            "eps": -2.25
        },
        "2018": {
            "cash": 0,
            "stock": 0,
            "eps": -0.87
        },
        "2019": {
            "cash": 0,
            "stock": 0,
            "eps": -1.04
        },
        "2020": {
            "cash": 0,
            "stock": 0,
            "eps": -0.12
        },
        "2021": {
            "cash": 0,
            "stock": 0,
            "eps": 1.14
        },
        "2022": {
            "cash": 0.5,
            "stock": 0,
            "eps": 0.69
        },
        "2023": {
            "cash": 0.25,
            "stock": 0,
            "eps": -0.61
        }
    },
    "dividends": {
        "2011-01-01": {
            "cash": 1.8,
            "stock": 0
        },
        "2011-03-02": {
            "cash": 1.5,
            "stock": 0
        },
        "2013-04-26": {
            "cash": 1.75,
            "stock": 0
        },
        "2014-09-25": {
            "cash": 0.5,
            "stock": 0.5
        },
        "2015-07-28": {
            "cash": 2.5,
            "stock": 0
        },
        "2016-08-12": {
            "cash": 0.5,
            "stock": 0
        },
        "2022-03-16": {
            "cash": 0.5,
            "stock": 0
        },
        "2023-02-13": {
            "cash": 0.25,
            "stock": 0
        }
    },
    "prices": {
        "200101": "無",
        "200102": "無",
        "200103": "無",
        "200104": "無",
        "200105": "無",
        "200106": "無",
        "200107": "無",
        "200108": "無",
        "200109": "無",
        "200110": "無",
        "200111": "無",
        "200112": "無",
        "200201": "無",
        "200202": "無",
        "200203": "無",
        "200204": "無",
        "200205": "無",
        "200206": "無",
        "200207": "無",
        "200208": "無",
        "200209": "無",
        "200210": "無",
        "200211": "無",
        "200212": "無",
        "200301": "無",
        "200302": "無",
        "200303": "無",
        "200304": "無",
        "200305": "無",
        "200306": "無",
        "200307": "無",
        "200308": "無",
        "200309": "無",
        "200310": "無",
        "200311": "無",
        "200312": "無",
        "200401": "無",
        "200402": "無",
        "200403": "無",
        "200404": "無",
        "200405": "無",
        "200406": "無",
        "200407": "無",
        "200408": "無",
        "200409": "無",
        "200410": "無",
        "200411": "無",
        "200412": "無",
        "200501": "無",
        "200502": "無",
        "200503": "無",
        "200504": "無",
        "200505": "無",
        "200506": "無",
        "200507": "無",
        "200508": "無",
        "200509": "無",
        "200510": "無",
        "200511": "無",
        "200512": "無",
        "200601": "無",
        "200602": "無",
        "200603": "無",
        "200604": "無",
        "200605": "無",
        "200606": "無",
        "200607": "無",
        "200608": "無",
        "200609": "無",
        "200610": "無",
        "200611": "無",
        "200612": "無",
        "200701": "無",
        "200702": "無",
        "200703": "無",
        "200704": "無",
        "200705": "無",
        "200706": "無",
        "200707": "無",
        "200708": "無",
        "200709": "無",
        "200710": "無",
        "200711": "無",
        "200712": "無",
        "200801": "無",
        "200802": "無",
        "200803": "無",
        "200804": "無",
        "200805": "無",
        "200806": "無",
        "200807": "無",
        "200808": "無",
        "200809": "無",
        "200810": "無",
        "200811": "無",
        "200812": "無",
        "200901": "無",
        "200902": "無",
        "200903": "無",
        "200904": "無",
        "200905": "無",
        "200906": "無",
        "200907": "無",
        "200908": "無",
        "200909": "無",
        "200910": "無",
        "200911": "無",
        "200912": "無",
        "201001": "無",
        "201002": "無",
        "201003": "無",
        "201004": "無",
        "201005": "無",
        "201006": "無",
        "201007": "無",
        "201008": "35.32",
        "201009": "28.13",
        "201010": "27.16",
        "201011": "26.24",
        "201012": "28.68",
        "201101": "30.50",
        "201102": "31.24",
        "201103": "30.69",
        "201104": "29.87",
        "201105": "30.36",
        "201106": "30.34",
        "201107": "27.70",
        "201108": "21.82",
        "201109": "21.91",
        "201110": "16.51",
        "201111": "20.06",
        "201112": "19.61",
        "201201": "20.07",
        "201202": "31.18",
        "201203": "37.36",
        "201204": "34.89",
        "201205": "33.47",
        "201206": "29.68",
        "201207": "30.34",
        "201208": "27.80",
        "201209": "30.65",
        "201210": "28.92",
        "201211": "29.45",
        "201212": "31.62",
        "201301": "33.68",
        "201302": "36.90",
        "201303": "36.22",
        "201304": "34.34",
        "201305": "34.94",
        "201306": "35.19",
        "201307": "33.51",
        "201308": "34.51",
        "201309": "33.96",
        "201310": "31.10",
        "201311": "31.39",
        "201312": "33.39",
        "201401": "40.20",
        "201402": "37.70",
        "201403": "36.17",
        "201404": "35.73",
        "201405": "36.21",
        "201406": "36.75",
        "201407": "37.01",
        "201408": "34.70",
        "201409": "35.14",
        "201410": "32.95",
        "201411": "31.56",
        "201412": "32.65",
        "201501": "33.14",
        "201502": "31.93",
        "201503": "33.26",
        "201504": "33.10",
        "201505": "33.60",
        "201506": "30.28",
        "201507": "23.14",
        "201508": "19.25",
        "201509": "19.81",
        "201510": "21.68",
        "201511": "22.02",
        "201512": "21.07",
        "201601": "19.13",
        "201602": "19.38",
        "201603": "20.93",
        "201604": "18.58",
        "201605": "15.13",
        "201606": "14.65",
        "201607": "15.34",
        "201608": "14.76",
        "201609": "13.93",
        "201610": "13.00",
        "201611": "11.26",
        "201612": "12.05",
        "201701": "14.01",
        "201702": "13.59",
        "201703": "13.25",
        "201704": "14.96",
        "201705": "14.29",
        "201706": "14.57",
        "201707": "13.62",
        "201708": "13.64",
        "201709": "14.73",
        "201710": "14.02",
        "201711": "12.98",
        "201712": "11.75",
        "201801": "12.41",
        "201802": "11.63",
        "201803": "11.65",
        "201804": "11.18",
        "201805": "10.44",
        "201806": "10.50",
        "201807": "10.34",
        "201808": "10.23",
        "201809": "9.97",
        "201810": "7.97",
        "201811": "8.95",
        "201812": "9.27",
        "201901": "9.57",
        "201902": "11.96",
        "201903": "12.49",
        "201904": "12.90",
        "201905": "9.88",
        "201906": "9.09",
        "201907": "9.50",
        "201908": "9.78",
        "201909": "9.30",
        "201910": "8.25",
        "201911": "7.04",
        "201912": "6.53",
        "202001": "7.20",
        "202002": "7.11",
        "202003": "5.22",
        "202004": "6.76",
        "202005": "6.40",
        "202006": "7.22",
        "202007": "7.84",
        "202008": "8.30",
        "202009": "8.95",
        "202010": "9.44",
        "202011": "9.72",
        "202012": "11.45",
        "202101": "10.84",
        "202102": "11.47",
        "202103": "12.05",
        "202104": "14.33",
        "202105": "12.37",
        "202106": "11.70",
        "202107": "11.69",
        "202108": "12.02",
        "202109": "11.17",
        "202110": "11.23",
        "202111": "12.70",
        "202112": "13.02",
        "202201": "12.74",
        "202202": "13.12",
        "202203": "12.42",
        "202204": "12.14",
        "202205": "11.60",
        "202206": "10.90",
        "202207": "9.52",
        "202208": "10.13",
        "202209": "10.21",
        "202210": "9.62",
        "202211": "9.92",
        "202212": "9.91",
        "202301": "10.01",
        "202302": "11.74",
        "202303": "12.35",
        "202304": "12.39",
        "202305": "11.46",
        "202306": "11.64",
        "202307": "12.17",
        "202308": "12.03",
        "202309": "11.98"
    },
    "quarters": {
        "20011": {
            "year_quarter": 20011,
            "year": 2001,
            "quarter": 1,
            "eps": null,
            "eps_growth_year": null,
            "eps_4q": null,
            "eps_4q_growth_year": null,
            "roe": null,
            "roe_4q": 0,
            "gross_profit": null,
            "gross_margin": null,
            "gross_margin_4q_avg": 0,
            "net_income": null,
            "revenue": null,
            "common_shares": null,
            "book_valuer_per_share": null,
            "book_valuer_per_share_4q_avg": 0,
            "equity": null,
            "current_ratio": null,
            "debt_ratio": null,
            "inventory_turnover_ratio": null,
            "account_receivable_turnover_ratio": null,
            "reinvestment_rate": null,
            "research_to_sale_ratio": null,
            "price_fair": 0,
            "eps_avg_yearly": 0,
            "eps_latest_yearly": 0,
            "eps_growth_yearly": 0
        },
        "20012": {
            "year_quarter": 20012,
            "year": 2001,
            "quarter": 2,
            "eps": null,
            "eps_growth_year": null,
            "eps_4q": null,
            "eps_4q_growth_year": null,
            "roe": null,
            "roe_4q": 0,
            "gross_profit": null,
            "gross_margin": null,
            "gross_margin_4q_avg": 0,
            "net_income": null,
            "revenue": null,
            "common_shares": null,
            "book_valuer_per_share": null,
            "book_valuer_per_share_4q_avg": 0,
            "equity": null,
            "current_ratio": null,
            "debt_ratio": null,
            "inventory_turnover_ratio": null,
            "account_receivable_turnover_ratio": null,
            "reinvestment_rate": null,
            "research_to_sale_ratio": null,
            "price_fair": 0,
            "eps_avg_yearly": 0,
            "eps_latest_yearly": 0,
            "eps_growth_yearly": 0
        },
        "20013": {
            "year_quarter": 20013,
            "year": 2001,
            "quarter": 3,
            "eps": null,
            "eps_growth_year": null,
            "eps_4q": null,
            "eps_4q_growth_year": null,
            "roe": null,
            "roe_4q": 0,
            "gross_profit": null,
            "gross_margin": null,
            "gross_margin_4q_avg": 0,
            "net_income": null,
            "revenue": null,
            "common_shares": null,
            "book_valuer_per_share": null,
            "book_valuer_per_share_4q_avg": 0,
            "equity": null,
            "current_ratio": null,
            "debt_ratio": null,
            "inventory_turnover_ratio": null,
            "account_receivable_turnover_ratio": null,
            "reinvestment_rate": null,
            "research_to_sale_ratio": null,
            "price_fair": 0,
            "eps_avg_yearly": 0,
            "eps_latest_yearly": 0,
            "eps_growth_yearly": 0
        },
        "20014": {
            "year_quarter": 20014,
            "year": 2001,
            "quarter": 4,
            "eps": null,
            "eps_growth_year": null,
            "eps_4q": null,
            "eps_4q_growth_year": null,
            "roe": null,
            "roe_4q": 0,
            "gross_profit": null,
            "gross_margin": null,
            "gross_margin_4q_avg": 0,
            "net_income": null,
            "revenue": null,
            "common_shares": null,
            "book_valuer_per_share": null,
            "book_valuer_per_share_4q_avg": 0,
            "equity": null,
            "current_ratio": null,
            "debt_ratio": null,
            "inventory_turnover_ratio": null,
            "account_receivable_turnover_ratio": null,
            "reinvestment_rate": null,
            "research_to_sale_ratio": null,
            "price_fair": 0,
            "eps_avg_yearly": 0,
            "eps_latest_yearly": 0,
            "eps_growth_yearly": 0
        },
        "20021": {
            "year_quarter": 20021,
            "year": 2002,
            "quarter": 1,
            "eps": null,
            "eps_growth_year": null,
            "eps_4q": null,
            "eps_4q_growth_year": null,
            "roe": null,
            "roe_4q": 0,
            "gross_profit": null,
            "gross_margin": null,
            "gross_margin_4q_avg": 0,
            "net_income": null,
            "revenue": null,
            "common_shares": null,
            "book_valuer_per_share": null,
            "book_valuer_per_share_4q_avg": 0,
            "equity": null,
            "current_ratio": null,
            "debt_ratio": null,
            "inventory_turnover_ratio": null,
            "account_receivable_turnover_ratio": null,
            "reinvestment_rate": null,
            "research_to_sale_ratio": null,
            "price_fair": 0,
            "eps_avg_yearly": 0,
            "eps_latest_yearly": 0,
            "eps_growth_yearly": 0
        },
        "20022": {
            "year_quarter": 20022,
            "year": 2002,
            "quarter": 2,
            "eps": null,
            "eps_growth_year": null,
            "eps_4q": null,
            "eps_4q_growth_year": null,
            "roe": null,
            "roe_4q": 0,
            "gross_profit": null,
            "gross_margin": null,
            "gross_margin_4q_avg": 0,
            "net_income": null,
            "revenue": null,
            "common_shares": null,
            "book_valuer_per_share": null,
            "book_valuer_per_share_4q_avg": 0,
            "equity": null,
            "current_ratio": null,
            "debt_ratio": null,
            "inventory_turnover_ratio": null,
            "account_receivable_turnover_ratio": null,
            "reinvestment_rate": null,
            "research_to_sale_ratio": null,
            "price_fair": 0,
            "eps_avg_yearly": 0,
            "eps_latest_yearly": 0,
            "eps_growth_yearly": 0
        },
        "20023": {
            "year_quarter": 20023,
            "year": 2002,
            "quarter": 3,
            "eps": null,
            "eps_growth_year": null,
            "eps_4q": null,
            "eps_4q_growth_year": null,
            "roe": null,
            "roe_4q": 0,
            "gross_profit": null,
            "gross_margin": null,
            "gross_margin_4q_avg": 0,
            "net_income": null,
            "revenue": null,
            "common_shares": null,
            "book_valuer_per_share": null,
            "book_valuer_per_share_4q_avg": 0,
            "equity": null,
            "current_ratio": null,
            "debt_ratio": null,
            "inventory_turnover_ratio": null,
            "account_receivable_turnover_ratio": null,
            "reinvestment_rate": null,
            "research_to_sale_ratio": null,
            "price_fair": 0,
            "eps_avg_yearly": 0,
            "eps_latest_yearly": 0,
            "eps_growth_yearly": 0
        },
        "20024": {
            "year_quarter": 20024,
            "year": 2002,
            "quarter": 4,
            "eps": null,
            "eps_growth_year": null,
            "eps_4q": null,
            "eps_4q_growth_year": null,
            "roe": null,
            "roe_4q": 0,
            "gross_profit": null,
            "gross_margin": null,
            "gross_margin_4q_avg": 0,
            "net_income": null,
            "revenue": null,
            "common_shares": null,
            "book_valuer_per_share": null,
            "book_valuer_per_share_4q_avg": 0,
            "equity": null,
            "current_ratio": null,
            "debt_ratio": null,
            "inventory_turnover_ratio": null,
            "account_receivable_turnover_ratio": null,
            "reinvestment_rate": null,
            "research_to_sale_ratio": null,
            "price_fair": 0,
            "eps_avg_yearly": 0,
            "eps_latest_yearly": 0,
            "eps_growth_yearly": 0
        },
        "20031": {
            "year_quarter": 20031,
            "year": 2003,
            "quarter": 1,
            "eps": null,
            "eps_growth_year": null,
            "eps_4q": null,
            "eps_4q_growth_year": null,
            "roe": null,
            "roe_4q": 0,
            "gross_profit": null,
            "gross_margin": null,
            "gross_margin_4q_avg": 0,
            "net_income": null,
            "revenue": null,
            "common_shares": null,
            "book_valuer_per_share": null,
            "book_valuer_per_share_4q_avg": 0,
            "equity": null,
            "current_ratio": null,
            "debt_ratio": null,
            "inventory_turnover_ratio": null,
            "account_receivable_turnover_ratio": null,
            "reinvestment_rate": null,
            "research_to_sale_ratio": null,
            "price_fair": 0,
            "eps_avg_yearly": 0,
            "eps_latest_yearly": 0,
            "eps_growth_yearly": 0
        },
        "20032": {
            "year_quarter": 20032,
            "year": 2003,
            "quarter": 2,
            "eps": null,
            "eps_growth_year": null,
            "eps_4q": null,
            "eps_4q_growth_year": null,
            "roe": null,
            "roe_4q": 0,
            "gross_profit": null,
            "gross_margin": null,
            "gross_margin_4q_avg": 0,
            "net_income": null,
            "revenue": null,
            "common_shares": null,
            "book_valuer_per_share": null,
            "book_valuer_per_share_4q_avg": 0,
            "equity": null,
            "current_ratio": null,
            "debt_ratio": null,
            "inventory_turnover_ratio": null,
            "account_receivable_turnover_ratio": null,
            "reinvestment_rate": null,
            "research_to_sale_ratio": null,
            "price_fair": 0,
            "eps_avg_yearly": 0,
            "eps_latest_yearly": 0,
            "eps_growth_yearly": 0
        },
        "20033": {
            "year_quarter": 20033,
            "year": 2003,
            "quarter": 3,
            "eps": null,
            "eps_growth_year": null,
            "eps_4q": null,
            "eps_4q_growth_year": null,
            "roe": null,
            "roe_4q": 0,
            "gross_profit": null,
            "gross_margin": null,
            "gross_margin_4q_avg": 0,
            "net_income": null,
            "revenue": null,
            "common_shares": null,
            "book_valuer_per_share": null,
            "book_valuer_per_share_4q_avg": 0,
            "equity": null,
            "current_ratio": null,
            "debt_ratio": null,
            "inventory_turnover_ratio": null,
            "account_receivable_turnover_ratio": null,
            "reinvestment_rate": null,
            "research_to_sale_ratio": null,
            "price_fair": 0,
            "eps_avg_yearly": 0,
            "eps_latest_yearly": 0,
            "eps_growth_yearly": 0
        },
        "20034": {
            "year_quarter": 20034,
            "year": 2003,
            "quarter": 4,
            "eps": null,
            "eps_growth_year": null,
            "eps_4q": null,
            "eps_4q_growth_year": null,
            "roe": null,
            "roe_4q": 0,
            "gross_profit": null,
            "gross_margin": null,
            "gross_margin_4q_avg": 0,
            "net_income": null,
            "revenue": null,
            "common_shares": null,
            "book_valuer_per_share": null,
            "book_valuer_per_share_4q_avg": 0,
            "equity": null,
            "current_ratio": null,
            "debt_ratio": null,
            "inventory_turnover_ratio": null,
            "account_receivable_turnover_ratio": null,
            "reinvestment_rate": null,
            "research_to_sale_ratio": null,
            "price_fair": 0,
            "eps_avg_yearly": 0,
            "eps_latest_yearly": 0,
            "eps_growth_yearly": 0
        },
        "20041": {
            "year_quarter": 20041,
            "year": 2004,
            "quarter": 1,
            "eps": null,
            "eps_growth_year": null,
            "eps_4q": null,
            "eps_4q_growth_year": null,
            "roe": null,
            "roe_4q": 0,
            "gross_profit": null,
            "gross_margin": null,
            "gross_margin_4q_avg": 0,
            "net_income": null,
            "revenue": null,
            "common_shares": null,
            "book_valuer_per_share": null,
            "book_valuer_per_share_4q_avg": 0,
            "equity": null,
            "current_ratio": null,
            "debt_ratio": null,
            "inventory_turnover_ratio": null,
            "account_receivable_turnover_ratio": null,
            "reinvestment_rate": null,
            "research_to_sale_ratio": null,
            "price_fair": 0,
            "eps_avg_yearly": 0,
            "eps_latest_yearly": 0,
            "eps_growth_yearly": 0
        },
        "20042": {
            "year_quarter": 20042,
            "year": 2004,
            "quarter": 2,
            "eps": null,
            "eps_growth_year": null,
            "eps_4q": null,
            "eps_4q_growth_year": null,
            "roe": null,
            "roe_4q": 0,
            "gross_profit": null,
            "gross_margin": null,
            "gross_margin_4q_avg": 0,
            "net_income": null,
            "revenue": null,
            "common_shares": null,
            "book_valuer_per_share": null,
            "book_valuer_per_share_4q_avg": 0,
            "equity": null,
            "current_ratio": null,
            "debt_ratio": null,
            "inventory_turnover_ratio": null,
            "account_receivable_turnover_ratio": null,
            "reinvestment_rate": null,
            "research_to_sale_ratio": null,
            "price_fair": 0,
            "eps_avg_yearly": 0,
            "eps_latest_yearly": 0,
            "eps_growth_yearly": 0
        },
        "20043": {
            "year_quarter": 20043,
            "year": 2004,
            "quarter": 3,
            "eps": null,
            "eps_growth_year": null,
            "eps_4q": null,
            "eps_4q_growth_year": null,
            "roe": null,
            "roe_4q": 0,
            "gross_profit": null,
            "gross_margin": null,
            "gross_margin_4q_avg": 0,
            "net_income": null,
            "revenue": null,
            "common_shares": null,
            "book_valuer_per_share": null,
            "book_valuer_per_share_4q_avg": 0,
            "equity": null,
            "current_ratio": null,
            "debt_ratio": null,
            "inventory_turnover_ratio": null,
            "account_receivable_turnover_ratio": null,
            "reinvestment_rate": null,
            "research_to_sale_ratio": null,
            "price_fair": 0,
            "eps_avg_yearly": 0,
            "eps_latest_yearly": 0,
            "eps_growth_yearly": 0
        },
        "20044": {
            "year_quarter": 20044,
            "year": 2004,
            "quarter": 4,
            "eps": null,
            "eps_growth_year": null,
            "eps_4q": null,
            "eps_4q_growth_year": null,
            "roe": null,
            "roe_4q": 0,
            "gross_profit": null,
            "gross_margin": null,
            "gross_margin_4q_avg": 0,
            "net_income": null,
            "revenue": null,
            "common_shares": null,
            "book_valuer_per_share": null,
            "book_valuer_per_share_4q_avg": 0,
            "equity": null,
            "current_ratio": null,
            "debt_ratio": null,
            "inventory_turnover_ratio": null,
            "account_receivable_turnover_ratio": null,
            "reinvestment_rate": null,
            "research_to_sale_ratio": null,
            "price_fair": 0,
            "eps_avg_yearly": 0,
            "eps_latest_yearly": 0,
            "eps_growth_yearly": 0
        },
        "20051": {
            "year_quarter": 20051,
            "year": 2005,
            "quarter": 1,
            "eps": null,
            "eps_growth_year": null,
            "eps_4q": null,
            "eps_4q_growth_year": null,
            "roe": null,
            "roe_4q": 0,
            "gross_profit": null,
            "gross_margin": null,
            "gross_margin_4q_avg": 0,
            "net_income": null,
            "revenue": null,
            "common_shares": null,
            "book_valuer_per_share": null,
            "book_valuer_per_share_4q_avg": 0,
            "equity": null,
            "current_ratio": null,
            "debt_ratio": null,
            "inventory_turnover_ratio": null,
            "account_receivable_turnover_ratio": null,
            "reinvestment_rate": null,
            "research_to_sale_ratio": null,
            "price_fair": 0,
            "eps_avg_yearly": 0,
            "eps_latest_yearly": 0,
            "eps_growth_yearly": 0
        },
        "20052": {
            "year_quarter": 20052,
            "year": 2005,
            "quarter": 2,
            "eps": null,
            "eps_growth_year": null,
            "eps_4q": null,
            "eps_4q_growth_year": null,
            "roe": null,
            "roe_4q": 0,
            "gross_profit": null,
            "gross_margin": null,
            "gross_margin_4q_avg": 0,
            "net_income": null,
            "revenue": null,
            "common_shares": null,
            "book_valuer_per_share": null,
            "book_valuer_per_share_4q_avg": 0,
            "equity": null,
            "current_ratio": null,
            "debt_ratio": null,
            "inventory_turnover_ratio": null,
            "account_receivable_turnover_ratio": null,
            "reinvestment_rate": null,
            "research_to_sale_ratio": null,
            "price_fair": 0,
            "eps_avg_yearly": 0,
            "eps_latest_yearly": 0,
            "eps_growth_yearly": 0
        },
        "20053": {
            "year_quarter": 20053,
            "year": 2005,
            "quarter": 3,
            "eps": null,
            "eps_growth_year": null,
            "eps_4q": null,
            "eps_4q_growth_year": null,
            "roe": null,
            "roe_4q": 0,
            "gross_profit": null,
            "gross_margin": null,
            "gross_margin_4q_avg": 0,
            "net_income": null,
            "revenue": null,
            "common_shares": null,
            "book_valuer_per_share": null,
            "book_valuer_per_share_4q_avg": 0,
            "equity": null,
            "current_ratio": null,
            "debt_ratio": null,
            "inventory_turnover_ratio": null,
            "account_receivable_turnover_ratio": null,
            "reinvestment_rate": null,
            "research_to_sale_ratio": null,
            "price_fair": 0,
            "eps_avg_yearly": 0,
            "eps_latest_yearly": 0,
            "eps_growth_yearly": 0
        },
        "20054": {
            "year_quarter": 20054,
            "year": 2005,
            "quarter": 4,
            "eps": null,
            "eps_growth_year": null,
            "eps_4q": null,
            "eps_4q_growth_year": null,
            "roe": null,
            "roe_4q": 0,
            "gross_profit": null,
            "gross_margin": null,
            "gross_margin_4q_avg": 0,
            "net_income": null,
            "revenue": null,
            "common_shares": 1000000,
            "book_valuer_per_share": 9.75,
            "book_valuer_per_share_4q_avg": 2.44,
            "equity": 974649,
            "current_ratio": 51.12,
            "debt_ratio": 34.23,
            "inventory_turnover_ratio": null,
            "account_receivable_turnover_ratio": null,
            "reinvestment_rate": null,
            "research_to_sale_ratio": null,
            "price_fair": 0,
            "eps_avg_yearly": 0,
            "eps_latest_yearly": 0,
            "eps_growth_yearly": 0
        },
        "20061": {
            "year_quarter": 20061,
            "year": 2006,
            "quarter": 1,
            "eps": null,
            "eps_growth_year": null,
            "eps_4q": null,
            "eps_4q_growth_year": null,
            "roe": null,
            "roe_4q": 0,
            "gross_profit": null,
            "gross_margin": null,
            "gross_margin_4q_avg": 0,
            "net_income": null,
            "revenue": null,
            "common_shares": null,
            "book_valuer_per_share": null,
            "book_valuer_per_share_4q_avg": 2.44,
            "equity": null,
            "current_ratio": null,
            "debt_ratio": null,
            "inventory_turnover_ratio": null,
            "account_receivable_turnover_ratio": null,
            "reinvestment_rate": null,
            "research_to_sale_ratio": null,
            "price_fair": 0,
            "eps_avg_yearly": 0,
            "eps_latest_yearly": 0,
            "eps_growth_yearly": 0
        },
        "20062": {
            "year_quarter": 20062,
            "year": 2006,
            "quarter": 2,
            "eps": null,
            "eps_growth_year": null,
            "eps_4q": null,
            "eps_4q_growth_year": null,
            "roe": null,
            "roe_4q": 0,
            "gross_profit": null,
            "gross_margin": null,
            "gross_margin_4q_avg": 0,
            "net_income": null,
            "revenue": null,
            "common_shares": null,
            "book_valuer_per_share": null,
            "book_valuer_per_share_4q_avg": 2.44,
            "equity": null,
            "current_ratio": null,
            "debt_ratio": null,
            "inventory_turnover_ratio": null,
            "account_receivable_turnover_ratio": null,
            "reinvestment_rate": null,
            "research_to_sale_ratio": null,
            "price_fair": 0,
            "eps_avg_yearly": 0,
            "eps_latest_yearly": 0,
            "eps_growth_yearly": 0
        },
        "20063": {
            "year_quarter": 20063,
            "year": 2006,
            "quarter": 3,
            "eps": null,
            "eps_growth_year": null,
            "eps_4q": null,
            "eps_4q_growth_year": null,
            "roe": null,
            "roe_4q": 0,
            "gross_profit": null,
            "gross_margin": null,
            "gross_margin_4q_avg": 0,
            "net_income": null,
            "revenue": null,
            "common_shares": null,
            "book_valuer_per_share": null,
            "book_valuer_per_share_4q_avg": 2.44,
            "equity": null,
            "current_ratio": null,
            "debt_ratio": null,
            "inventory_turnover_ratio": null,
            "account_receivable_turnover_ratio": null,
            "reinvestment_rate": null,
            "research_to_sale_ratio": null,
            "price_fair": 0,
            "eps_avg_yearly": 0,
            "eps_latest_yearly": 0,
            "eps_growth_yearly": 0
        },
        "20064": {
            "year_quarter": 20064,
            "year": 2006,
            "quarter": 4,
            "eps": null,
            "eps_growth_year": null,
            "eps_4q": null,
            "eps_4q_growth_year": null,
            "roe": null,
            "roe_4q": 0,
            "gross_profit": null,
            "gross_margin": null,
            "gross_margin_4q_avg": 0,
            "net_income": null,
            "revenue": null,
            "common_shares": 2500000,
            "book_valuer_per_share": 8.55,
            "book_valuer_per_share_4q_avg": 2.14,
            "equity": 2138401,
            "current_ratio": 27.61,
            "debt_ratio": 68.6,
            "inventory_turnover_ratio": null,
            "account_receivable_turnover_ratio": null,
            "reinvestment_rate": null,
            "research_to_sale_ratio": null,
            "price_fair": 0,
            "eps_avg_yearly": 0,
            "eps_latest_yearly": 0,
            "eps_growth_yearly": 0
        },
        "20071": {
            "year_quarter": 20071,
            "year": 2007,
            "quarter": 1,
            "eps": null,
            "eps_growth_year": null,
            "eps_4q": null,
            "eps_4q_growth_year": null,
            "roe": null,
            "roe_4q": 0,
            "gross_profit": null,
            "gross_margin": null,
            "gross_margin_4q_avg": 0,
            "net_income": null,
            "revenue": null,
            "common_shares": null,
            "book_valuer_per_share": null,
            "book_valuer_per_share_4q_avg": 2.14,
            "equity": null,
            "current_ratio": null,
            "debt_ratio": null,
            "inventory_turnover_ratio": null,
            "account_receivable_turnover_ratio": null,
            "reinvestment_rate": null,
            "research_to_sale_ratio": null,
            "price_fair": 0,
            "eps_avg_yearly": 0,
            "eps_latest_yearly": 0,
            "eps_growth_yearly": 0
        },
        "20072": {
            "year_quarter": 20072,
            "year": 2007,
            "quarter": 2,
            "eps": null,
            "eps_growth_year": null,
            "eps_4q": null,
            "eps_4q_growth_year": null,
            "roe": null,
            "roe_4q": 0,
            "gross_profit": null,
            "gross_margin": null,
            "gross_margin_4q_avg": 0,
            "net_income": null,
            "revenue": null,
            "common_shares": null,
            "book_valuer_per_share": null,
            "book_valuer_per_share_4q_avg": 2.14,
            "equity": null,
            "current_ratio": null,
            "debt_ratio": null,
            "inventory_turnover_ratio": null,
            "account_receivable_turnover_ratio": null,
            "reinvestment_rate": null,
            "research_to_sale_ratio": null,
            "price_fair": 0,
            "eps_avg_yearly": 0,
            "eps_latest_yearly": 0,
            "eps_growth_yearly": 0
        },
        "20073": {
            "year_quarter": 20073,
            "year": 2007,
            "quarter": 3,
            "eps": null,
            "eps_growth_year": null,
            "eps_4q": null,
            "eps_4q_growth_year": null,
            "roe": null,
            "roe_4q": 0,
            "gross_profit": null,
            "gross_margin": null,
            "gross_margin_4q_avg": 0,
            "net_income": null,
            "revenue": null,
            "common_shares": null,
            "book_valuer_per_share": null,
            "book_valuer_per_share_4q_avg": 2.14,
            "equity": null,
            "current_ratio": null,
            "debt_ratio": null,
            "inventory_turnover_ratio": null,
            "account_receivable_turnover_ratio": null,
            "reinvestment_rate": null,
            "research_to_sale_ratio": null,
            "price_fair": 0,
            "eps_avg_yearly": 0,
            "eps_latest_yearly": 0,
            "eps_growth_yearly": 0
        },
        "20074": {
            "year_quarter": 20074,
            "year": 2007,
            "quarter": 4,
            "eps": null,
            "eps_growth_year": null,
            "eps_4q": null,
            "eps_4q_growth_year": null,
            "roe": null,
            "roe_4q": 0,
            "gross_profit": null,
            "gross_margin": null,
            "gross_margin_4q_avg": 0,
            "net_income": null,
            "revenue": null,
            "common_shares": 2300000,
            "book_valuer_per_share": 7.36,
            "book_valuer_per_share_4q_avg": 1.84,
            "equity": 1693375,
            "current_ratio": 46.23,
            "debt_ratio": 82.98,
            "inventory_turnover_ratio": null,
            "account_receivable_turnover_ratio": null,
            "reinvestment_rate": null,
            "research_to_sale_ratio": null,
            "price_fair": 0,
            "eps_avg_yearly": 0,
            "eps_latest_yearly": 0,
            "eps_growth_yearly": 0
        },
        "20081": {
            "year_quarter": 20081,
            "year": 2008,
            "quarter": 1,
            "eps": null,
            "eps_growth_year": null,
            "eps_4q": null,
            "eps_4q_growth_year": null,
            "roe": null,
            "roe_4q": 0,
            "gross_profit": null,
            "gross_margin": null,
            "gross_margin_4q_avg": 0,
            "net_income": null,
            "revenue": null,
            "common_shares": null,
            "book_valuer_per_share": null,
            "book_valuer_per_share_4q_avg": 1.84,
            "equity": null,
            "current_ratio": null,
            "debt_ratio": null,
            "inventory_turnover_ratio": null,
            "account_receivable_turnover_ratio": null,
            "reinvestment_rate": null,
            "research_to_sale_ratio": null,
            "price_fair": 0,
            "eps_avg_yearly": 0,
            "eps_latest_yearly": 0,
            "eps_growth_yearly": 0
        },
        "20082": {
            "year_quarter": 20082,
            "year": 2008,
            "quarter": 2,
            "eps": null,
            "eps_growth_year": null,
            "eps_4q": null,
            "eps_4q_growth_year": null,
            "roe": null,
            "roe_4q": 0,
            "gross_profit": null,
            "gross_margin": null,
            "gross_margin_4q_avg": 0,
            "net_income": null,
            "revenue": null,
            "common_shares": null,
            "book_valuer_per_share": null,
            "book_valuer_per_share_4q_avg": 1.84,
            "equity": null,
            "current_ratio": null,
            "debt_ratio": null,
            "inventory_turnover_ratio": null,
            "account_receivable_turnover_ratio": null,
            "reinvestment_rate": null,
            "research_to_sale_ratio": null,
            "price_fair": 0,
            "eps_avg_yearly": 0,
            "eps_latest_yearly": 0,
            "eps_growth_yearly": 0
        },
        "20083": {
            "year_quarter": 20083,
            "year": 2008,
            "quarter": 3,
            "eps": null,
            "eps_growth_year": null,
            "eps_4q": null,
            "eps_4q_growth_year": null,
            "roe": null,
            "roe_4q": 0,
            "gross_profit": null,
            "gross_margin": null,
            "gross_margin_4q_avg": 0,
            "net_income": null,
            "revenue": null,
            "common_shares": null,
            "book_valuer_per_share": null,
            "book_valuer_per_share_4q_avg": 1.84,
            "equity": null,
            "current_ratio": null,
            "debt_ratio": null,
            "inventory_turnover_ratio": null,
            "account_receivable_turnover_ratio": null,
            "reinvestment_rate": null,
            "research_to_sale_ratio": null,
            "price_fair": 0,
            "eps_avg_yearly": 0,
            "eps_latest_yearly": 0,
            "eps_growth_yearly": 0
        },
        "20084": {
            "year_quarter": 20084,
            "year": 2008,
            "quarter": 4,
            "eps": null,
            "eps_growth_year": null,
            "eps_4q": null,
            "eps_4q_growth_year": null,
            "roe": null,
            "roe_4q": 0,
            "gross_profit": null,
            "gross_margin": null,
            "gross_margin_4q_avg": 0,
            "net_income": null,
            "revenue": null,
            "common_shares": 2850000,
            "book_valuer_per_share": 8.43,
            "book_valuer_per_share_4q_avg": 2.11,
            "equity": 2401248,
            "current_ratio": 53.9,
            "debt_ratio": 79.55,
            "inventory_turnover_ratio": null,
            "account_receivable_turnover_ratio": null,
            "reinvestment_rate": null,
            "research_to_sale_ratio": null,
            "price_fair": 0,
            "eps_avg_yearly": 0,
            "eps_latest_yearly": 0,
            "eps_growth_yearly": 0
        },
        "20091": {
            "year_quarter": 20091,
            "year": 2009,
            "quarter": 1,
            "eps": null,
            "eps_growth_year": null,
            "eps_4q": null,
            "eps_4q_growth_year": null,
            "roe": null,
            "roe_4q": 0,
            "gross_profit": null,
            "gross_margin": null,
            "gross_margin_4q_avg": 0,
            "net_income": null,
            "revenue": null,
            "common_shares": null,
            "book_valuer_per_share": null,
            "book_valuer_per_share_4q_avg": 2.11,
            "equity": null,
            "current_ratio": null,
            "debt_ratio": null,
            "inventory_turnover_ratio": null,
            "account_receivable_turnover_ratio": null,
            "reinvestment_rate": null,
            "research_to_sale_ratio": null,
            "price_fair": 0,
            "eps_avg_yearly": 0,
            "eps_latest_yearly": 0,
            "eps_growth_yearly": 0
        },
        "20092": {
            "year_quarter": 20092,
            "year": 2009,
            "quarter": 2,
            "eps": null,
            "eps_growth_year": null,
            "eps_4q": null,
            "eps_4q_growth_year": null,
            "roe": null,
            "roe_4q": 0,
            "gross_profit": null,
            "gross_margin": null,
            "gross_margin_4q_avg": 0,
            "net_income": null,
            "revenue": null,
            "common_shares": 2850000,
            "book_valuer_per_share": null,
            "book_valuer_per_share_4q_avg": 2.11,
            "equity": 2654603,
            "current_ratio": null,
            "debt_ratio": null,
            "inventory_turnover_ratio": null,
            "account_receivable_turnover_ratio": null,
            "reinvestment_rate": null,
            "research_to_sale_ratio": null,
            "price_fair": 0,
            "eps_avg_yearly": 0,
            "eps_latest_yearly": 0,
            "eps_growth_yearly": 0
        },
        "20093": {
            "year_quarter": 20093,
            "year": 2009,
            "quarter": 3,
            "eps": null,
            "eps_growth_year": null,
            "eps_4q": null,
            "eps_4q_growth_year": null,
            "roe": null,
            "roe_4q": 0,
            "gross_profit": null,
            "gross_margin": null,
            "gross_margin_4q_avg": 0,
            "net_income": null,
            "revenue": null,
            "common_shares": null,
            "book_valuer_per_share": null,
            "book_valuer_per_share_4q_avg": 2.11,
            "equity": null,
            "current_ratio": null,
            "debt_ratio": null,
            "inventory_turnover_ratio": null,
            "account_receivable_turnover_ratio": null,
            "reinvestment_rate": null,
            "research_to_sale_ratio": null,
            "price_fair": 0,
            "eps_avg_yearly": 0,
            "eps_latest_yearly": 0,
            "eps_growth_yearly": 0
        },
        "20094": {
            "year_quarter": 20094,
            "year": 2009,
            "quarter": 4,
            "eps": null,
            "eps_growth_year": null,
            "eps_4q": null,
            "eps_4q_growth_year": null,
            "roe": null,
            "roe_4q": 0,
            "gross_profit": null,
            "gross_margin": null,
            "gross_margin_4q_avg": 0,
            "net_income": null,
            "revenue": null,
            "common_shares": 3850000,
            "book_valuer_per_share": 11.86,
            "book_valuer_per_share_4q_avg": 2.97,
            "equity": 4567757,
            "current_ratio": 103.52,
            "debt_ratio": 67.43,
            "inventory_turnover_ratio": null,
            "account_receivable_turnover_ratio": null,
            "reinvestment_rate": null,
            "research_to_sale_ratio": null,
            "price_fair": 0,
            "eps_avg_yearly": 0,
            "eps_latest_yearly": 0,
            "eps_growth_yearly": 0
        },
        "20101": {
            "year_quarter": 20101,
            "year": 2010,
            "quarter": 1,
            "eps": null,
            "eps_growth_year": null,
            "eps_4q": null,
            "eps_4q_growth_year": null,
            "roe": null,
            "roe_4q": 0,
            "gross_profit": 406363,
            "gross_margin": null,
            "gross_margin_4q_avg": 0,
            "net_income": 345632,
            "revenue": 3735513,
            "common_shares": 3850000,
            "book_valuer_per_share": 12.74,
            "book_valuer_per_share_4q_avg": 6.15,
            "equity": 4906803,
            "current_ratio": 100.33,
            "debt_ratio": 66.97,
            "inventory_turnover_ratio": null,
            "account_receivable_turnover_ratio": null,
            "reinvestment_rate": null,
            "research_to_sale_ratio": null,
            "price_fair": 0,
            "eps_avg_yearly": 0,
            "eps_latest_yearly": 0,
            "eps_growth_yearly": 0
        },
        "20102": {
            "year_quarter": 20102,
            "year": 2010,
            "quarter": 2,
            "eps": 1.44,
            "eps_growth_year": null,
            "eps_4q": null,
            "eps_4q_growth_year": null,
            "roe": 11.63,
            "roe_4q": 11.63,
            "gross_profit": 799051,
            "gross_margin": 17.6,
            "gross_margin_4q_avg": 4.4,
            "net_income": 604640,
            "revenue": 4541104,
            "common_shares": 4196500,
            "book_valuer_per_share": 13.08,
            "book_valuer_per_share_4q_avg": 9.42,
            "equity": 5489478,
            "current_ratio": 97.24,
            "debt_ratio": 64.1,
            "inventory_turnover_ratio": 1.69,
            "account_receivable_turnover_ratio": 2.96,
            "reinvestment_rate": null,
            "research_to_sale_ratio": null,
            "price_fair": 0,
            "eps_avg_yearly": 0,
            "eps_latest_yearly": 0,
            "eps_growth_yearly": 0
        },
        "20103": {
            "year_quarter": 20103,
            "year": 2010,
            "quarter": 3,
            "eps": null,
            "eps_growth_year": null,
            "eps_4q": null,
            "eps_4q_growth_year": null,
            "roe": null,
            "roe_4q": 11.63,
            "gross_profit": 233088,
            "gross_margin": null,
            "gross_margin_4q_avg": 4.4,
            "net_income": 303620,
            "revenue": 3721044,
            "common_shares": 4196500,
            "book_valuer_per_share": 13.79,
            "book_valuer_per_share_4q_avg": 12.87,
            "equity": 5787663,
            "current_ratio": 65.51,
            "debt_ratio": 59.65,
            "inventory_turnover_ratio": null,
            "account_receivable_turnover_ratio": null,
            "reinvestment_rate": null,
            "research_to_sale_ratio": null,
            "price_fair": 0,
            "eps_avg_yearly": 0,
            "eps_latest_yearly": 0,
            "eps_growth_yearly": 0
        },
        "20104": {
            "year_quarter": 20104,
            "year": 2010,
            "quarter": 4,
            "eps": null,
            "eps_growth_year": null,
            "eps_4q": null,
            "eps_4q_growth_year": null,
            "roe": null,
            "roe_4q": 11.63,
            "gross_profit": 2216668,
            "gross_margin": null,
            "gross_margin_4q_avg": 4.4,
            "net_income": 1643477,
            "revenue": 16342798,
            "common_shares": 4196500,
            "book_valuer_per_share": 14.6,
            "book_valuer_per_share_4q_avg": 13.55,
            "equity": 6125500,
            "current_ratio": 87.99,
            "debt_ratio": 60.16,
            "inventory_turnover_ratio": null,
            "account_receivable_turnover_ratio": null,
            "reinvestment_rate": null,
            "research_to_sale_ratio": null,
            "price_fair": 0,
            "eps_avg_yearly": 0,
            "eps_latest_yearly": 0,
            "eps_growth_yearly": 0
        },
        "20111": {
            "year_quarter": 20111,
            "year": 2011,
            "quarter": 1,
            "eps": 1.01,
            "eps_growth_year": null,
            "eps_4q": 2.45,
            "eps_4q_growth_year": null,
            "roe": 6.66,
            "roe_4q": 18.29,
            "gross_profit": 456020,
            "gross_margin": 10.83,
            "gross_margin_4q_avg": 7.11,
            "net_income": 422180,
            "revenue": 4210736,
            "common_shares": 4196500,
            "book_valuer_per_share": 15.64,
            "book_valuer_per_share_4q_avg": 14.28,
            "equity": 6561796,
            "current_ratio": 102.06,
            "debt_ratio": 57.87,
            "inventory_turnover_ratio": 1.52,
            "account_receivable_turnover_ratio": 1.45,
            "reinvestment_rate": null,
            "research_to_sale_ratio": 0.86,
            "price_fair": 0,
            "eps_avg_yearly": 0,
            "eps_latest_yearly": 0,
            "eps_growth_yearly": 0
        },
        "20112": {
            "year_quarter": 20112,
            "year": 2011,
            "quarter": 2,
            "eps": 0.92,
            "eps_growth_year": -36.04,
            "eps_4q": 1.93,
            "eps_4q_growth_year": null,
            "roe": 6.01,
            "roe_4q": 12.67,
            "gross_profit": 623419,
            "gross_margin": 12.19,
            "gross_margin_4q_avg": 5.76,
            "net_income": 387117,
            "revenue": 5112547,
            "common_shares": 4196500,
            "book_valuer_per_share": 15.04,
            "book_valuer_per_share_4q_avg": 14.77,
            "equity": 6310272,
            "current_ratio": 103.89,
            "debt_ratio": 58.75,
            "inventory_turnover_ratio": 1.82,
            "account_receivable_turnover_ratio": 1.6,
            "reinvestment_rate": null,
            "research_to_sale_ratio": 0.92,
            "price_fair": 11.04,
            "eps_avg_yearly": 3.68,
            "eps_latest_yearly": 3.68,
            "eps_growth_yearly": -35.64
        },
        "20113": {
            "year_quarter": 20113,
            "year": 2011,
            "quarter": 3,
            "eps": 0.21,
            "eps_growth_year": null,
            "eps_4q": 2.14,
            "eps_4q_growth_year": null,
            "roe": 1.37,
            "roe_4q": 14.04,
            "gross_profit": 423608,
            "gross_margin": 8.98,
            "gross_margin_4q_avg": 8,
            "net_income": 87913,
            "revenue": 4714600,
            "common_shares": 4196500,
            "book_valuer_per_share": 15.44,
            "book_valuer_per_share_4q_avg": 15.18,
            "equity": 6478532,
            "current_ratio": 100.98,
            "debt_ratio": 59.19,
            "inventory_turnover_ratio": 1.64,
            "account_receivable_turnover_ratio": 1.3,
            "reinvestment_rate": null,
            "research_to_sale_ratio": 1.06,
            "price_fair": 6.78,
            "eps_avg_yearly": 2.26,
            "eps_latest_yearly": 0.84,
            "eps_growth_yearly": -172.17
        },
        "20114": {
            "year_quarter": 20114,
            "year": 2011,
            "quarter": 4,
            "eps": 1.2,
            "eps_growth_year": null,
            "eps_4q": 3.22,
            "eps_4q_growth_year": null,
            "roe": 7.68,
            "roe_4q": 21.72,
            "gross_profit": 587092,
            "gross_margin": 11.83,
            "gross_margin_4q_avg": 10.96,
            "net_income": 531656,
            "revenue": 4963319,
            "common_shares": 4431700,
            "book_valuer_per_share": 16.61,
            "book_valuer_per_share_4q_avg": 15.68,
            "equity": 7360969,
            "current_ratio": 113.21,
            "debt_ratio": 61.87,
            "inventory_turnover_ratio": 1.49,
            "account_receivable_turnover_ratio": 1.12,
            "reinvestment_rate": null,
            "research_to_sale_ratio": 0.94,
            "price_fair": 108.73,
            "eps_avg_yearly": 3.11,
            "eps_latest_yearly": 4.8,
            "eps_growth_yearly": 513.79
        },
        "20121": {
            "year_quarter": 20121,
            "year": 2012,
            "quarter": 1,
            "eps": 1.05,
            "eps_growth_year": 3.96,
            "eps_4q": 3.32,
            "eps_4q_growth_year": 35.7,
            "roe": 6.13,
            "roe_4q": 21.189999999999998,
            "gross_profit": 601374,
            "gross_margin": 12.05,
            "gross_margin_4q_avg": 11.26,
            "net_income": 464810,
            "revenue": 4989625,
            "common_shares": 4431700,
            "book_valuer_per_share": 17.59,
            "book_valuer_per_share_4q_avg": 16.17,
            "equity": 7794826,
            "current_ratio": 122.38,
            "debt_ratio": 63.57,
            "inventory_turnover_ratio": 1.27,
            "account_receivable_turnover_ratio": 0.82,
            "reinvestment_rate": null,
            "research_to_sale_ratio": 0.94,
            "price_fair": 118.3,
            "eps_avg_yearly": 3.38,
            "eps_latest_yearly": 4.2,
            "eps_growth_yearly": 372.84
        },
        "20122": {
            "year_quarter": 20122,
            "year": 2012,
            "quarter": 2,
            "eps": 0.73,
            "eps_growth_year": -21.03,
            "eps_4q": 3.18,
            "eps_4q_growth_year": 64.65,
            "roe": 4.23,
            "roe_4q": 19.41,
            "gross_profit": 571683,
            "gross_margin": 11.48,
            "gross_margin_4q_avg": 11.09,
            "net_income": 320955,
            "revenue": 4981082,
            "common_shares": 4431700,
            "book_valuer_per_share": 16.47,
            "book_valuer_per_share_4q_avg": 16.53,
            "equity": 7371792,
            "current_ratio": 114.93,
            "debt_ratio": 63.3,
            "inventory_turnover_ratio": 1.23,
            "account_receivable_turnover_ratio": 0.71,
            "reinvestment_rate": null,
            "research_to_sale_ratio": 1.08,
            "price_fair": 115.08,
            "eps_avg_yearly": 3.29,
            "eps_latest_yearly": 2.92,
            "eps_growth_yearly": 273.89
        },
        "20123": {
            "year_quarter": 20123,
            "year": 2012,
            "quarter": 3,
            "eps": 0.78,
            "eps_growth_year": 274.12,
            "eps_4q": 3.47,
            "eps_4q_growth_year": 62.29,
            "roe": 4.67,
            "roe_4q": 22.71,
            "gross_profit": 562130,
            "gross_margin": 10.96,
            "gross_margin_4q_avg": 11.58,
            "net_income": 379746,
            "revenue": 5128676,
            "common_shares": 4911700,
            "book_valuer_per_share": 17.91,
            "book_valuer_per_share_4q_avg": 17.15,
            "equity": 8891709,
            "current_ratio": 119.67,
            "debt_ratio": 54.05,
            "inventory_turnover_ratio": 1.39,
            "account_receivable_turnover_ratio": 0.74,
            "reinvestment_rate": null,
            "research_to_sale_ratio": 1.41,
            "price_fair": 114.1,
            "eps_avg_yearly": 3.26,
            "eps_latest_yearly": 3.12,
            "eps_growth_yearly": 232.81
        },
        "20124": {
            "year_quarter": 20124,
            "year": 2012,
            "quarter": 4,
            "eps": 0.89,
            "eps_growth_year": -25.6,
            "eps_4q": 3.28,
            "eps_4q_growth_year": 1.73,
            "roe": 4.8,
            "roe_4q": 19.83,
            "gross_profit": 538320,
            "gross_margin": 10.61,
            "gross_margin_4q_avg": 11.28,
            "net_income": 437290,
            "revenue": 5072637,
            "common_shares": 4911700,
            "book_valuer_per_share": 18.8,
            "book_valuer_per_share_4q_avg": 17.69,
            "equity": 9329155,
            "current_ratio": 134.04,
            "debt_ratio": 47.48,
            "inventory_turnover_ratio": 1.37,
            "account_receivable_turnover_ratio": 0.81,
            "reinvestment_rate": null,
            "research_to_sale_ratio": 1.43,
            "price_fair": 115.6,
            "eps_avg_yearly": 3.3,
            "eps_latest_yearly": 3.56,
            "eps_growth_yearly": 207.61
        },
        "20131": {
            "year_quarter": 20131,
            "year": 2013,
            "quarter": 1,
            "eps": 0.92,
            "eps_growth_year": -12.38,
            "eps_4q": 3.25,
            "eps_4q_growth_year": -2.09,
            "roe": 4.65,
            "roe_4q": 18.35,
            "gross_profit": 494234,
            "gross_margin": 10.54,
            "gross_margin_4q_avg": 10.9,
            "net_income": 446179,
            "revenue": 4691230,
            "common_shares": 4911700,
            "book_valuer_per_share": 19.86,
            "book_valuer_per_share_4q_avg": 18.26,
            "equity": 9853787,
            "current_ratio": 146.24,
            "debt_ratio": 42.67,
            "inventory_turnover_ratio": 1.32,
            "account_receivable_turnover_ratio": 0.85,
            "reinvestment_rate": null,
            "research_to_sale_ratio": 1.42,
            "price_fair": 117.25,
            "eps_avg_yearly": 3.35,
            "eps_latest_yearly": 3.68,
            "eps_growth_yearly": 183.35
        },
        "20132": {
            "year_quarter": 20132,
            "year": 2013,
            "quarter": 2,
            "eps": 1.69,
            "eps_growth_year": 131.99,
            "eps_4q": 4.28,
            "eps_4q_growth_year": 34.85,
            "roe": 8.39,
            "roe_4q": 22.509999999999998,
            "gross_profit": 1058916,
            "gross_margin": 21.28,
            "gross_margin_4q_avg": 13.35,
            "net_income": 826600,
            "revenue": 4976569,
            "common_shares": 4911700,
            "book_valuer_per_share": 19.85,
            "book_valuer_per_share_4q_avg": 19.11,
            "equity": 9845589,
            "current_ratio": 129.84,
            "debt_ratio": 44.15,
            "inventory_turnover_ratio": 1.43,
            "account_receivable_turnover_ratio": 0.9,
            "reinvestment_rate": null,
            "research_to_sale_ratio": 1.41,
            "price_fair": 130.51,
            "eps_avg_yearly": 3.73,
            "eps_latest_yearly": 6.76,
            "eps_growth_yearly": 200.17
        },
        "20133": {
            "year_quarter": 20133,
            "year": 2013,
            "quarter": 3,
            "eps": 1.33,
            "eps_growth_year": 69.7,
            "eps_4q": 4.83,
            "eps_4q_growth_year": 39.15,
            "roe": 6.4,
            "roe_4q": 24.240000000000002,
            "gross_profit": 840775,
            "gross_margin": 19.59,
            "gross_margin_4q_avg": 15.51,
            "net_income": 650218,
            "revenue": 4291283,
            "common_shares": 4911700,
            "book_valuer_per_share": 21.15,
            "book_valuer_per_share_4q_avg": 19.92,
            "equity": 10479648,
            "current_ratio": 150.49,
            "debt_ratio": 36.91,
            "inventory_turnover_ratio": 1.47,
            "account_receivable_turnover_ratio": 0.83,
            "reinvestment_rate": null,
            "research_to_sale_ratio": 1.79,
            "price_fair": 136.08,
            "eps_avg_yearly": 3.89,
            "eps_latest_yearly": 5.32,
            "eps_growth_yearly": 171.63
        },
        "20134": {
            "year_quarter": 20134,
            "year": 2013,
            "quarter": 4,
            "eps": 1.04,
            "eps_growth_year": 17.06,
            "eps_4q": 4.98,
            "eps_4q_growth_year": 51.85,
            "roe": 4.74,
            "roe_4q": 24.18,
            "gross_profit": 612423,
            "gross_margin": 15.73,
            "gross_margin_4q_avg": 16.79,
            "net_income": 508900,
            "revenue": 3893497,
            "common_shares": 4911700,
            "book_valuer_per_share": 22.24,
            "book_valuer_per_share_4q_avg": 20.78,
            "equity": 11013621,
            "current_ratio": 178.41,
            "debt_ratio": 30.53,
            "inventory_turnover_ratio": 1.6,
            "account_receivable_turnover_ratio": 0.85,
            "reinvestment_rate": -18.59,
            "research_to_sale_ratio": 2.15,
            "price_fair": 136.95,
            "eps_avg_yearly": 3.91,
            "eps_latest_yearly": 4.16,
            "eps_growth_yearly": 148.1
        },
        "20141": {
            "year_quarter": 20141,
            "year": 2014,
            "quarter": 1,
            "eps": 1.08,
            "eps_growth_year": 17.39,
            "eps_4q": 5.15,
            "eps_4q_growth_year": 58.29,
            "roe": 4.69,
            "roe_4q": 24.22,
            "gross_profit": 681101,
            "gross_margin": 17.53,
            "gross_margin_4q_avg": 18.53,
            "net_income": 529020,
            "revenue": 3884762,
            "common_shares": 4911700,
            "book_valuer_per_share": 23.3,
            "book_valuer_per_share_4q_avg": 21.64,
            "equity": 11532043,
            "current_ratio": 199.8,
            "debt_ratio": 35.95,
            "inventory_turnover_ratio": 1.59,
            "account_receivable_turnover_ratio": 0.88,
            "reinvestment_rate": -21.5,
            "research_to_sale_ratio": 1.84,
            "price_fair": 138.13,
            "eps_avg_yearly": 3.95,
            "eps_latest_yearly": 4.32,
            "eps_growth_yearly": 137.04
        },
        "20142": {
            "year_quarter": 20142,
            "year": 2014,
            "quarter": 2,
            "eps": 0.94,
            "eps_growth_year": -44.38,
            "eps_4q": 4.18,
            "eps_4q_growth_year": -2.28,
            "roe": 3.92,
            "roe_4q": 19.75,
            "gross_profit": 909166,
            "gross_margin": 22.09,
            "gross_margin_4q_avg": 18.74,
            "net_income": 455945,
            "revenue": 4115887,
            "common_shares": 4911700,
            "book_valuer_per_share": 23.66,
            "book_valuer_per_share_4q_avg": 22.59,
            "equity": 11702146,
            "current_ratio": 205.29,
            "debt_ratio": 35.86,
            "inventory_turnover_ratio": 1.53,
            "account_receivable_turnover_ratio": 0.91,
            "reinvestment_rate": -33.22,
            "research_to_sale_ratio": 1.74,
            "price_fair": 137.63,
            "eps_avg_yearly": 3.93,
            "eps_latest_yearly": 3.76,
            "eps_growth_yearly": 122.51
        },
        "20143": {
            "year_quarter": 20143,
            "year": 2014,
            "quarter": 3,
            "eps": 1.1,
            "eps_growth_year": -17.29,
            "eps_4q": 4.02,
            "eps_4q_growth_year": -16.73,
            "roe": 4.72,
            "roe_4q": 18.07,
            "gross_profit": 631748,
            "gross_margin": 15.92,
            "gross_margin_4q_avg": 17.82,
            "net_income": 567011,
            "revenue": 3967420,
            "common_shares": 5157285,
            "book_valuer_per_share": 23.78,
            "book_valuer_per_share_4q_avg": 23.25,
            "equity": 12344760,
            "current_ratio": 207.03,
            "debt_ratio": 29.35,
            "inventory_turnover_ratio": 1.63,
            "account_receivable_turnover_ratio": 0.86,
            "reinvestment_rate": -22.81,
            "research_to_sale_ratio": 2.17,
            "price_fair": 138.8,
            "eps_avg_yearly": 3.97,
            "eps_latest_yearly": 4.4,
            "eps_growth_yearly": 118.62
        },
        "20144": {
            "year_quarter": 20144,
            "year": 2014,
            "quarter": 4,
            "eps": 1.33,
            "eps_growth_year": 27.73,
            "eps_4q": 4.36,
            "eps_4q_growth_year": -12.46,
            "roe": 5.4,
            "roe_4q": 18.73,
            "gross_profit": 676309,
            "gross_margin": 17.57,
            "gross_margin_4q_avg": 18.28,
            "net_income": 687657,
            "revenue": 3850217,
            "common_shares": 5157285,
            "book_valuer_per_share": 25.33,
            "book_valuer_per_share_4q_avg": 24.02,
            "equity": 13140971,
            "current_ratio": 229.75,
            "debt_ratio": 26.86,
            "inventory_turnover_ratio": 1.55,
            "account_receivable_turnover_ratio": 0.84,
            "reinvestment_rate": -30.21,
            "research_to_sale_ratio": 2.6,
            "price_fair": 141.96,
            "eps_avg_yearly": 4.06,
            "eps_latest_yearly": 5.32,
            "eps_growth_yearly": 116.29
        },
        "20151": {
            "year_quarter": 20151,
            "year": 2015,
            "quarter": 1,
            "eps": 0.81,
            "eps_growth_year": -25,
            "eps_4q": 4.14,
            "eps_4q_growth_year": -19.52,
            "roe": 3.13,
            "roe_4q": 17.17,
            "gross_profit": 686134,
            "gross_margin": 20.41,
            "gross_margin_4q_avg": 19,
            "net_income": 416979,
            "revenue": 3361649,
            "common_shares": 5157285,
            "book_valuer_per_share": 26.07,
            "book_valuer_per_share_4q_avg": 24.71,
            "equity": 13521231,
            "current_ratio": 253.56,
            "debt_ratio": 23.65,
            "inventory_turnover_ratio": 1.24,
            "account_receivable_turnover_ratio": 0.77,
            "reinvestment_rate": -32.93,
            "research_to_sale_ratio": 2.56,
            "price_fair": 140.18,
            "eps_avg_yearly": 4.01,
            "eps_latest_yearly": 3.24,
            "eps_growth_yearly": 99.25
        },
        "20152": {
            "year_quarter": 20152,
            "year": 2015,
            "quarter": 2,
            "eps": 0.42,
            "eps_growth_year": -55.32,
            "eps_4q": 3.67,
            "eps_4q_growth_year": -12.25,
            "roe": 1.67,
            "roe_4q": 14.919999999999998,
            "gross_profit": 498338,
            "gross_margin": 15.57,
            "gross_margin_4q_avg": 17.37,
            "net_income": 215896,
            "revenue": 3199757,
            "common_shares": 5157285,
            "book_valuer_per_share": 23.8,
            "book_valuer_per_share_4q_avg": 24.75,
            "equity": 12313322,
            "current_ratio": 208.8,
            "debt_ratio": 28.64,
            "inventory_turnover_ratio": 1.32,
            "account_receivable_turnover_ratio": 0.81,
            "reinvestment_rate": -34,
            "research_to_sale_ratio": 2.3,
            "price_fair": 135.8,
            "eps_avg_yearly": 3.88,
            "eps_latest_yearly": 1.68,
            "eps_growth_yearly": 89.44
        },
        "20153": {
            "year_quarter": 20153,
            "year": 2015,
            "quarter": 3,
            "eps": 0.61,
            "eps_growth_year": -44.55,
            "eps_4q": 3.18,
            "eps_4q_growth_year": -20.82,
            "roe": 2.52,
            "roe_4q": 12.719999999999999,
            "gross_profit": 311580,
            "gross_margin": 10.35,
            "gross_margin_4q_avg": 15.98,
            "net_income": 318174,
            "revenue": 3011677,
            "common_shares": 5157285,
            "book_valuer_per_share": 24.74,
            "book_valuer_per_share_4q_avg": 24.99,
            "equity": 12987198,
            "current_ratio": 219.07,
            "debt_ratio": 28.07,
            "inventory_turnover_ratio": 1.41,
            "account_receivable_turnover_ratio": 0.85,
            "reinvestment_rate": -30.59,
            "research_to_sale_ratio": 1.84,
            "price_fair": 139.3,
            "eps_avg_yearly": 3.98,
            "eps_latest_yearly": 2.44,
            "eps_growth_yearly": 120.04
        },
        "20154": {
            "year_quarter": 20154,
            "year": 2015,
            "quarter": 4,
            "eps": 0.18,
            "eps_growth_year": -86.14,
            "eps_4q": 2.03,
            "eps_4q_growth_year": -53.36,
            "roe": 0.74,
            "roe_4q": 8.059999999999999,
            "gross_profit": 292955,
            "gross_margin": 9.23,
            "gross_margin_4q_avg": 13.89,
            "net_income": 96110,
            "revenue": 3174212,
            "common_shares": 5157285,
            "book_valuer_per_share": 24.65,
            "book_valuer_per_share_4q_avg": 24.82,
            "equity": 12933153,
            "current_ratio": 213.77,
            "debt_ratio": 26.95,
            "inventory_turnover_ratio": 1.44,
            "account_receivable_turnover_ratio": 0.91,
            "reinvestment_rate": -26.22,
            "research_to_sale_ratio": 1.96,
            "price_fair": 11.18,
            "eps_avg_yearly": 3.73,
            "eps_latest_yearly": 0.72,
            "eps_growth_yearly": -15.44
        },
        "20161": {
            "year_quarter": 20161,
            "year": 2016,
            "quarter": 1,
            "eps": -0.7,
            "eps_growth_year": -186.42,
            "eps_4q": 0.52,
            "eps_4q_growth_year": -87.47,
            "roe": -2.83,
            "roe_4q": 2.1,
            "gross_profit": -26929,
            "gross_margin": -1.15,
            "gross_margin_4q_avg": 8.5,
            "net_income": -360866,
            "revenue": 2347214,
            "common_shares": 5157285,
            "book_valuer_per_share": 23.91,
            "book_valuer_per_share_4q_avg": 24.28,
            "equity": 12554592,
            "current_ratio": 235.29,
            "debt_ratio": 26.3,
            "inventory_turnover_ratio": 1.23,
            "account_receivable_turnover_ratio": 0.76,
            "reinvestment_rate": -24.44,
            "research_to_sale_ratio": 2.8,
            "price_fair": 11.08,
            "eps_avg_yearly": 3.69,
            "eps_latest_yearly": 0.72,
            "eps_growth_yearly": -13.13
        },
        "20162": {
            "year_quarter": 20162,
            "year": 2016,
            "quarter": 2,
            "eps": -0.95,
            "eps_growth_year": -326.19,
            "eps_4q": -0.85,
            "eps_4q_growth_year": -123.27,
            "roe": -3.71,
            "roe_4q": -3.28,
            "gross_profit": -138172,
            "gross_margin": -5.25,
            "gross_margin_4q_avg": 3.3,
            "net_income": -491530,
            "revenue": 2630909,
            "common_shares": 5157285,
            "book_valuer_per_share": 22.34,
            "book_valuer_per_share_4q_avg": 23.91,
            "equity": 13921165,
            "current_ratio": 255.92,
            "debt_ratio": 22.09,
            "inventory_turnover_ratio": 1.62,
            "account_receivable_turnover_ratio": 0.96,
            "reinvestment_rate": -20.65,
            "research_to_sale_ratio": 2.91,
            "price_fair": 11.25,
            "eps_avg_yearly": 3.75,
            "eps_latest_yearly": 0.72,
            "eps_growth_yearly": -5.36
        },
        "20163": {
            "year_quarter": 20163,
            "year": 2016,
            "quarter": 3,
            "eps": -0.86,
            "eps_growth_year": -240.98,
            "eps_4q": -2.33,
            "eps_4q_growth_year": -173.25,
            "roe": -3.35,
            "roe_4q": -9.15,
            "gross_profit": -312111,
            "gross_margin": -11.56,
            "gross_margin_4q_avg": -2.18,
            "net_income": -455679,
            "revenue": 2700101,
            "common_shares": 5157285,
            "book_valuer_per_share": 21.24,
            "book_valuer_per_share_4q_avg": 23.04,
            "equity": 13262700,
            "current_ratio": 220.43,
            "debt_ratio": 26.63,
            "inventory_turnover_ratio": 1.78,
            "account_receivable_turnover_ratio": 0.95,
            "reinvestment_rate": -33.56,
            "research_to_sale_ratio": 3.19,
            "price_fair": 11.39,
            "eps_avg_yearly": 3.8,
            "eps_latest_yearly": 0.72,
            "eps_growth_yearly": -7.88
        },
        "20164": {
            "year_quarter": 20164,
            "year": 2016,
            "quarter": 4,
            "eps": -0.36,
            "eps_growth_year": -294.97,
            "eps_4q": -2.88,
            "eps_4q_growth_year": -241.49,
            "roe": -1.34,
            "roe_4q": -11.23,
            "gross_profit": -319543,
            "gross_margin": -11.85,
            "gross_margin_4q_avg": -7.45,
            "net_income": -175787,
            "revenue": 2695948,
            "common_shares": 5157285,
            "book_valuer_per_share": 20.77,
            "book_valuer_per_share_4q_avg": 22.07,
            "equity": 12999532,
            "current_ratio": 139.31,
            "debt_ratio": 36.9,
            "inventory_turnover_ratio": 1.59,
            "account_receivable_turnover_ratio": 0.92,
            "reinvestment_rate": 41.8,
            "research_to_sale_ratio": 4.1,
            "price_fair": 11.45,
            "eps_avg_yearly": 3.82,
            "eps_latest_yearly": 0.72,
            "eps_growth_yearly": -13.24
        },
        "20171": {
            "year_quarter": 20171,
            "year": 2017,
            "quarter": 1,
            "eps": -0.87,
            "eps_growth_year": null,
            "eps_4q": -3.05,
            "eps_4q_growth_year": -687.03,
            "roe": -3.64,
            "roe_4q": -12.04,
            "gross_profit": -176532,
            "gross_margin": -6.46,
            "gross_margin_4q_avg": -8.78,
            "net_income": -459890,
            "revenue": 2734789,
            "common_shares": 5157285,
            "book_valuer_per_share": 19.63,
            "book_valuer_per_share_4q_avg": 21,
            "equity": 12302378,
            "current_ratio": 109.09,
            "debt_ratio": 42.28,
            "inventory_turnover_ratio": 1.38,
            "account_receivable_turnover_ratio": 0.9,
            "reinvestment_rate": 97.04,
            "research_to_sale_ratio": 3.56,
            "price_fair": 11.49,
            "eps_avg_yearly": 3.83,
            "eps_latest_yearly": 0.72,
            "eps_growth_yearly": -15.67
        },
        "20172": {
            "year_quarter": 20172,
            "year": 2017,
            "quarter": 2,
            "eps": -0.48,
            "eps_growth_year": null,
            "eps_4q": -2.58,
            "eps_4q_growth_year": null,
            "roe": -2.62,
            "roe_4q": -10.95,
            "gross_profit": -210088,
            "gross_margin": -7.58,
            "gross_margin_4q_avg": -9.36,
            "net_income": -319732,
            "revenue": 2770193,
            "common_shares": 5157285,
            "book_valuer_per_share": 19.24,
            "book_valuer_per_share_4q_avg": 20.22,
            "equity": 12069181,
            "current_ratio": 102.41,
            "debt_ratio": 43.72,
            "inventory_turnover_ratio": 1.3,
            "account_receivable_turnover_ratio": 0.84,
            "reinvestment_rate": 171.06,
            "research_to_sale_ratio": 3.89,
            "price_fair": 10.61,
            "eps_avg_yearly": 3.54,
            "eps_latest_yearly": 0.72,
            "eps_growth_yearly": -50.72
        },
        "20173": {
            "year_quarter": 20173,
            "year": 2017,
            "quarter": 3,
            "eps": -0.59,
            "eps_growth_year": null,
            "eps_4q": -1.81,
            "eps_4q_growth_year": null,
            "roe": -3.25,
            "roe_4q": -10.85,
            "gross_profit": -279219,
            "gross_margin": -9.94,
            "gross_margin_4q_avg": -8.96,
            "net_income": -418137,
            "revenue": 2810244,
            "common_shares": 6657285,
            "book_valuer_per_share": 17.34,
            "book_valuer_per_share_4q_avg": 19.25,
            "equity": 13624238,
            "current_ratio": 118.22,
            "debt_ratio": 42,
            "inventory_turnover_ratio": 1.39,
            "account_receivable_turnover_ratio": 0.82,
            "reinvestment_rate": 314.66,
            "research_to_sale_ratio": 3.3,
            "price_fair": 10.01,
            "eps_avg_yearly": 3.34,
            "eps_latest_yearly": 0.72,
            "eps_growth_yearly": -46.88
        },
        "20174": {
            "year_quarter": 20174,
            "year": 2017,
            "quarter": 4,
            "eps": -0.31,
            "eps_growth_year": null,
            "eps_4q": -1.84,
            "eps_4q_growth_year": null,
            "roe": -2.62,
            "roe_4q": -12.13,
            "gross_profit": -83273,
            "gross_margin": -2.66,
            "gross_margin_4q_avg": -6.66,
            "net_income": -352267,
            "revenue": 3125546,
            "common_shares": 6657285,
            "book_valuer_per_share": 17.04,
            "book_valuer_per_share_4q_avg": 18.31,
            "equity": 13281271,
            "current_ratio": 114.93,
            "debt_ratio": 43.38,
            "inventory_turnover_ratio": 1.49,
            "account_receivable_turnover_ratio": 0.91,
            "reinvestment_rate": 691.78,
            "research_to_sale_ratio": 4.58,
            "price_fair": 9.71,
            "eps_avg_yearly": 3.24,
            "eps_latest_yearly": 0.72,
            "eps_growth_yearly": -41.84
        },
        "20181": {
            "year_quarter": 20181,
            "year": 2018,
            "quarter": 1,
            "eps": -0.51,
            "eps_growth_year": null,
            "eps_4q": -1.68,
            "eps_4q_growth_year": null,
            "roe": -2.97,
            "roe_4q": -11.46,
            "gross_profit": -113990,
            "gross_margin": -3.96,
            "gross_margin_4q_avg": -6.04,
            "net_income": -390252,
            "revenue": 2882022,
            "common_shares": 6657285,
            "book_valuer_per_share": 16.61,
            "book_valuer_per_share_4q_avg": 17.56,
            "equity": 12978089,
            "current_ratio": 96.4,
            "debt_ratio": 48.85,
            "inventory_turnover_ratio": 1.23,
            "account_receivable_turnover_ratio": 0.83,
            "reinvestment_rate": null,
            "research_to_sale_ratio": 3.74,
            "price_fair": 9.24,
            "eps_avg_yearly": 3.08,
            "eps_latest_yearly": 0.72,
            "eps_growth_yearly": -50.02
        },
        "20182": {
            "year_quarter": 20182,
            "year": 2018,
            "quarter": 2,
            "eps": -0.33,
            "eps_growth_year": null,
            "eps_4q": -1.63,
            "eps_4q_growth_year": null,
            "roe": -2.73,
            "roe_4q": -11.57,
            "gross_profit": -49969,
            "gross_margin": -1.81,
            "gross_margin_4q_avg": -4.59,
            "net_income": -361130,
            "revenue": 2758734,
            "common_shares": 6657285,
            "book_valuer_per_share": 16.24,
            "book_valuer_per_share_4q_avg": 16.81,
            "equity": 13439226,
            "current_ratio": 94.45,
            "debt_ratio": 48.34,
            "inventory_turnover_ratio": 1.1,
            "account_receivable_turnover_ratio": 0.85,
            "reinvestment_rate": null,
            "research_to_sale_ratio": 4.29,
            "price_fair": 8.9,
            "eps_avg_yearly": 2.97,
            "eps_latest_yearly": 0.72,
            "eps_growth_yearly": -49.71
        },
        "20183": {
            "year_quarter": 20183,
            "year": 2018,
            "quarter": 3,
            "eps": 0.07,
            "eps_growth_year": null,
            "eps_4q": -1.08,
            "eps_4q_growth_year": null,
            "roe": -0.77,
            "roe_4q": -9.09,
            "gross_profit": 425702,
            "gross_margin": 11.99,
            "gross_margin_4q_avg": 0.89,
            "net_income": -105302,
            "revenue": 3551277,
            "common_shares": 6657285,
            "book_valuer_per_share": 16.12,
            "book_valuer_per_share_4q_avg": 16.5,
            "equity": 13890046,
            "current_ratio": 103.23,
            "debt_ratio": 50.43,
            "inventory_turnover_ratio": 1.1,
            "account_receivable_turnover_ratio": 1,
            "reinvestment_rate": null,
            "research_to_sale_ratio": 3.49,
            "price_fair": 8.04,
            "eps_avg_yearly": 2.68,
            "eps_latest_yearly": 0.72,
            "eps_growth_yearly": -73.27
        },
        "20184": {
            "year_quarter": 20184,
            "year": 2018,
            "quarter": 4,
            "eps": -0.1,
            "eps_growth_year": null,
            "eps_4q": -0.87,
            "eps_4q_growth_year": null,
            "roe": -0.82,
            "roe_4q": -7.290000000000001,
            "gross_profit": 376961,
            "gross_margin": 9.53,
            "gross_margin_4q_avg": 3.94,
            "net_income": -114712,
            "revenue": 3957508,
            "common_shares": 6657285,
            "book_valuer_per_share": 15.86,
            "book_valuer_per_share_4q_avg": 16.21,
            "equity": 14261519,
            "current_ratio": 107.49,
            "debt_ratio": 47.78,
            "inventory_turnover_ratio": 1,
            "account_receivable_turnover_ratio": 0.92,
            "reinvestment_rate": null,
            "research_to_sale_ratio": 2.52,
            "price_fair": 6.06,
            "eps_avg_yearly": 2.02,
            "eps_latest_yearly": 0.72,
            "eps_growth_yearly": -112.5
        },
        "20191": {
            "year_quarter": 20191,
            "year": 2019,
            "quarter": 1,
            "eps": -0.21,
            "eps_growth_year": null,
            "eps_4q": -0.57,
            "eps_4q_growth_year": null,
            "roe": -0.42,
            "roe_4q": -4.74,
            "gross_profit": 83653,
            "gross_margin": 2.08,
            "gross_margin_4q_avg": 5.45,
            "net_income": -59459,
            "revenue": 4024327,
            "common_shares": 6657285,
            "book_valuer_per_share": 15.7,
            "book_valuer_per_share_4q_avg": 15.98,
            "equity": 14320735,
            "current_ratio": 105.18,
            "debt_ratio": 49.43,
            "inventory_turnover_ratio": 1.09,
            "account_receivable_turnover_ratio": 0.85,
            "reinvestment_rate": null,
            "research_to_sale_ratio": 2.54,
            "price_fair": 4.84,
            "eps_avg_yearly": 1.61,
            "eps_latest_yearly": 0.72,
            "eps_growth_yearly": -97.87
        },
        "20192": {
            "year_quarter": 20192,
            "year": 2019,
            "quarter": 2,
            "eps": -0.39,
            "eps_growth_year": null,
            "eps_4q": -0.63,
            "eps_4q_growth_year": null,
            "roe": -2.2,
            "roe_4q": -4.21,
            "gross_profit": 248616,
            "gross_margin": 6.7,
            "gross_margin_4q_avg": 7.58,
            "net_income": -310122,
            "revenue": 3711293,
            "common_shares": 6657285,
            "book_valuer_per_share": 15.16,
            "book_valuer_per_share_4q_avg": 15.71,
            "equity": 13859749,
            "current_ratio": 100.12,
            "debt_ratio": 49.1,
            "inventory_turnover_ratio": 1.13,
            "account_receivable_turnover_ratio": 0.82,
            "reinvestment_rate": null,
            "research_to_sale_ratio": 2.66,
            "price_fair": 4.74,
            "eps_avg_yearly": 1.58,
            "eps_latest_yearly": 0.72,
            "eps_growth_yearly": -50.51
        },
        "20193": {
            "year_quarter": 20193,
            "year": 2019,
            "quarter": 3,
            "eps": -0.37,
            "eps_growth_year": -628.57,
            "eps_4q": -1.07,
            "eps_4q_growth_year": null,
            "roe": -2.52,
            "roe_4q": -5.960000000000001,
            "gross_profit": 109867,
            "gross_margin": 3.19,
            "gross_margin_4q_avg": 5.38,
            "net_income": -341303,
            "revenue": 3444173,
            "common_shares": 6657285,
            "book_valuer_per_share": 14.54,
            "book_valuer_per_share_4q_avg": 15.32,
            "equity": 13213478,
            "current_ratio": 97.21,
            "debt_ratio": 48.76,
            "inventory_turnover_ratio": 1.09,
            "account_receivable_turnover_ratio": 0.89,
            "reinvestment_rate": null,
            "research_to_sale_ratio": 3.67,
            "price_fair": 2.16,
            "eps_avg_yearly": 0.72,
            "eps_latest_yearly": 0.72,
            "eps_growth_yearly": -281.97
        },
        "20194": {
            "year_quarter": 20194,
            "year": 2019,
            "quarter": 4,
            "eps": -0.07,
            "eps_growth_year": null,
            "eps_4q": -1.03,
            "eps_4q_growth_year": null,
            "roe": -0.43,
            "roe_4q": -5.57,
            "gross_profit": 127342,
            "gross_margin": 3.43,
            "gross_margin_4q_avg": 3.85,
            "net_income": -49562,
            "revenue": 3716457,
            "common_shares": 6657285,
            "book_valuer_per_share": 14.51,
            "book_valuer_per_share_4q_avg": 14.98,
            "equity": 9674763,
            "current_ratio": 129.5,
            "debt_ratio": 31.93,
            "inventory_turnover_ratio": 1.32,
            "account_receivable_turnover_ratio": 1.26,
            "reinvestment_rate": null,
            "research_to_sale_ratio": 3.54,
            "price_fair": 0,
            "eps_avg_yearly": 0,
            "eps_latest_yearly": 0,
            "eps_growth_yearly": 0
        },
        "20201": {
            "year_quarter": 20201,
            "year": 2020,
            "quarter": 1,
            "eps": -0.31,
            "eps_growth_year": null,
            "eps_4q": -1.14,
            "eps_4q_growth_year": null,
            "roe": -2.2,
            "roe_4q": -7.3500000000000005,
            "gross_profit": -60373,
            "gross_margin": -3.1,
            "gross_margin_4q_avg": 2.56,
            "net_income": -209928,
            "revenue": 1949215,
            "common_shares": 6657285,
            "book_valuer_per_share": 14.12,
            "book_valuer_per_share_4q_avg": 14.58,
            "equity": 9413032,
            "current_ratio": 128.84,
            "debt_ratio": 31.38,
            "inventory_turnover_ratio": 0.98,
            "account_receivable_turnover_ratio": 0.84,
            "reinvestment_rate": null,
            "research_to_sale_ratio": 1.9,
            "price_fair": 0,
            "eps_avg_yearly": 0,
            "eps_latest_yearly": 0,
            "eps_growth_yearly": 0
        },
        "20202": {
            "year_quarter": 20202,
            "year": 2020,
            "quarter": 2,
            "eps": -0.01,
            "eps_growth_year": null,
            "eps_4q": -0.76,
            "eps_4q_growth_year": null,
            "roe": -0.09,
            "roe_4q": -5.24,
            "gross_profit": 87592,
            "gross_margin": 3.72,
            "gross_margin_4q_avg": 1.81,
            "net_income": -8529,
            "revenue": 2356922,
            "common_shares": 6657285,
            "book_valuer_per_share": 14,
            "book_valuer_per_share_4q_avg": 14.29,
            "equity": 9329282,
            "current_ratio": 127.87,
            "debt_ratio": 31.78,
            "inventory_turnover_ratio": 1.29,
            "account_receivable_turnover_ratio": 0.97,
            "reinvestment_rate": null,
            "research_to_sale_ratio": 2.11,
            "price_fair": 0,
            "eps_avg_yearly": 0,
            "eps_latest_yearly": 0,
            "eps_growth_yearly": 0
        },
        "20203": {
            "year_quarter": 20203,
            "year": 2020,
            "quarter": 3,
            "eps": 0.01,
            "eps_growth_year": null,
            "eps_4q": -0.38,
            "eps_4q_growth_year": null,
            "roe": 0.03,
            "roe_4q": -2.6900000000000004,
            "gross_profit": 105838,
            "gross_margin": 4.43,
            "gross_margin_4q_avg": 2.12,
            "net_income": 2771,
            "revenue": 2389394,
            "common_shares": 6657285,
            "book_valuer_per_share": 14.12,
            "book_valuer_per_share_4q_avg": 14.19,
            "equity": 9414717,
            "current_ratio": 132.56,
            "debt_ratio": 32.09,
            "inventory_turnover_ratio": 1.19,
            "account_receivable_turnover_ratio": 1.01,
            "reinvestment_rate": null,
            "research_to_sale_ratio": 2.25,
            "price_fair": 0,
            "eps_avg_yearly": 0,
            "eps_latest_yearly": 0,
            "eps_growth_yearly": 0
        },
        "20204": {
            "year_quarter": 20204,
            "year": 2020,
            "quarter": 4,
            "eps": 0.19,
            "eps_growth_year": null,
            "eps_4q": -0.13,
            "eps_4q_growth_year": null,
            "roe": 1.3,
            "roe_4q": -0.9600000000000002,
            "gross_profit": 174696,
            "gross_margin": 6.33,
            "gross_margin_4q_avg": 2.85,
            "net_income": 124215,
            "revenue": 2761344,
            "common_shares": 6657285,
            "book_valuer_per_share": 14.45,
            "book_valuer_per_share_4q_avg": 14.17,
            "equity": 9621616,
            "current_ratio": 135.98,
            "debt_ratio": 33.97,
            "inventory_turnover_ratio": 1.08,
            "account_receivable_turnover_ratio": 1.15,
            "reinvestment_rate": null,
            "research_to_sale_ratio": 1.85,
            "price_fair": 26.6,
            "eps_avg_yearly": 0.76,
            "eps_latest_yearly": 0.76,
            "eps_growth_yearly": 7200
        },
        "20211": {
            "year_quarter": 20211,
            "year": 2021,
            "quarter": 1,
            "eps": 0.37,
            "eps_growth_year": null,
            "eps_4q": 0.56,
            "eps_4q_growth_year": null,
            "roe": 2.54,
            "roe_4q": 3.78,
            "gross_profit": 142239,
            "gross_margin": 5.18,
            "gross_margin_4q_avg": 4.92,
            "net_income": 249218,
            "revenue": 2746361,
            "common_shares": 6657285,
            "book_valuer_per_share": 15,
            "book_valuer_per_share_4q_avg": 14.39,
            "equity": 9988683,
            "current_ratio": 141.96,
            "debt_ratio": 33.49,
            "inventory_turnover_ratio": 1.07,
            "account_receivable_turnover_ratio": 0.98,
            "reinvestment_rate": null,
            "research_to_sale_ratio": 1.54,
            "price_fair": 39.2,
            "eps_avg_yearly": 1.12,
            "eps_latest_yearly": 1.48,
            "eps_growth_yearly": 3789.47
        },
        "20212": {
            "year_quarter": 20212,
            "year": 2021,
            "quarter": 2,
            "eps": 0.34,
            "eps_growth_year": null,
            "eps_4q": 0.9,
            "eps_4q_growth_year": null,
            "roe": 2.25,
            "roe_4q": 6.12,
            "gross_profit": 221595,
            "gross_margin": 8.06,
            "gross_margin_4q_avg": 6,
            "net_income": 226445,
            "revenue": 2747626,
            "common_shares": 6707285,
            "book_valuer_per_share": 15.16,
            "book_valuer_per_share_4q_avg": 14.68,
            "equity": 10170154,
            "current_ratio": 144.4,
            "debt_ratio": 32.96,
            "inventory_turnover_ratio": 1.04,
            "account_receivable_turnover_ratio": 0.96,
            "reinvestment_rate": null,
            "research_to_sale_ratio": 1.51,
            "price_fair": 42,
            "eps_avg_yearly": 1.2,
            "eps_latest_yearly": 1.36,
            "eps_growth_yearly": 2515.5
        },
        "20213": {
            "year_quarter": 20213,
            "year": 2021,
            "quarter": 3,
            "eps": 0.37,
            "eps_growth_year": 3600,
            "eps_4q": 1.26,
            "eps_4q_growth_year": null,
            "roe": 2.38,
            "roe_4q": 8.47,
            "gross_profit": 278492,
            "gross_margin": 9.87,
            "gross_margin_4q_avg": 7.36,
            "net_income": 245383,
            "revenue": 2821542,
            "common_shares": 6707285,
            "book_valuer_per_share": 15.53,
            "book_valuer_per_share_4q_avg": 15.04,
            "equity": 10413519,
            "current_ratio": 242.19,
            "debt_ratio": 33.5,
            "inventory_turnover_ratio": 1.02,
            "account_receivable_turnover_ratio": 1.02,
            "reinvestment_rate": null,
            "research_to_sale_ratio": 1.99,
            "price_fair": 44.45,
            "eps_avg_yearly": 1.27,
            "eps_latest_yearly": 1.48,
            "eps_growth_yearly": 1895.45
        },
        "20214": {
            "year_quarter": 20214,
            "year": 2021,
            "quarter": 4,
            "eps": 0.06,
            "eps_growth_year": -66.59,
            "eps_4q": 1.13,
            "eps_4q_growth_year": null,
            "roe": 0.4,
            "roe_4q": 7.569999999999999,
            "gross_profit": 266440,
            "gross_margin": 9.45,
            "gross_margin_4q_avg": 8.14,
            "net_income": 42146,
            "revenue": 2818864,
            "common_shares": 6755335,
            "book_valuer_per_share": 15.5,
            "book_valuer_per_share_4q_avg": 15.3,
            "equity": 10473199,
            "current_ratio": 246.52,
            "debt_ratio": 33.48,
            "inventory_turnover_ratio": 1.03,
            "account_receivable_turnover_ratio": 1.02,
            "reinvestment_rate": null,
            "research_to_sale_ratio": 2.9,
            "price_fair": 37.24,
            "eps_avg_yearly": 1.06,
            "eps_latest_yearly": 0.24,
            "eps_growth_yearly": 1449.33
        },
        "20221": {
            "year_quarter": 20221,
            "year": 2022,
            "quarter": 1,
            "eps": 0.18,
            "eps_growth_year": -51.35,
            "eps_4q": 0.94,
            "eps_4q_growth_year": 69.12,
            "roe": 1.15,
            "roe_4q": 6.18,
            "gross_profit": 273768,
            "gross_margin": 9.83,
            "gross_margin_4q_avg": 9.3,
            "net_income": 121274,
            "revenue": 2784620,
            "common_shares": 6755335,
            "book_valuer_per_share": 15.79,
            "book_valuer_per_share_4q_avg": 15.5,
            "equity": 10665594,
            "current_ratio": 364.08,
            "debt_ratio": 33.93,
            "inventory_turnover_ratio": 0.99,
            "account_receivable_turnover_ratio": 0.98,
            "reinvestment_rate": null,
            "research_to_sale_ratio": 2.07,
            "price_fair": 35.23,
            "eps_avg_yearly": 1.01,
            "eps_latest_yearly": 0.72,
            "eps_growth_yearly": 1341.11
        },
        "20222": {
            "year_quarter": 20222,
            "year": 2022,
            "quarter": 2,
            "eps": 0.32,
            "eps_growth_year": -5.88,
            "eps_4q": 0.92,
            "eps_4q_growth_year": 2.83,
            "roe": 2.04,
            "roe_4q": 5.97,
            "gross_profit": 344493,
            "gross_margin": 11.73,
            "gross_margin_4q_avg": 10.22,
            "net_income": 215775,
            "revenue": 2937525,
            "common_shares": 6752467,
            "book_valuer_per_share": 15.54,
            "book_valuer_per_share_4q_avg": 15.59,
            "equity": 10496344,
            "current_ratio": 235.74,
            "debt_ratio": 43.71,
            "inventory_turnover_ratio": 1,
            "account_receivable_turnover_ratio": 0.96,
            "reinvestment_rate": -2366.07,
            "research_to_sale_ratio": 2.21,
            "price_fair": 36.6,
            "eps_avg_yearly": 1.05,
            "eps_latest_yearly": 1.28,
            "eps_growth_yearly": 1193.97
        },
        "20223": {
            "year_quarter": 20223,
            "year": 2022,
            "quarter": 3,
            "eps": 0.36,
            "eps_growth_year": -2.7,
            "eps_4q": 0.92,
            "eps_4q_growth_year": -27.26,
            "roe": 2.22,
            "roe_4q": 5.8100000000000005,
            "gross_profit": 88983,
            "gross_margin": 4.67,
            "gross_margin_4q_avg": 8.92,
            "net_income": 239693,
            "revenue": 1903509,
            "common_shares": 6750849,
            "book_valuer_per_share": 16.5,
            "book_valuer_per_share_4q_avg": 15.83,
            "equity": 11127760,
            "current_ratio": 724.01,
            "debt_ratio": 22.9,
            "inventory_turnover_ratio": 0.76,
            "account_receivable_turnover_ratio": 0.71,
            "reinvestment_rate": -1348.45,
            "research_to_sale_ratio": 3.84,
            "price_fair": 38.33,
            "eps_avg_yearly": 1.1,
            "eps_latest_yearly": 1.44,
            "eps_growth_yearly": 1050.97
        },
        "20224": {
            "year_quarter": 20224,
            "year": 2022,
            "quarter": 4,
            "eps": -0.17,
            "eps_growth_year": -372.15,
            "eps_4q": 0.68,
            "eps_4q_growth_year": -39.41,
            "roe": -1.04,
            "roe_4q": 4.37,
            "gross_profit": 69856,
            "gross_margin": 3.73,
            "gross_margin_4q_avg": 7.49,
            "net_income": -114624,
            "revenue": 1874028,
            "common_shares": 6750849,
            "book_valuer_per_share": 16.25,
            "book_valuer_per_share_4q_avg": 16.02,
            "equity": 10970898,
            "current_ratio": 474.56,
            "debt_ratio": 27.18,
            "inventory_turnover_ratio": 0.77,
            "account_receivable_turnover_ratio": 0.92,
            "reinvestment_rate": -1468.01,
            "research_to_sale_ratio": 3.43,
            "price_fair": 38.33,
            "eps_avg_yearly": 1.1,
            "eps_latest_yearly": 1.44,
            "eps_growth_yearly": 1050.97
        },
        "20231": {
            "year_quarter": 20231,
            "year": 2023,
            "quarter": 1,
            "eps": -0.3,
            "eps_growth_year": -266.67,
            "eps_4q": 0.26,
            "eps_4q_growth_year": -72.54,
            "roe": -1.88,
            "roe_4q": 1.3400000000000003,
            "gross_profit": -13169,
            "gross_margin": -0.71,
            "gross_margin_4q_avg": 4.86,
            "net_income": -192893,
            "revenue": 1856990,
            "common_shares": 5728818,
            "book_valuer_per_share": 16.75,
            "book_valuer_per_share_4q_avg": 16.26,
            "equity": 9596494,
            "current_ratio": 256.83,
            "debt_ratio": 37.63,
            "inventory_turnover_ratio": 0.75,
            "account_receivable_turnover_ratio": 0.94,
            "reinvestment_rate": -2430.68,
            "research_to_sale_ratio": 4.7,
            "price_fair": 38.33,
            "eps_avg_yearly": 1.1,
            "eps_latest_yearly": 1.44,
            "eps_growth_yearly": 1050.97
        },
        "20232": {
            "year_quarter": 20232,
            "year": 2023,
            "quarter": 2,
            "eps": -0.31,
            "eps_growth_year": -196.88,
            "eps_4q": -0.42,
            "eps_4q_growth_year": -145.89,
            "roe": -1.85,
            "roe_4q": -2.5499999999999994,
            "gross_profit": 135265,
            "gross_margin": 5.35,
            "gross_margin_4q_avg": 3.26,
            "net_income": -175359,
            "revenue": 2529209,
            "common_shares": 5728818,
            "book_valuer_per_share": 16.34,
            "book_valuer_per_share_4q_avg": 16.46,
            "equity": 9362805,
            "current_ratio": 264.73,
            "debt_ratio": 36.38,
            "inventory_turnover_ratio": 0.91,
            "account_receivable_turnover_ratio": 1.06,
            "reinvestment_rate": -2141.16,
            "research_to_sale_ratio": 3.72,
            "price_fair": 38.33,
            "eps_avg_yearly": 1.1,
            "eps_latest_yearly": 1.44,
            "eps_growth_yearly": 1050.97
        }
    },
    "months": {
        "2010-08": {
            "month": "2010-08",
            "price": "35.32",
            "revenue": 1337436
        },
        "2010-09": {
            "month": "2010-09",
            "price": "28.13",
            "revenue": 797570
        },
        "2010-10": {
            "month": "2010-10",
            "price": "27.16",
            "revenue": 1011965
        },
        "2010-11": {
            "month": "2010-11",
            "price": "26.24",
            "revenue": 1430083
        },
        "2010-12": {
            "month": "2010-12",
            "price": "28.68",
            "revenue": 1452587
        },
        "2011-01": {
            "month": "2011-01",
            "price": "30.50",
            "revenue": 1524757
        },
        "2011-02": {
            "month": "2011-02",
            "price": "31.24",
            "revenue": 1245793
        },
        "2011-03": {
            "month": "2011-03",
            "price": "30.69",
            "revenue": 1376164
        },
        "2011-04": {
            "month": "2011-04",
            "price": "29.87",
            "revenue": 1261201
        },
        "2011-05": {
            "month": "2011-05",
            "price": "30.36",
            "revenue": 1607797
        },
        "2011-06": {
            "month": "2011-06",
            "price": "30.34",
            "revenue": 1577660
        },
        "2011-07": {
            "month": "2011-07",
            "price": "27.70",
            "revenue": 1665745
        },
        "2011-08": {
            "month": "2011-08",
            "price": "21.82",
            "revenue": 1685191
        },
        "2011-09": {
            "month": "2011-09",
            "price": "21.91",
            "revenue": 1316788
        },
        "2011-10": {
            "month": "2011-10",
            "price": "16.51",
            "revenue": 1363531
        },
        "2011-11": {
            "month": "2011-11",
            "price": "20.06",
            "revenue": 1679466
        },
        "2011-12": {
            "month": "2011-12",
            "price": "19.61",
            "revenue": 1952815
        },
        "2012-01": {
            "month": "2012-01",
            "price": "20.07",
            "revenue": 1817079
        },
        "2012-02": {
            "month": "2012-02",
            "price": "31.18",
            "revenue": 1516565
        },
        "2012-03": {
            "month": "2012-03",
            "price": "37.36",
            "revenue": 1655981
        },
        "2012-04": {
            "month": "2012-04",
            "price": "34.89",
            "revenue": 1660135
        },
        "2012-05": {
            "month": "2012-05",
            "price": "33.47",
            "revenue": 1620493
        },
        "2012-06": {
            "month": "2012-06",
            "price": "29.68",
            "revenue": 1685826
        },
        "2012-07": {
            "month": "2012-07",
            "price": "30.34",
            "revenue": 1714610
        },
        "2012-08": {
            "month": "2012-08",
            "price": "27.80",
            "revenue": 1654311
        },
        "2012-09": {
            "month": "2012-09",
            "price": "30.65",
            "revenue": 1774383
        },
        "2012-10": {
            "month": "2012-10",
            "price": "28.92",
            "revenue": 1751230
        },
        "2012-11": {
            "month": "2012-11",
            "price": "29.45",
            "revenue": 1665721
        },
        "2012-12": {
            "month": "2012-12",
            "price": "31.62",
            "revenue": 1655686
        },
        "2013-01": {
            "month": "2013-01",
            "price": "33.68",
            "revenue": 1736264
        },
        "2013-02": {
            "month": "2013-02",
            "price": "36.90",
            "revenue": 1290747
        },
        "2013-03": {
            "month": "2013-03",
            "price": "36.22",
            "revenue": 1664219
        },
        "2013-04": {
            "month": "2013-04",
            "price": "34.34",
            "revenue": 1688449
        },
        "2013-05": {
            "month": "2013-05",
            "price": "34.94",
            "revenue": 1713302
        },
        "2013-06": {
            "month": "2013-06",
            "price": "35.19",
            "revenue": 1574818
        },
        "2013-07": {
            "month": "2013-07",
            "price": "33.51",
            "revenue": 1495275
        },
        "2013-08": {
            "month": "2013-08",
            "price": "34.51",
            "revenue": 1495893
        },
        "2013-09": {
            "month": "2013-09",
            "price": "33.96",
            "revenue": 1300115
        },
        "2013-10": {
            "month": "2013-10",
            "price": "31.10",
            "revenue": 1315143
        },
        "2013-11": {
            "month": "2013-11",
            "price": "31.39",
            "revenue": 1336501
        },
        "2013-12": {
            "month": "2013-12",
            "price": "33.39",
            "revenue": 1241853
        },
        "2014-01": {
            "month": "2014-01",
            "price": "40.20",
            "revenue": 1258026
        },
        "2014-02": {
            "month": "2014-02",
            "price": "37.70",
            "revenue": 1075969
        },
        "2014-03": {
            "month": "2014-03",
            "price": "36.17",
            "revenue": 1550767
        },
        "2014-04": {
            "month": "2014-04",
            "price": "35.73",
            "revenue": 1402388
        },
        "2014-05": {
            "month": "2014-05",
            "price": "36.21",
            "revenue": 1402549
        },
        "2014-06": {
            "month": "2014-06",
            "price": "36.75",
            "revenue": 1310950
        },
        "2014-07": {
            "month": "2014-07",
            "price": "37.01",
            "revenue": 1369705
        },
        "2014-08": {
            "month": "2014-08",
            "price": "34.70",
            "revenue": 1297028
        },
        "2014-09": {
            "month": "2014-09",
            "price": "35.14",
            "revenue": 1300687
        },
        "2014-10": {
            "month": "2014-10",
            "price": "32.95",
            "revenue": 1183957
        },
        "2014-11": {
            "month": "2014-11",
            "price": "31.56",
            "revenue": 1310299
        },
        "2014-12": {
            "month": "2014-12",
            "price": "32.65",
            "revenue": 1355961
        },
        "2015-01": {
            "month": "2015-01",
            "price": "33.14",
            "revenue": 1314283
        },
        "2015-02": {
            "month": "2015-02",
            "price": "31.93",
            "revenue": 907994
        },
        "2015-03": {
            "month": "2015-03",
            "price": "33.26",
            "revenue": 1139372
        },
        "2015-04": {
            "month": "2015-04",
            "price": "33.10",
            "revenue": 1150918
        },
        "2015-05": {
            "month": "2015-05",
            "price": "33.60",
            "revenue": 1075967
        },
        "2015-06": {
            "month": "2015-06",
            "price": "30.28",
            "revenue": 972872
        },
        "2015-07": {
            "month": "2015-07",
            "price": "23.14",
            "revenue": 909495
        },
        "2015-08": {
            "month": "2015-08",
            "price": "19.25",
            "revenue": 1073084
        },
        "2015-09": {
            "month": "2015-09",
            "price": "19.81",
            "revenue": 1029098
        },
        "2015-10": {
            "month": "2015-10",
            "price": "21.68",
            "revenue": 993781
        },
        "2015-11": {
            "month": "2015-11",
            "price": "22.02",
            "revenue": 1076667
        },
        "2015-12": {
            "month": "2015-12",
            "price": "21.07",
            "revenue": 1103764
        },
        "2016-01": {
            "month": "2016-01",
            "price": "19.13",
            "revenue": 986164
        },
        "2016-02": {
            "month": "2016-02",
            "price": "19.38",
            "revenue": 497883
        },
        "2016-03": {
            "month": "2016-03",
            "price": "20.93",
            "revenue": 863167
        },
        "2016-04": {
            "month": "2016-04",
            "price": "18.58",
            "revenue": 875759
        },
        "2016-05": {
            "month": "2016-05",
            "price": "15.13",
            "revenue": 861235
        },
        "2016-06": {
            "month": "2016-06",
            "price": "14.65",
            "revenue": 893915
        },
        "2016-07": {
            "month": "2016-07",
            "price": "15.34",
            "revenue": 898878
        },
        "2016-08": {
            "month": "2016-08",
            "price": "14.76",
            "revenue": 923565
        },
        "2016-09": {
            "month": "2016-09",
            "price": "13.93",
            "revenue": 877658
        },
        "2016-10": {
            "month": "2016-10",
            "price": "13.00",
            "revenue": 897008
        },
        "2016-11": {
            "month": "2016-11",
            "price": "11.26",
            "revenue": 812563
        },
        "2016-12": {
            "month": "2016-12",
            "price": "12.05",
            "revenue": 1021169
        },
        "2017-01": {
            "month": "2017-01",
            "price": "14.01",
            "revenue": 916433
        },
        "2017-02": {
            "month": "2017-02",
            "price": "13.59",
            "revenue": 727598
        },
        "2017-03": {
            "month": "2017-03",
            "price": "13.25",
            "revenue": 1090758
        },
        "2017-04": {
            "month": "2017-04",
            "price": "14.96",
            "revenue": 978071
        },
        "2017-05": {
            "month": "2017-05",
            "price": "14.29",
            "revenue": 890784
        },
        "2017-06": {
            "month": "2017-06",
            "price": "14.57",
            "revenue": 901338
        },
        "2017-07": {
            "month": "2017-07",
            "price": "13.62",
            "revenue": 1067077
        },
        "2017-08": {
            "month": "2017-08",
            "price": "13.64",
            "revenue": 880108
        },
        "2017-09": {
            "month": "2017-09",
            "price": "14.73",
            "revenue": 863058
        },
        "2017-10": {
            "month": "2017-10",
            "price": "14.02",
            "revenue": 949305
        },
        "2017-11": {
            "month": "2017-11",
            "price": "12.98",
            "revenue": 1080746
        },
        "2017-12": {
            "month": "2017-12",
            "price": "11.75",
            "revenue": 1048696
        },
        "2018-01": {
            "month": "2018-01",
            "price": "12.41",
            "revenue": 1129546
        },
        "2018-02": {
            "month": "2018-02",
            "price": "11.63",
            "revenue": 750693
        },
        "2018-03": {
            "month": "2018-03",
            "price": "11.65",
            "revenue": 1048582
        },
        "2018-04": {
            "month": "2018-04",
            "price": "11.18",
            "revenue": 995005
        },
        "2018-05": {
            "month": "2018-05",
            "price": "10.44",
            "revenue": 1042788
        },
        "2018-06": {
            "month": "2018-06",
            "price": "10.50",
            "revenue": 1219110
        },
        "2018-07": {
            "month": "2018-07",
            "price": "10.34",
            "revenue": 1131970
        },
        "2018-08": {
            "month": "2018-08",
            "price": "10.23",
            "revenue": 1281864
        },
        "2018-09": {
            "month": "2018-09",
            "price": "9.97",
            "revenue": 1178256
        },
        "2018-10": {
            "month": "2018-10",
            "price": "7.97",
            "revenue": 1231069
        },
        "2018-11": {
            "month": "2018-11",
            "price": "8.95",
            "revenue": 1305460
        },
        "2018-12": {
            "month": "2018-12",
            "price": "9.27",
            "revenue": 1451671
        },
        "2019-01": {
            "month": "2019-01",
            "price": "9.57",
            "revenue": 1445663
        },
        "2019-02": {
            "month": "2019-02",
            "price": "11.96",
            "revenue": 1166891
        },
        "2019-03": {
            "month": "2019-03",
            "price": "12.49",
            "revenue": 1411773
        },
        "2019-04": {
            "month": "2019-04",
            "price": "12.90",
            "revenue": 1330542
        },
        "2019-05": {
            "month": "2019-05",
            "price": "9.88",
            "revenue": 1145292
        },
        "2019-06": {
            "month": "2019-06",
            "price": "9.09",
            "revenue": 1235458
        },
        "2019-07": {
            "month": "2019-07",
            "price": "9.50",
            "revenue": 1165355
        },
        "2019-08": {
            "month": "2019-08",
            "price": "9.78",
            "revenue": 1104211
        },
        "2019-09": {
            "month": "2019-09",
            "price": "9.30",
            "revenue": 1174607
        },
        "2019-10": {
            "month": "2019-10",
            "price": "8.25",
            "revenue": 1168004
        },
        "2019-11": {
            "month": "2019-11",
            "price": "7.04",
            "revenue": 1298821
        },
        "2019-12": {
            "month": "2019-12",
            "price": "6.53",
            "revenue": 1249632
        },
        "2020-01": {
            "month": "2020-01",
            "price": "7.20",
            "revenue": 652800
        },
        "2020-02": {
            "month": "2020-02",
            "price": "7.11",
            "revenue": 503326
        },
        "2020-03": {
            "month": "2020-03",
            "price": "5.22",
            "revenue": 793089
        },
        "2020-04": {
            "month": "2020-04",
            "price": "6.76",
            "revenue": 837821
        },
        "2020-05": {
            "month": "2020-05",
            "price": "6.40",
            "revenue": 809043
        },
        "2020-06": {
            "month": "2020-06",
            "price": "7.22",
            "revenue": 710058
        },
        "2020-07": {
            "month": "2020-07",
            "price": "7.84",
            "revenue": 731309
        },
        "2020-08": {
            "month": "2020-08",
            "price": "8.30",
            "revenue": 827955
        },
        "2020-09": {
            "month": "2020-09",
            "price": "8.95",
            "revenue": 830130
        },
        "2020-10": {
            "month": "2020-10",
            "price": "9.44",
            "revenue": 851615
        },
        "2020-11": {
            "month": "2020-11",
            "price": "9.72",
            "revenue": 905942
        },
        "2020-12": {
            "month": "2020-12",
            "price": "11.45",
            "revenue": 1003787
        },
        "2021-01": {
            "month": "2021-01",
            "price": "10.84",
            "revenue": 904855
        },
        "2021-02": {
            "month": "2021-02",
            "price": "11.47",
            "revenue": 888961
        },
        "2021-03": {
            "month": "2021-03",
            "price": "12.05",
            "revenue": 1055003
        },
        "2021-04": {
            "month": "2021-04",
            "price": "14.33",
            "revenue": 901892
        },
        "2021-05": {
            "month": "2021-05",
            "price": "12.37",
            "revenue": 945488
        },
        "2021-06": {
            "month": "2021-06",
            "price": "11.70",
            "revenue": 900246
        },
        "2021-07": {
            "month": "2021-07",
            "price": "11.69",
            "revenue": 900326
        },
        "2021-08": {
            "month": "2021-08",
            "price": "12.02",
            "revenue": 931284
        },
        "2021-09": {
            "month": "2021-09",
            "price": "11.17",
            "revenue": 989932
        },
        "2021-10": {
            "month": "2021-10",
            "price": "11.23",
            "revenue": 965233
        },
        "2021-11": {
            "month": "2021-11",
            "price": "12.70",
            "revenue": 922561
        },
        "2021-12": {
            "month": "2021-12",
            "price": "13.02",
            "revenue": 931070
        },
        "2022-01": {
            "month": "2022-01",
            "price": "12.74",
            "revenue": 990941
        },
        "2022-02": {
            "month": "2022-02",
            "price": "13.12",
            "revenue": 839800
        },
        "2022-03": {
            "month": "2022-03",
            "price": "12.42",
            "revenue": 953878
        },
        "2022-04": {
            "month": "2022-04",
            "price": "12.14",
            "revenue": 1097421
        },
        "2022-05": {
            "month": "2022-05",
            "price": "11.60",
            "revenue": 1029203
        },
        "2022-06": {
            "month": "2022-06",
            "price": "10.90",
            "revenue": 810901
        },
        "2022-07": {
            "month": "2022-07",
            "price": "9.52",
            "revenue": 775995
        },
        "2022-08": {
            "month": "2022-08",
            "price": "10.13",
            "revenue": 605699
        },
        "2022-09": {
            "month": "2022-09",
            "price": "10.21",
            "revenue": 521815
        },
        "2022-10": {
            "month": "2022-10",
            "price": "9.62",
            "revenue": 525483
        },
        "2022-11": {
            "month": "2022-11",
            "price": "9.92",
            "revenue": 634424
        },
        "2022-12": {
            "month": "2022-12",
            "price": "9.91",
            "revenue": 714121
        },
        "2023-01": {
            "month": "2023-01",
            "price": "10.01",
            "revenue": 573968
        },
        "2023-02": {
            "month": "2023-02",
            "price": "11.74",
            "revenue": 581427
        },
        "2023-03": {
            "month": "2023-03",
            "price": "12.35",
            "revenue": 701595
        },
        "2023-04": {
            "month": "2023-04",
            "price": "12.39",
            "revenue": 782698
        },
        "2023-05": {
            "month": "2023-05",
            "price": "11.46",
            "revenue": 936512
        },
        "2023-06": {
            "month": "2023-06",
            "price": "11.64",
            "revenue": 809998
        },
        "2023-07": {
            "month": "2023-07",
            "price": "12.17",
            "revenue": 786661
        },
        "2023-08": {
            "month": "2023-08",
            "price": "12.03",
            "revenue": 958223
        }
    }
}
