{
    "summary": {
        "stock_name": "天鈺",
        "stock_id": "4961",
        "category": "半導體",
        "main_business": "積體電路設計業",
        "website_url": "http://www.fitipower.com",
        "ceo": "邱淑慧",
        "pe_ratio": 15,
        "report_year_from": 2010,
        "report_year_to": 2023,
        "age": 13,
        "eps_negative_percentage": 0,
        "eps_growth_avg": {
            "last_all": 35.37,
            "last_2y": 49.62,
            "last_4y": null,
            "last_8y": null,
            "last_12y": null,
            "last_16y": null,
            "last_20y": null,
            "at_2006_last_3y": null,
            "at_2007_last_3y": null,
            "at_2008_last_3y": null,
            "at_2009_last_3y": null,
            "at_2010_last_3y": null,
            "at_2011_last_3y": null,
            "at_2012_last_3y": null,
            "at_2013_last_3y": null,
            "at_2014_last_3y": null,
            "at_2015_last_3y": null,
            "at_2016_last_3y": null,
            "at_2017_last_3y": null,
            "at_2018_last_3y": null,
            "at_2019_last_3y": null,
            "at_2020_last_3y": null,
            "at_2021_last_3y": null,
            "at_2022_last_3y": 32.89,
            "at_2023_last_3y": 32.89,
            "at_2006_last_all": null,
            "at_2007_last_all": null,
            "at_2008_last_all": null,
            "at_2009_last_all": null,
            "at_2010_last_all": null,
            "at_2011_last_all": null,
            "at_2012_last_all": null,
            "at_2013_last_all": null,
            "at_2014_last_all": null,
            "at_2015_last_all": null,
            "at_2016_last_all": null,
            "at_2017_last_all": null,
            "at_2018_last_all": null,
            "at_2019_last_all": 13.98,
            "at_2020_last_all": 42.66,
            "at_2021_last_all": 56.99,
            "at_2022_last_all": 35.37,
            "at_2023_last_all": 35.37
        },
        "latest_eps": 10.64,
        "latest_price": 154.5,
        "latest_roe": 10.29,
        "latest_gross_margin": 30.48,
        "latest_equity": 21614417,
        "latest_revenue": 3936819,
        "latest_gross_profit": 1199921,
        "latest_net_income": 436290,
        "latest_debt_ratio": 14.84,
        "latest_current_ratio": 631.15,
        "latest_account_receivable_turnover_ratio": 1.44,
        "latest_inventory_turnover_ratio": 1.2,
        "latest_reinvestment_rate": 8.87,
        "latest_research_to_sale_ratio": 13.74
    },
    "eps_dividends": {
        "2001": {
            "cash": 0,
            "stock": 0,
            "eps": 0
        },
        "2002": {
            "cash": 0,
            "stock": 0,
            "eps": 0
        },
        "2003": {
            "cash": 0,
            "stock": 0,
            "eps": 0
        },
        "2004": {
            "cash": 0,
            "stock": 0,
            "eps": 0
        },
        "2005": {
            "cash": 0,
            "stock": 0,
            "eps": 0
        },
        "2006": {
            "cash": 0,
            "stock": 0,
            "eps": 0
        },
        "2007": {
            "cash": 0,
            "stock": 0,
            "eps": 0
        },
        "2008": {
            "cash": 0,
            "stock": 0,
            "eps": 0
        },
        "2009": {
            "cash": 0,
            "stock": 0,
            "eps": 0
        },
        "2010": {
            "cash": 0,
            "stock": 0,
            "eps": 0
        },
        "2011": {
            "cash": 1.33,
            "stock": 0.27,
            "eps": 0
        },
        "2012": {
            "cash": 0,
            "stock": 0,
            "eps": 0
        },
        "2013": {
            "cash": 0,
            "stock": 0,
            "eps": 0
        },
        "2014": {
            "cash": 0.4,
            "stock": 0,
            "eps": 0
        },
        "2015": {
            "cash": 0.7,
            "stock": 0,
            "eps": 1.59
        },
        "2016": {
            "cash": 1.2,
            "stock": 0,
            "eps": 0
        },
        "2017": {
            "cash": 1.2,
            "stock": 0,
            "eps": 0
        },
        "2018": {
            "cash": 0.5,
            "stock": 0,
            "eps": 2.31
        },
        "2019": {
            "cash": 1.3,
            "stock": 0,
            "eps": 1.91
        },
        "2020": {
            "cash": 1,
            "stock": 0,
            "eps": 4.03
        },
        "2021": {
            "cash": 2.5,
            "stock": 0,
            "eps": 33.77
        },
        "2022": {
            "cash": 17,
            "stock": 0,
            "eps": 16.5
        },
        "2023": {
            "cash": 8.5,
            "stock": 0,
            "eps": 2.26
        }
    },
    "dividends": {
        "2011-01-01": {
            "cash": 0.6,
            "stock": 0.1
        },
        "2011-03-31": {
            "cash": 0.73,
            "stock": 0.17
        },
        "2014-10-03": {
            "cash": 0.4,
            "stock": 0
        },
        "2015-08-05": {
            "cash": 0.7,
            "stock": 0
        },
        "2016-09-28": {
            "cash": 1.2,
            "stock": 0
        },
        "2017-09-26": {
            "cash": 1.2,
            "stock": 0
        },
        "2018-09-13": {
            "cash": 0.5,
            "stock": 0
        },
        "2019-09-18": {
            "cash": 1.3,
            "stock": 0
        },
        "2020-09-24": {
            "cash": 1,
            "stock": 0
        },
        "2021-07-14": {
            "cash": 2.5,
            "stock": 0
        },
        "2022-09-05": {
            "cash": 17,
            "stock": 0
        },
        "2023-07-26": {
            "cash": 8.5,
            "stock": 0
        }
    },
    "prices": {
        "200101": "無",
        "200102": "無",
        "200103": "無",
        "200104": "無",
        "200105": "無",
        "200106": "無",
        "200107": "無",
        "200108": "無",
        "200109": "無",
        "200110": "無",
        "200111": "無",
        "200112": "無",
        "200201": "無",
        "200202": "無",
        "200203": "無",
        "200204": "無",
        "200205": "無",
        "200206": "無",
        "200207": "無",
        "200208": "無",
        "200209": "無",
        "200210": "無",
        "200211": "無",
        "200212": "無",
        "200301": "無",
        "200302": "無",
        "200303": "無",
        "200304": "無",
        "200305": "無",
        "200306": "無",
        "200307": "無",
        "200308": "無",
        "200309": "無",
        "200310": "無",
        "200311": "無",
        "200312": "無",
        "200401": "無",
        "200402": "無",
        "200403": "無",
        "200404": "無",
        "200405": "無",
        "200406": "無",
        "200407": "無",
        "200408": "無",
        "200409": "無",
        "200410": "無",
        "200411": "無",
        "200412": "無",
        "200501": "無",
        "200502": "無",
        "200503": "無",
        "200504": "無",
        "200505": "無",
        "200506": "無",
        "200507": "無",
        "200508": "無",
        "200509": "無",
        "200510": "無",
        "200511": "無",
        "200512": "無",
        "200601": "無",
        "200602": "無",
        "200603": "無",
        "200604": "無",
        "200605": "無",
        "200606": "無",
        "200607": "無",
        "200608": "無",
        "200609": "無",
        "200610": "無",
        "200611": "無",
        "200612": "無",
        "200701": "無",
        "200702": "無",
        "200703": "無",
        "200704": "無",
        "200705": "無",
        "200706": "無",
        "200707": "無",
        "200708": "無",
        "200709": "無",
        "200710": "無",
        "200711": "無",
        "200712": "無",
        "200801": "無",
        "200802": "無",
        "200803": "無",
        "200804": "無",
        "200805": "無",
        "200806": "無",
        "200807": "無",
        "200808": "無",
        "200809": "無",
        "200810": "無",
        "200811": "無",
        "200812": "無",
        "200901": "無",
        "200902": "無",
        "200903": "無",
        "200904": "無",
        "200905": "無",
        "200906": "無",
        "200907": "無",
        "200908": "無",
        "200909": "無",
        "200910": "無",
        "200911": "無",
        "200912": "無",
        "201001": "無",
        "201002": "無",
        "201003": "無",
        "201004": "無",
        "201005": "無",
        "201006": "無",
        "201007": "無",
        "201008": "無",
        "201009": "38.24",
        "201010": "35.42",
        "201011": "31.89",
        "201012": "44.50",
        "201101": "59.21",
        "201102": "52.10",
        "201103": "47.72",
        "201104": "41.93",
        "201105": "38.99",
        "201106": "35.30",
        "201107": "31.62",
        "201108": "21.81",
        "201109": "21.80",
        "201110": "18.52",
        "201111": "16.60",
        "201112": "16.12",
        "201201": "22.50",
        "201202": "28.14",
        "201203": "28.27",
        "201204": "28.38",
        "201205": "26.39",
        "201206": "24.86",
        "201207": "25.32",
        "201208": "22.35",
        "201209": "23.49",
        "201210": "23.27",
        "201211": "25.55",
        "201212": "28.61",
        "201301": "28.74",
        "201302": "32.24",
        "201303": "33.74",
        "201304": "32.09",
        "201305": "34.50",
        "201306": "34.12",
        "201307": "29.75",
        "201308": "28.56",
        "201309": "27.00",
        "201310": "25.75",
        "201311": "25.34",
        "201312": "26.81",
        "201401": "29.88",
        "201402": "35.52",
        "201403": "40.07",
        "201404": "49.53",
        "201405": "55.22",
        "201406": "49.85",
        "201407": "46.76",
        "201408": "45.79",
        "201409": "46.49",
        "201410": "41.13",
        "201411": "39.78",
        "201412": "42.49",
        "201501": "51.34",
        "201502": "51.28",
        "201503": "48.33",
        "201504": "46.54",
        "201505": "44.66",
        "201506": "44.85",
        "201507": "40.63",
        "201508": "31.64",
        "201509": "35.58",
        "201510": "39.46",
        "201511": "43.12",
        "201512": "44.72",
        "201601": "38.79",
        "201602": "40.07",
        "201603": "44.59",
        "201604": "36.77",
        "201605": "32.98",
        "201606": "31.27",
        "201607": "30.75",
        "201608": "33.60",
        "201609": "34.99",
        "201610": "34.98",
        "201611": "32.68",
        "201612": "31.14",
        "201701": "30.49",
        "201702": "31.29",
        "201703": "31.69",
        "201704": "30.60",
        "201705": "29.21",
        "201706": "29.40",
        "201707": "30.81",
        "201708": "33.17",
        "201709": "31.83",
        "201710": "29.45",
        "201711": "28.24",
        "201712": "27.45",
        "201801": "27.23",
        "201802": "25.20",
        "201803": "25.26",
        "201804": "25.03",
        "201805": "31.90",
        "201806": "38.23",
        "201807": "43.89",
        "201808": "51.88",
        "201809": "46.63",
        "201810": "39.28",
        "201811": "37.60",
        "201812": "37.70",
        "201901": "37.40",
        "201902": "40.45",
        "201903": "43.49",
        "201904": "46.64",
        "201905": "39.68",
        "201906": "38.33",
        "201907": "39.62",
        "201908": "38.51",
        "201909": "38.28",
        "201910": "38.50",
        "201911": "38.09",
        "201912": "38.32",
        "202001": "36.94",
        "202002": "33.50",
        "202003": "26.01",
        "202004": "26.53",
        "202005": "27.36",
        "202006": "29.02",
        "202007": "33.79",
        "202008": "34.37",
        "202009": "35.47",
        "202010": "36.46",
        "202011": "37.93",
        "202012": "80.15",
        "202101": "142.52",
        "202102": "182.19",
        "202103": "246.89",
        "202104": "351.37",
        "202105": "276.29",
        "202106": "308.29",
        "202107": "297.66",
        "202108": "261.57",
        "202109": "211.82",
        "202110": "192.12",
        "202111": "234.41",
        "202112": "273.02",
        "202201": "232.86",
        "202202": "216.83",
        "202203": "211.98",
        "202204": "189.34",
        "202205": "180.14",
        "202206": "164.36",
        "202207": "135.81",
        "202208": "121.17",
        "202209": "108.54",
        "202210": "102.54",
        "202211": "119.64",
        "202212": "119.25",
        "202301": "136.15",
        "202302": "153.94",
        "202303": "171.17",
        "202304": "169.18",
        "202305": "154.50",
        "202306": "161.60"
    },
    "quarters": {
        "20011": {
            "year_quarter": 20011,
            "year": 2001,
            "quarter": 1,
            "eps": null,
            "eps_growth_year": null,
            "eps_4q": null,
            "eps_4q_growth_year": null,
            "roe": null,
            "roe_4q": 0,
            "gross_profit": null,
            "gross_margin": null,
            "gross_margin_4q_avg": 0,
            "net_income": null,
            "revenue": null,
            "common_shares": null,
            "book_valuer_per_share": null,
            "book_valuer_per_share_4q_avg": 0,
            "equity": null,
            "current_ratio": null,
            "debt_ratio": null,
            "inventory_turnover_ratio": null,
            "account_receivable_turnover_ratio": null,
            "reinvestment_rate": null,
            "research_to_sale_ratio": null,
            "price_fair": 0,
            "eps_avg_yearly": 0,
            "eps_latest_yearly": 0,
            "eps_growth_yearly": 0
        },
        "20012": {
            "year_quarter": 20012,
            "year": 2001,
            "quarter": 2,
            "eps": null,
            "eps_growth_year": null,
            "eps_4q": null,
            "eps_4q_growth_year": null,
            "roe": null,
            "roe_4q": 0,
            "gross_profit": null,
            "gross_margin": null,
            "gross_margin_4q_avg": 0,
            "net_income": null,
            "revenue": null,
            "common_shares": null,
            "book_valuer_per_share": null,
            "book_valuer_per_share_4q_avg": 0,
            "equity": null,
            "current_ratio": null,
            "debt_ratio": null,
            "inventory_turnover_ratio": null,
            "account_receivable_turnover_ratio": null,
            "reinvestment_rate": null,
            "research_to_sale_ratio": null,
            "price_fair": 0,
            "eps_avg_yearly": 0,
            "eps_latest_yearly": 0,
            "eps_growth_yearly": 0
        },
        "20013": {
            "year_quarter": 20013,
            "year": 2001,
            "quarter": 3,
            "eps": null,
            "eps_growth_year": null,
            "eps_4q": null,
            "eps_4q_growth_year": null,
            "roe": null,
            "roe_4q": 0,
            "gross_profit": null,
            "gross_margin": null,
            "gross_margin_4q_avg": 0,
            "net_income": null,
            "revenue": null,
            "common_shares": null,
            "book_valuer_per_share": null,
            "book_valuer_per_share_4q_avg": 0,
            "equity": null,
            "current_ratio": null,
            "debt_ratio": null,
            "inventory_turnover_ratio": null,
            "account_receivable_turnover_ratio": null,
            "reinvestment_rate": null,
            "research_to_sale_ratio": null,
            "price_fair": 0,
            "eps_avg_yearly": 0,
            "eps_latest_yearly": 0,
            "eps_growth_yearly": 0
        },
        "20014": {
            "year_quarter": 20014,
            "year": 2001,
            "quarter": 4,
            "eps": null,
            "eps_growth_year": null,
            "eps_4q": null,
            "eps_4q_growth_year": null,
            "roe": null,
            "roe_4q": 0,
            "gross_profit": null,
            "gross_margin": null,
            "gross_margin_4q_avg": 0,
            "net_income": null,
            "revenue": null,
            "common_shares": null,
            "book_valuer_per_share": null,
            "book_valuer_per_share_4q_avg": 0,
            "equity": null,
            "current_ratio": null,
            "debt_ratio": null,
            "inventory_turnover_ratio": null,
            "account_receivable_turnover_ratio": null,
            "reinvestment_rate": null,
            "research_to_sale_ratio": null,
            "price_fair": 0,
            "eps_avg_yearly": 0,
            "eps_latest_yearly": 0,
            "eps_growth_yearly": 0
        },
        "20021": {
            "year_quarter": 20021,
            "year": 2002,
            "quarter": 1,
            "eps": null,
            "eps_growth_year": null,
            "eps_4q": null,
            "eps_4q_growth_year": null,
            "roe": null,
            "roe_4q": 0,
            "gross_profit": null,
            "gross_margin": null,
            "gross_margin_4q_avg": 0,
            "net_income": null,
            "revenue": null,
            "common_shares": null,
            "book_valuer_per_share": null,
            "book_valuer_per_share_4q_avg": 0,
            "equity": null,
            "current_ratio": null,
            "debt_ratio": null,
            "inventory_turnover_ratio": null,
            "account_receivable_turnover_ratio": null,
            "reinvestment_rate": null,
            "research_to_sale_ratio": null,
            "price_fair": 0,
            "eps_avg_yearly": 0,
            "eps_latest_yearly": 0,
            "eps_growth_yearly": 0
        },
        "20022": {
            "year_quarter": 20022,
            "year": 2002,
            "quarter": 2,
            "eps": null,
            "eps_growth_year": null,
            "eps_4q": null,
            "eps_4q_growth_year": null,
            "roe": null,
            "roe_4q": 0,
            "gross_profit": null,
            "gross_margin": null,
            "gross_margin_4q_avg": 0,
            "net_income": null,
            "revenue": null,
            "common_shares": null,
            "book_valuer_per_share": null,
            "book_valuer_per_share_4q_avg": 0,
            "equity": null,
            "current_ratio": null,
            "debt_ratio": null,
            "inventory_turnover_ratio": null,
            "account_receivable_turnover_ratio": null,
            "reinvestment_rate": null,
            "research_to_sale_ratio": null,
            "price_fair": 0,
            "eps_avg_yearly": 0,
            "eps_latest_yearly": 0,
            "eps_growth_yearly": 0
        },
        "20023": {
            "year_quarter": 20023,
            "year": 2002,
            "quarter": 3,
            "eps": null,
            "eps_growth_year": null,
            "eps_4q": null,
            "eps_4q_growth_year": null,
            "roe": null,
            "roe_4q": 0,
            "gross_profit": null,
            "gross_margin": null,
            "gross_margin_4q_avg": 0,
            "net_income": null,
            "revenue": null,
            "common_shares": null,
            "book_valuer_per_share": null,
            "book_valuer_per_share_4q_avg": 0,
            "equity": null,
            "current_ratio": null,
            "debt_ratio": null,
            "inventory_turnover_ratio": null,
            "account_receivable_turnover_ratio": null,
            "reinvestment_rate": null,
            "research_to_sale_ratio": null,
            "price_fair": 0,
            "eps_avg_yearly": 0,
            "eps_latest_yearly": 0,
            "eps_growth_yearly": 0
        },
        "20024": {
            "year_quarter": 20024,
            "year": 2002,
            "quarter": 4,
            "eps": null,
            "eps_growth_year": null,
            "eps_4q": null,
            "eps_4q_growth_year": null,
            "roe": null,
            "roe_4q": 0,
            "gross_profit": null,
            "gross_margin": null,
            "gross_margin_4q_avg": 0,
            "net_income": null,
            "revenue": null,
            "common_shares": null,
            "book_valuer_per_share": null,
            "book_valuer_per_share_4q_avg": 0,
            "equity": null,
            "current_ratio": null,
            "debt_ratio": null,
            "inventory_turnover_ratio": null,
            "account_receivable_turnover_ratio": null,
            "reinvestment_rate": null,
            "research_to_sale_ratio": null,
            "price_fair": 0,
            "eps_avg_yearly": 0,
            "eps_latest_yearly": 0,
            "eps_growth_yearly": 0
        },
        "20031": {
            "year_quarter": 20031,
            "year": 2003,
            "quarter": 1,
            "eps": null,
            "eps_growth_year": null,
            "eps_4q": null,
            "eps_4q_growth_year": null,
            "roe": null,
            "roe_4q": 0,
            "gross_profit": null,
            "gross_margin": null,
            "gross_margin_4q_avg": 0,
            "net_income": null,
            "revenue": null,
            "common_shares": null,
            "book_valuer_per_share": null,
            "book_valuer_per_share_4q_avg": 0,
            "equity": null,
            "current_ratio": null,
            "debt_ratio": null,
            "inventory_turnover_ratio": null,
            "account_receivable_turnover_ratio": null,
            "reinvestment_rate": null,
            "research_to_sale_ratio": null,
            "price_fair": 0,
            "eps_avg_yearly": 0,
            "eps_latest_yearly": 0,
            "eps_growth_yearly": 0
        },
        "20032": {
            "year_quarter": 20032,
            "year": 2003,
            "quarter": 2,
            "eps": null,
            "eps_growth_year": null,
            "eps_4q": null,
            "eps_4q_growth_year": null,
            "roe": null,
            "roe_4q": 0,
            "gross_profit": null,
            "gross_margin": null,
            "gross_margin_4q_avg": 0,
            "net_income": null,
            "revenue": null,
            "common_shares": null,
            "book_valuer_per_share": null,
            "book_valuer_per_share_4q_avg": 0,
            "equity": null,
            "current_ratio": null,
            "debt_ratio": null,
            "inventory_turnover_ratio": null,
            "account_receivable_turnover_ratio": null,
            "reinvestment_rate": null,
            "research_to_sale_ratio": null,
            "price_fair": 0,
            "eps_avg_yearly": 0,
            "eps_latest_yearly": 0,
            "eps_growth_yearly": 0
        },
        "20033": {
            "year_quarter": 20033,
            "year": 2003,
            "quarter": 3,
            "eps": null,
            "eps_growth_year": null,
            "eps_4q": null,
            "eps_4q_growth_year": null,
            "roe": null,
            "roe_4q": 0,
            "gross_profit": null,
            "gross_margin": null,
            "gross_margin_4q_avg": 0,
            "net_income": null,
            "revenue": null,
            "common_shares": null,
            "book_valuer_per_share": null,
            "book_valuer_per_share_4q_avg": 0,
            "equity": null,
            "current_ratio": null,
            "debt_ratio": null,
            "inventory_turnover_ratio": null,
            "account_receivable_turnover_ratio": null,
            "reinvestment_rate": null,
            "research_to_sale_ratio": null,
            "price_fair": 0,
            "eps_avg_yearly": 0,
            "eps_latest_yearly": 0,
            "eps_growth_yearly": 0
        },
        "20034": {
            "year_quarter": 20034,
            "year": 2003,
            "quarter": 4,
            "eps": null,
            "eps_growth_year": null,
            "eps_4q": null,
            "eps_4q_growth_year": null,
            "roe": null,
            "roe_4q": 0,
            "gross_profit": null,
            "gross_margin": null,
            "gross_margin_4q_avg": 0,
            "net_income": null,
            "revenue": null,
            "common_shares": null,
            "book_valuer_per_share": null,
            "book_valuer_per_share_4q_avg": 0,
            "equity": null,
            "current_ratio": null,
            "debt_ratio": null,
            "inventory_turnover_ratio": null,
            "account_receivable_turnover_ratio": null,
            "reinvestment_rate": null,
            "research_to_sale_ratio": null,
            "price_fair": 0,
            "eps_avg_yearly": 0,
            "eps_latest_yearly": 0,
            "eps_growth_yearly": 0
        },
        "20041": {
            "year_quarter": 20041,
            "year": 2004,
            "quarter": 1,
            "eps": null,
            "eps_growth_year": null,
            "eps_4q": null,
            "eps_4q_growth_year": null,
            "roe": null,
            "roe_4q": 0,
            "gross_profit": null,
            "gross_margin": null,
            "gross_margin_4q_avg": 0,
            "net_income": null,
            "revenue": null,
            "common_shares": null,
            "book_valuer_per_share": null,
            "book_valuer_per_share_4q_avg": 0,
            "equity": null,
            "current_ratio": null,
            "debt_ratio": null,
            "inventory_turnover_ratio": null,
            "account_receivable_turnover_ratio": null,
            "reinvestment_rate": null,
            "research_to_sale_ratio": null,
            "price_fair": 0,
            "eps_avg_yearly": 0,
            "eps_latest_yearly": 0,
            "eps_growth_yearly": 0
        },
        "20042": {
            "year_quarter": 20042,
            "year": 2004,
            "quarter": 2,
            "eps": null,
            "eps_growth_year": null,
            "eps_4q": null,
            "eps_4q_growth_year": null,
            "roe": null,
            "roe_4q": 0,
            "gross_profit": null,
            "gross_margin": null,
            "gross_margin_4q_avg": 0,
            "net_income": null,
            "revenue": null,
            "common_shares": null,
            "book_valuer_per_share": null,
            "book_valuer_per_share_4q_avg": 0,
            "equity": null,
            "current_ratio": null,
            "debt_ratio": null,
            "inventory_turnover_ratio": null,
            "account_receivable_turnover_ratio": null,
            "reinvestment_rate": null,
            "research_to_sale_ratio": null,
            "price_fair": 0,
            "eps_avg_yearly": 0,
            "eps_latest_yearly": 0,
            "eps_growth_yearly": 0
        },
        "20043": {
            "year_quarter": 20043,
            "year": 2004,
            "quarter": 3,
            "eps": null,
            "eps_growth_year": null,
            "eps_4q": null,
            "eps_4q_growth_year": null,
            "roe": null,
            "roe_4q": 0,
            "gross_profit": null,
            "gross_margin": null,
            "gross_margin_4q_avg": 0,
            "net_income": null,
            "revenue": null,
            "common_shares": null,
            "book_valuer_per_share": null,
            "book_valuer_per_share_4q_avg": 0,
            "equity": null,
            "current_ratio": null,
            "debt_ratio": null,
            "inventory_turnover_ratio": null,
            "account_receivable_turnover_ratio": null,
            "reinvestment_rate": null,
            "research_to_sale_ratio": null,
            "price_fair": 0,
            "eps_avg_yearly": 0,
            "eps_latest_yearly": 0,
            "eps_growth_yearly": 0
        },
        "20044": {
            "year_quarter": 20044,
            "year": 2004,
            "quarter": 4,
            "eps": null,
            "eps_growth_year": null,
            "eps_4q": null,
            "eps_4q_growth_year": null,
            "roe": null,
            "roe_4q": 0,
            "gross_profit": null,
            "gross_margin": null,
            "gross_margin_4q_avg": 0,
            "net_income": null,
            "revenue": null,
            "common_shares": null,
            "book_valuer_per_share": null,
            "book_valuer_per_share_4q_avg": 0,
            "equity": null,
            "current_ratio": null,
            "debt_ratio": null,
            "inventory_turnover_ratio": null,
            "account_receivable_turnover_ratio": null,
            "reinvestment_rate": null,
            "research_to_sale_ratio": null,
            "price_fair": 0,
            "eps_avg_yearly": 0,
            "eps_latest_yearly": 0,
            "eps_growth_yearly": 0
        },
        "20051": {
            "year_quarter": 20051,
            "year": 2005,
            "quarter": 1,
            "eps": null,
            "eps_growth_year": null,
            "eps_4q": null,
            "eps_4q_growth_year": null,
            "roe": null,
            "roe_4q": 0,
            "gross_profit": null,
            "gross_margin": null,
            "gross_margin_4q_avg": 0,
            "net_income": null,
            "revenue": null,
            "common_shares": null,
            "book_valuer_per_share": null,
            "book_valuer_per_share_4q_avg": 0,
            "equity": null,
            "current_ratio": null,
            "debt_ratio": null,
            "inventory_turnover_ratio": null,
            "account_receivable_turnover_ratio": null,
            "reinvestment_rate": null,
            "research_to_sale_ratio": null,
            "price_fair": 0,
            "eps_avg_yearly": 0,
            "eps_latest_yearly": 0,
            "eps_growth_yearly": 0
        },
        "20052": {
            "year_quarter": 20052,
            "year": 2005,
            "quarter": 2,
            "eps": null,
            "eps_growth_year": null,
            "eps_4q": null,
            "eps_4q_growth_year": null,
            "roe": null,
            "roe_4q": 0,
            "gross_profit": null,
            "gross_margin": null,
            "gross_margin_4q_avg": 0,
            "net_income": null,
            "revenue": null,
            "common_shares": null,
            "book_valuer_per_share": null,
            "book_valuer_per_share_4q_avg": 0,
            "equity": null,
            "current_ratio": null,
            "debt_ratio": null,
            "inventory_turnover_ratio": null,
            "account_receivable_turnover_ratio": null,
            "reinvestment_rate": null,
            "research_to_sale_ratio": null,
            "price_fair": 0,
            "eps_avg_yearly": 0,
            "eps_latest_yearly": 0,
            "eps_growth_yearly": 0
        },
        "20053": {
            "year_quarter": 20053,
            "year": 2005,
            "quarter": 3,
            "eps": null,
            "eps_growth_year": null,
            "eps_4q": null,
            "eps_4q_growth_year": null,
            "roe": null,
            "roe_4q": 0,
            "gross_profit": null,
            "gross_margin": null,
            "gross_margin_4q_avg": 0,
            "net_income": null,
            "revenue": null,
            "common_shares": null,
            "book_valuer_per_share": null,
            "book_valuer_per_share_4q_avg": 0,
            "equity": null,
            "current_ratio": null,
            "debt_ratio": null,
            "inventory_turnover_ratio": null,
            "account_receivable_turnover_ratio": null,
            "reinvestment_rate": null,
            "research_to_sale_ratio": null,
            "price_fair": 0,
            "eps_avg_yearly": 0,
            "eps_latest_yearly": 0,
            "eps_growth_yearly": 0
        },
        "20054": {
            "year_quarter": 20054,
            "year": 2005,
            "quarter": 4,
            "eps": null,
            "eps_growth_year": null,
            "eps_4q": null,
            "eps_4q_growth_year": null,
            "roe": null,
            "roe_4q": 0,
            "gross_profit": null,
            "gross_margin": null,
            "gross_margin_4q_avg": 0,
            "net_income": null,
            "revenue": null,
            "common_shares": null,
            "book_valuer_per_share": null,
            "book_valuer_per_share_4q_avg": 0,
            "equity": null,
            "current_ratio": null,
            "debt_ratio": null,
            "inventory_turnover_ratio": null,
            "account_receivable_turnover_ratio": null,
            "reinvestment_rate": null,
            "research_to_sale_ratio": null,
            "price_fair": 0,
            "eps_avg_yearly": 0,
            "eps_latest_yearly": 0,
            "eps_growth_yearly": 0
        },
        "20061": {
            "year_quarter": 20061,
            "year": 2006,
            "quarter": 1,
            "eps": null,
            "eps_growth_year": null,
            "eps_4q": null,
            "eps_4q_growth_year": null,
            "roe": null,
            "roe_4q": 0,
            "gross_profit": null,
            "gross_margin": null,
            "gross_margin_4q_avg": 0,
            "net_income": null,
            "revenue": null,
            "common_shares": null,
            "book_valuer_per_share": null,
            "book_valuer_per_share_4q_avg": 0,
            "equity": null,
            "current_ratio": null,
            "debt_ratio": null,
            "inventory_turnover_ratio": null,
            "account_receivable_turnover_ratio": null,
            "reinvestment_rate": null,
            "research_to_sale_ratio": null,
            "price_fair": 0,
            "eps_avg_yearly": 0,
            "eps_latest_yearly": 0,
            "eps_growth_yearly": 0
        },
        "20062": {
            "year_quarter": 20062,
            "year": 2006,
            "quarter": 2,
            "eps": null,
            "eps_growth_year": null,
            "eps_4q": null,
            "eps_4q_growth_year": null,
            "roe": null,
            "roe_4q": 0,
            "gross_profit": null,
            "gross_margin": null,
            "gross_margin_4q_avg": 0,
            "net_income": null,
            "revenue": null,
            "common_shares": null,
            "book_valuer_per_share": null,
            "book_valuer_per_share_4q_avg": 0,
            "equity": null,
            "current_ratio": null,
            "debt_ratio": null,
            "inventory_turnover_ratio": null,
            "account_receivable_turnover_ratio": null,
            "reinvestment_rate": null,
            "research_to_sale_ratio": null,
            "price_fair": 0,
            "eps_avg_yearly": 0,
            "eps_latest_yearly": 0,
            "eps_growth_yearly": 0
        },
        "20063": {
            "year_quarter": 20063,
            "year": 2006,
            "quarter": 3,
            "eps": null,
            "eps_growth_year": null,
            "eps_4q": null,
            "eps_4q_growth_year": null,
            "roe": null,
            "roe_4q": 0,
            "gross_profit": null,
            "gross_margin": null,
            "gross_margin_4q_avg": 0,
            "net_income": null,
            "revenue": null,
            "common_shares": null,
            "book_valuer_per_share": null,
            "book_valuer_per_share_4q_avg": 0,
            "equity": null,
            "current_ratio": null,
            "debt_ratio": null,
            "inventory_turnover_ratio": null,
            "account_receivable_turnover_ratio": null,
            "reinvestment_rate": null,
            "research_to_sale_ratio": null,
            "price_fair": 0,
            "eps_avg_yearly": 0,
            "eps_latest_yearly": 0,
            "eps_growth_yearly": 0
        },
        "20064": {
            "year_quarter": 20064,
            "year": 2006,
            "quarter": 4,
            "eps": null,
            "eps_growth_year": null,
            "eps_4q": null,
            "eps_4q_growth_year": null,
            "roe": null,
            "roe_4q": 0,
            "gross_profit": null,
            "gross_margin": null,
            "gross_margin_4q_avg": 0,
            "net_income": null,
            "revenue": null,
            "common_shares": null,
            "book_valuer_per_share": null,
            "book_valuer_per_share_4q_avg": 0,
            "equity": null,
            "current_ratio": null,
            "debt_ratio": null,
            "inventory_turnover_ratio": null,
            "account_receivable_turnover_ratio": null,
            "reinvestment_rate": null,
            "research_to_sale_ratio": null,
            "price_fair": 0,
            "eps_avg_yearly": 0,
            "eps_latest_yearly": 0,
            "eps_growth_yearly": 0
        },
        "20071": {
            "year_quarter": 20071,
            "year": 2007,
            "quarter": 1,
            "eps": null,
            "eps_growth_year": null,
            "eps_4q": null,
            "eps_4q_growth_year": null,
            "roe": null,
            "roe_4q": 0,
            "gross_profit": null,
            "gross_margin": null,
            "gross_margin_4q_avg": 0,
            "net_income": null,
            "revenue": null,
            "common_shares": null,
            "book_valuer_per_share": null,
            "book_valuer_per_share_4q_avg": 0,
            "equity": null,
            "current_ratio": null,
            "debt_ratio": null,
            "inventory_turnover_ratio": null,
            "account_receivable_turnover_ratio": null,
            "reinvestment_rate": null,
            "research_to_sale_ratio": null,
            "price_fair": 0,
            "eps_avg_yearly": 0,
            "eps_latest_yearly": 0,
            "eps_growth_yearly": 0
        },
        "20072": {
            "year_quarter": 20072,
            "year": 2007,
            "quarter": 2,
            "eps": null,
            "eps_growth_year": null,
            "eps_4q": null,
            "eps_4q_growth_year": null,
            "roe": null,
            "roe_4q": 0,
            "gross_profit": null,
            "gross_margin": null,
            "gross_margin_4q_avg": 0,
            "net_income": null,
            "revenue": null,
            "common_shares": null,
            "book_valuer_per_share": null,
            "book_valuer_per_share_4q_avg": 0,
            "equity": null,
            "current_ratio": null,
            "debt_ratio": null,
            "inventory_turnover_ratio": null,
            "account_receivable_turnover_ratio": null,
            "reinvestment_rate": null,
            "research_to_sale_ratio": null,
            "price_fair": 0,
            "eps_avg_yearly": 0,
            "eps_latest_yearly": 0,
            "eps_growth_yearly": 0
        },
        "20073": {
            "year_quarter": 20073,
            "year": 2007,
            "quarter": 3,
            "eps": null,
            "eps_growth_year": null,
            "eps_4q": null,
            "eps_4q_growth_year": null,
            "roe": null,
            "roe_4q": 0,
            "gross_profit": null,
            "gross_margin": null,
            "gross_margin_4q_avg": 0,
            "net_income": null,
            "revenue": null,
            "common_shares": null,
            "book_valuer_per_share": null,
            "book_valuer_per_share_4q_avg": 0,
            "equity": null,
            "current_ratio": null,
            "debt_ratio": null,
            "inventory_turnover_ratio": null,
            "account_receivable_turnover_ratio": null,
            "reinvestment_rate": null,
            "research_to_sale_ratio": null,
            "price_fair": 0,
            "eps_avg_yearly": 0,
            "eps_latest_yearly": 0,
            "eps_growth_yearly": 0
        },
        "20074": {
            "year_quarter": 20074,
            "year": 2007,
            "quarter": 4,
            "eps": null,
            "eps_growth_year": null,
            "eps_4q": null,
            "eps_4q_growth_year": null,
            "roe": null,
            "roe_4q": 0,
            "gross_profit": null,
            "gross_margin": null,
            "gross_margin_4q_avg": 0,
            "net_income": null,
            "revenue": null,
            "common_shares": null,
            "book_valuer_per_share": null,
            "book_valuer_per_share_4q_avg": 0,
            "equity": null,
            "current_ratio": null,
            "debt_ratio": null,
            "inventory_turnover_ratio": null,
            "account_receivable_turnover_ratio": null,
            "reinvestment_rate": null,
            "research_to_sale_ratio": null,
            "price_fair": 0,
            "eps_avg_yearly": 0,
            "eps_latest_yearly": 0,
            "eps_growth_yearly": 0
        },
        "20081": {
            "year_quarter": 20081,
            "year": 2008,
            "quarter": 1,
            "eps": null,
            "eps_growth_year": null,
            "eps_4q": null,
            "eps_4q_growth_year": null,
            "roe": null,
            "roe_4q": 0,
            "gross_profit": null,
            "gross_margin": null,
            "gross_margin_4q_avg": 0,
            "net_income": null,
            "revenue": null,
            "common_shares": null,
            "book_valuer_per_share": null,
            "book_valuer_per_share_4q_avg": 0,
            "equity": null,
            "current_ratio": null,
            "debt_ratio": null,
            "inventory_turnover_ratio": null,
            "account_receivable_turnover_ratio": null,
            "reinvestment_rate": null,
            "research_to_sale_ratio": null,
            "price_fair": 0,
            "eps_avg_yearly": 0,
            "eps_latest_yearly": 0,
            "eps_growth_yearly": 0
        },
        "20082": {
            "year_quarter": 20082,
            "year": 2008,
            "quarter": 2,
            "eps": null,
            "eps_growth_year": null,
            "eps_4q": null,
            "eps_4q_growth_year": null,
            "roe": null,
            "roe_4q": 0,
            "gross_profit": null,
            "gross_margin": null,
            "gross_margin_4q_avg": 0,
            "net_income": null,
            "revenue": null,
            "common_shares": null,
            "book_valuer_per_share": null,
            "book_valuer_per_share_4q_avg": 0,
            "equity": null,
            "current_ratio": null,
            "debt_ratio": null,
            "inventory_turnover_ratio": null,
            "account_receivable_turnover_ratio": null,
            "reinvestment_rate": null,
            "research_to_sale_ratio": null,
            "price_fair": 0,
            "eps_avg_yearly": 0,
            "eps_latest_yearly": 0,
            "eps_growth_yearly": 0
        },
        "20083": {
            "year_quarter": 20083,
            "year": 2008,
            "quarter": 3,
            "eps": null,
            "eps_growth_year": null,
            "eps_4q": null,
            "eps_4q_growth_year": null,
            "roe": null,
            "roe_4q": 0,
            "gross_profit": null,
            "gross_margin": null,
            "gross_margin_4q_avg": 0,
            "net_income": null,
            "revenue": null,
            "common_shares": null,
            "book_valuer_per_share": null,
            "book_valuer_per_share_4q_avg": 0,
            "equity": null,
            "current_ratio": null,
            "debt_ratio": null,
            "inventory_turnover_ratio": null,
            "account_receivable_turnover_ratio": null,
            "reinvestment_rate": null,
            "research_to_sale_ratio": null,
            "price_fair": 0,
            "eps_avg_yearly": 0,
            "eps_latest_yearly": 0,
            "eps_growth_yearly": 0
        },
        "20084": {
            "year_quarter": 20084,
            "year": 2008,
            "quarter": 4,
            "eps": null,
            "eps_growth_year": null,
            "eps_4q": null,
            "eps_4q_growth_year": null,
            "roe": null,
            "roe_4q": 0,
            "gross_profit": null,
            "gross_margin": null,
            "gross_margin_4q_avg": 0,
            "net_income": null,
            "revenue": null,
            "common_shares": null,
            "book_valuer_per_share": null,
            "book_valuer_per_share_4q_avg": 0,
            "equity": null,
            "current_ratio": null,
            "debt_ratio": null,
            "inventory_turnover_ratio": null,
            "account_receivable_turnover_ratio": null,
            "reinvestment_rate": null,
            "research_to_sale_ratio": null,
            "price_fair": 0,
            "eps_avg_yearly": 0,
            "eps_latest_yearly": 0,
            "eps_growth_yearly": 0
        },
        "20091": {
            "year_quarter": 20091,
            "year": 2009,
            "quarter": 1,
            "eps": null,
            "eps_growth_year": null,
            "eps_4q": null,
            "eps_4q_growth_year": null,
            "roe": null,
            "roe_4q": 0,
            "gross_profit": null,
            "gross_margin": null,
            "gross_margin_4q_avg": 0,
            "net_income": null,
            "revenue": null,
            "common_shares": null,
            "book_valuer_per_share": null,
            "book_valuer_per_share_4q_avg": 0,
            "equity": null,
            "current_ratio": null,
            "debt_ratio": null,
            "inventory_turnover_ratio": null,
            "account_receivable_turnover_ratio": null,
            "reinvestment_rate": null,
            "research_to_sale_ratio": null,
            "price_fair": 0,
            "eps_avg_yearly": 0,
            "eps_latest_yearly": 0,
            "eps_growth_yearly": 0
        },
        "20092": {
            "year_quarter": 20092,
            "year": 2009,
            "quarter": 2,
            "eps": null,
            "eps_growth_year": null,
            "eps_4q": null,
            "eps_4q_growth_year": null,
            "roe": null,
            "roe_4q": 0,
            "gross_profit": null,
            "gross_margin": null,
            "gross_margin_4q_avg": 0,
            "net_income": null,
            "revenue": null,
            "common_shares": null,
            "book_valuer_per_share": null,
            "book_valuer_per_share_4q_avg": 0,
            "equity": null,
            "current_ratio": null,
            "debt_ratio": null,
            "inventory_turnover_ratio": null,
            "account_receivable_turnover_ratio": null,
            "reinvestment_rate": null,
            "research_to_sale_ratio": null,
            "price_fair": 0,
            "eps_avg_yearly": 0,
            "eps_latest_yearly": 0,
            "eps_growth_yearly": 0
        },
        "20093": {
            "year_quarter": 20093,
            "year": 2009,
            "quarter": 3,
            "eps": null,
            "eps_growth_year": null,
            "eps_4q": null,
            "eps_4q_growth_year": null,
            "roe": null,
            "roe_4q": 0,
            "gross_profit": null,
            "gross_margin": null,
            "gross_margin_4q_avg": 0,
            "net_income": null,
            "revenue": null,
            "common_shares": null,
            "book_valuer_per_share": null,
            "book_valuer_per_share_4q_avg": 0,
            "equity": null,
            "current_ratio": null,
            "debt_ratio": null,
            "inventory_turnover_ratio": null,
            "account_receivable_turnover_ratio": null,
            "reinvestment_rate": null,
            "research_to_sale_ratio": null,
            "price_fair": 0,
            "eps_avg_yearly": 0,
            "eps_latest_yearly": 0,
            "eps_growth_yearly": 0
        },
        "20094": {
            "year_quarter": 20094,
            "year": 2009,
            "quarter": 4,
            "eps": null,
            "eps_growth_year": null,
            "eps_4q": null,
            "eps_4q_growth_year": null,
            "roe": null,
            "roe_4q": 0,
            "gross_profit": null,
            "gross_margin": null,
            "gross_margin_4q_avg": 0,
            "net_income": null,
            "revenue": null,
            "common_shares": 869898,
            "book_valuer_per_share": null,
            "book_valuer_per_share_4q_avg": 0,
            "equity": 576196,
            "current_ratio": null,
            "debt_ratio": null,
            "inventory_turnover_ratio": null,
            "account_receivable_turnover_ratio": null,
            "reinvestment_rate": null,
            "research_to_sale_ratio": null,
            "price_fair": 0,
            "eps_avg_yearly": 0,
            "eps_latest_yearly": 0,
            "eps_growth_yearly": 0
        },
        "20101": {
            "year_quarter": 20101,
            "year": 2010,
            "quarter": 1,
            "eps": null,
            "eps_growth_year": null,
            "eps_4q": null,
            "eps_4q_growth_year": null,
            "roe": null,
            "roe_4q": 0,
            "gross_profit": null,
            "gross_margin": null,
            "gross_margin_4q_avg": 0,
            "net_income": null,
            "revenue": null,
            "common_shares": null,
            "book_valuer_per_share": null,
            "book_valuer_per_share_4q_avg": 0,
            "equity": null,
            "current_ratio": null,
            "debt_ratio": null,
            "inventory_turnover_ratio": null,
            "account_receivable_turnover_ratio": null,
            "reinvestment_rate": null,
            "research_to_sale_ratio": null,
            "price_fair": 0,
            "eps_avg_yearly": 0,
            "eps_latest_yearly": 0,
            "eps_growth_yearly": 0
        },
        "20102": {
            "year_quarter": 20102,
            "year": 2010,
            "quarter": 2,
            "eps": null,
            "eps_growth_year": null,
            "eps_4q": null,
            "eps_4q_growth_year": null,
            "roe": null,
            "roe_4q": 0,
            "gross_profit": null,
            "gross_margin": null,
            "gross_margin_4q_avg": 0,
            "net_income": null,
            "revenue": null,
            "common_shares": 646928,
            "book_valuer_per_share": null,
            "book_valuer_per_share_4q_avg": 0,
            "equity": 719860,
            "current_ratio": null,
            "debt_ratio": null,
            "inventory_turnover_ratio": null,
            "account_receivable_turnover_ratio": null,
            "reinvestment_rate": null,
            "research_to_sale_ratio": null,
            "price_fair": 0,
            "eps_avg_yearly": 0,
            "eps_latest_yearly": 0,
            "eps_growth_yearly": 0
        },
        "20103": {
            "year_quarter": 20103,
            "year": 2010,
            "quarter": 3,
            "eps": null,
            "eps_growth_year": null,
            "eps_4q": null,
            "eps_4q_growth_year": null,
            "roe": null,
            "roe_4q": 0,
            "gross_profit": null,
            "gross_margin": null,
            "gross_margin_4q_avg": 0,
            "net_income": null,
            "revenue": null,
            "common_shares": null,
            "book_valuer_per_share": null,
            "book_valuer_per_share_4q_avg": 0,
            "equity": null,
            "current_ratio": null,
            "debt_ratio": null,
            "inventory_turnover_ratio": null,
            "account_receivable_turnover_ratio": null,
            "reinvestment_rate": null,
            "research_to_sale_ratio": null,
            "price_fair": 0,
            "eps_avg_yearly": 0,
            "eps_latest_yearly": 0,
            "eps_growth_yearly": 0
        },
        "20104": {
            "year_quarter": 20104,
            "year": 2010,
            "quarter": 4,
            "eps": null,
            "eps_growth_year": null,
            "eps_4q": null,
            "eps_4q_growth_year": null,
            "roe": null,
            "roe_4q": 0,
            "gross_profit": null,
            "gross_margin": null,
            "gross_margin_4q_avg": 0,
            "net_income": null,
            "revenue": null,
            "common_shares": 726928,
            "book_valuer_per_share": 12.31,
            "book_valuer_per_share_4q_avg": 3.08,
            "equity": 894644,
            "current_ratio": 165.21,
            "debt_ratio": 52.99,
            "inventory_turnover_ratio": null,
            "account_receivable_turnover_ratio": null,
            "reinvestment_rate": null,
            "research_to_sale_ratio": null,
            "price_fair": 0,
            "eps_avg_yearly": 0,
            "eps_latest_yearly": 0,
            "eps_growth_yearly": 0
        },
        "20111": {
            "year_quarter": 20111,
            "year": 2011,
            "quarter": 1,
            "eps": null,
            "eps_growth_year": null,
            "eps_4q": null,
            "eps_4q_growth_year": null,
            "roe": null,
            "roe_4q": 0,
            "gross_profit": null,
            "gross_margin": null,
            "gross_margin_4q_avg": 0,
            "net_income": null,
            "revenue": null,
            "common_shares": null,
            "book_valuer_per_share": null,
            "book_valuer_per_share_4q_avg": 3.08,
            "equity": null,
            "current_ratio": null,
            "debt_ratio": null,
            "inventory_turnover_ratio": null,
            "account_receivable_turnover_ratio": null,
            "reinvestment_rate": null,
            "research_to_sale_ratio": null,
            "price_fair": 0,
            "eps_avg_yearly": 0,
            "eps_latest_yearly": 0,
            "eps_growth_yearly": 0
        },
        "20112": {
            "year_quarter": 20112,
            "year": 2011,
            "quarter": 2,
            "eps": null,
            "eps_growth_year": null,
            "eps_4q": null,
            "eps_4q_growth_year": null,
            "roe": null,
            "roe_4q": 0,
            "gross_profit": null,
            "gross_margin": null,
            "gross_margin_4q_avg": 0,
            "net_income": null,
            "revenue": null,
            "common_shares": 726928,
            "book_valuer_per_share": 12.43,
            "book_valuer_per_share_4q_avg": 6.19,
            "equity": 903391,
            "current_ratio": 172.79,
            "debt_ratio": 50.14,
            "inventory_turnover_ratio": null,
            "account_receivable_turnover_ratio": null,
            "reinvestment_rate": null,
            "research_to_sale_ratio": null,
            "price_fair": 0,
            "eps_avg_yearly": 0,
            "eps_latest_yearly": 0,
            "eps_growth_yearly": 0
        },
        "20113": {
            "year_quarter": 20113,
            "year": 2011,
            "quarter": 3,
            "eps": null,
            "eps_growth_year": null,
            "eps_4q": null,
            "eps_4q_growth_year": null,
            "roe": null,
            "roe_4q": 0,
            "gross_profit": null,
            "gross_margin": null,
            "gross_margin_4q_avg": 0,
            "net_income": null,
            "revenue": null,
            "common_shares": null,
            "book_valuer_per_share": null,
            "book_valuer_per_share_4q_avg": 6.19,
            "equity": null,
            "current_ratio": null,
            "debt_ratio": null,
            "inventory_turnover_ratio": null,
            "account_receivable_turnover_ratio": null,
            "reinvestment_rate": null,
            "research_to_sale_ratio": null,
            "price_fair": 0,
            "eps_avg_yearly": 0,
            "eps_latest_yearly": 0,
            "eps_growth_yearly": 0
        },
        "20114": {
            "year_quarter": 20114,
            "year": 2011,
            "quarter": 4,
            "eps": null,
            "eps_growth_year": null,
            "eps_4q": null,
            "eps_4q_growth_year": null,
            "roe": null,
            "roe_4q": 0,
            "gross_profit": null,
            "gross_margin": null,
            "gross_margin_4q_avg": 0,
            "net_income": null,
            "revenue": null,
            "common_shares": 750786,
            "book_valuer_per_share": 12.73,
            "book_valuer_per_share_4q_avg": 6.29,
            "equity": 956086,
            "current_ratio": 220.84,
            "debt_ratio": 37.43,
            "inventory_turnover_ratio": null,
            "account_receivable_turnover_ratio": null,
            "reinvestment_rate": null,
            "research_to_sale_ratio": null,
            "price_fair": 0,
            "eps_avg_yearly": 0,
            "eps_latest_yearly": 0,
            "eps_growth_yearly": 0
        },
        "20121": {
            "year_quarter": 20121,
            "year": 2012,
            "quarter": 1,
            "eps": null,
            "eps_growth_year": null,
            "eps_4q": null,
            "eps_4q_growth_year": null,
            "roe": null,
            "roe_4q": 0,
            "gross_profit": null,
            "gross_margin": null,
            "gross_margin_4q_avg": 0,
            "net_income": null,
            "revenue": null,
            "common_shares": null,
            "book_valuer_per_share": null,
            "book_valuer_per_share_4q_avg": 6.29,
            "equity": null,
            "current_ratio": null,
            "debt_ratio": null,
            "inventory_turnover_ratio": null,
            "account_receivable_turnover_ratio": null,
            "reinvestment_rate": null,
            "research_to_sale_ratio": null,
            "price_fair": 0,
            "eps_avg_yearly": 0,
            "eps_latest_yearly": 0,
            "eps_growth_yearly": 0
        },
        "20122": {
            "year_quarter": 20122,
            "year": 2012,
            "quarter": 2,
            "eps": null,
            "eps_growth_year": null,
            "eps_4q": null,
            "eps_4q_growth_year": null,
            "roe": null,
            "roe_4q": 0,
            "gross_profit": null,
            "gross_margin": null,
            "gross_margin_4q_avg": 0,
            "net_income": null,
            "revenue": null,
            "common_shares": 1200786,
            "book_valuer_per_share": 11.99,
            "book_valuer_per_share_4q_avg": 6.18,
            "equity": 1439417,
            "current_ratio": 253.92,
            "debt_ratio": 34.7,
            "inventory_turnover_ratio": null,
            "account_receivable_turnover_ratio": null,
            "reinvestment_rate": null,
            "research_to_sale_ratio": null,
            "price_fair": 0,
            "eps_avg_yearly": 0,
            "eps_latest_yearly": 0,
            "eps_growth_yearly": 0
        },
        "20123": {
            "year_quarter": 20123,
            "year": 2012,
            "quarter": 3,
            "eps": null,
            "eps_growth_year": null,
            "eps_4q": null,
            "eps_4q_growth_year": null,
            "roe": null,
            "roe_4q": 0,
            "gross_profit": null,
            "gross_margin": null,
            "gross_margin_4q_avg": 0,
            "net_income": null,
            "revenue": null,
            "common_shares": null,
            "book_valuer_per_share": null,
            "book_valuer_per_share_4q_avg": 6.18,
            "equity": null,
            "current_ratio": null,
            "debt_ratio": null,
            "inventory_turnover_ratio": null,
            "account_receivable_turnover_ratio": null,
            "reinvestment_rate": null,
            "research_to_sale_ratio": null,
            "price_fair": 0,
            "eps_avg_yearly": 0,
            "eps_latest_yearly": 0,
            "eps_growth_yearly": 0
        },
        "20124": {
            "year_quarter": 20124,
            "year": 2012,
            "quarter": 4,
            "eps": null,
            "eps_growth_year": null,
            "eps_4q": null,
            "eps_4q_growth_year": null,
            "roe": null,
            "roe_4q": 0,
            "gross_profit": null,
            "gross_margin": null,
            "gross_margin_4q_avg": 0,
            "net_income": null,
            "revenue": null,
            "common_shares": 1221794,
            "book_valuer_per_share": 11.57,
            "book_valuer_per_share_4q_avg": 5.89,
            "equity": 1363608,
            "current_ratio": 183.03,
            "debt_ratio": 48.79,
            "inventory_turnover_ratio": null,
            "account_receivable_turnover_ratio": null,
            "reinvestment_rate": null,
            "research_to_sale_ratio": null,
            "price_fair": 0,
            "eps_avg_yearly": 0,
            "eps_latest_yearly": 0,
            "eps_growth_yearly": 0
        },
        "20131": {
            "year_quarter": 20131,
            "year": 2013,
            "quarter": 1,
            "eps": null,
            "eps_growth_year": null,
            "eps_4q": null,
            "eps_4q_growth_year": null,
            "roe": null,
            "roe_4q": 0,
            "gross_profit": null,
            "gross_margin": null,
            "gross_margin_4q_avg": 0,
            "net_income": null,
            "revenue": null,
            "common_shares": null,
            "book_valuer_per_share": null,
            "book_valuer_per_share_4q_avg": 5.89,
            "equity": null,
            "current_ratio": null,
            "debt_ratio": null,
            "inventory_turnover_ratio": null,
            "account_receivable_turnover_ratio": null,
            "reinvestment_rate": null,
            "research_to_sale_ratio": null,
            "price_fair": 0,
            "eps_avg_yearly": 0,
            "eps_latest_yearly": 0,
            "eps_growth_yearly": 0
        },
        "20132": {
            "year_quarter": 20132,
            "year": 2013,
            "quarter": 2,
            "eps": null,
            "eps_growth_year": null,
            "eps_4q": null,
            "eps_4q_growth_year": null,
            "roe": null,
            "roe_4q": 0,
            "gross_profit": null,
            "gross_margin": null,
            "gross_margin_4q_avg": 0,
            "net_income": null,
            "revenue": null,
            "common_shares": 1321794,
            "book_valuer_per_share": 12.8,
            "book_valuer_per_share_4q_avg": 6.09,
            "equity": 1637447,
            "current_ratio": 198.05,
            "debt_ratio": 45.61,
            "inventory_turnover_ratio": null,
            "account_receivable_turnover_ratio": null,
            "reinvestment_rate": null,
            "research_to_sale_ratio": null,
            "price_fair": 0,
            "eps_avg_yearly": 0,
            "eps_latest_yearly": 0,
            "eps_growth_yearly": 0
        },
        "20133": {
            "year_quarter": 20133,
            "year": 2013,
            "quarter": 3,
            "eps": null,
            "eps_growth_year": null,
            "eps_4q": null,
            "eps_4q_growth_year": null,
            "roe": null,
            "roe_4q": 0,
            "gross_profit": null,
            "gross_margin": null,
            "gross_margin_4q_avg": 0,
            "net_income": null,
            "revenue": null,
            "common_shares": null,
            "book_valuer_per_share": null,
            "book_valuer_per_share_4q_avg": 6.09,
            "equity": null,
            "current_ratio": null,
            "debt_ratio": null,
            "inventory_turnover_ratio": null,
            "account_receivable_turnover_ratio": null,
            "reinvestment_rate": null,
            "research_to_sale_ratio": null,
            "price_fair": 0,
            "eps_avg_yearly": 0,
            "eps_latest_yearly": 0,
            "eps_growth_yearly": 0
        },
        "20134": {
            "year_quarter": 20134,
            "year": 2013,
            "quarter": 4,
            "eps": null,
            "eps_growth_year": null,
            "eps_4q": null,
            "eps_4q_growth_year": null,
            "roe": null,
            "roe_4q": 0,
            "gross_profit": null,
            "gross_margin": null,
            "gross_margin_4q_avg": 0,
            "net_income": null,
            "revenue": null,
            "common_shares": 1321794,
            "book_valuer_per_share": 13.5,
            "book_valuer_per_share_4q_avg": 6.58,
            "equity": 1747302,
            "current_ratio": 189.49,
            "debt_ratio": 46.64,
            "inventory_turnover_ratio": null,
            "account_receivable_turnover_ratio": null,
            "reinvestment_rate": null,
            "research_to_sale_ratio": null,
            "price_fair": 0,
            "eps_avg_yearly": 0,
            "eps_latest_yearly": 0,
            "eps_growth_yearly": 0
        },
        "20141": {
            "year_quarter": 20141,
            "year": 2014,
            "quarter": 1,
            "eps": null,
            "eps_growth_year": null,
            "eps_4q": null,
            "eps_4q_growth_year": null,
            "roe": null,
            "roe_4q": 0,
            "gross_profit": null,
            "gross_margin": null,
            "gross_margin_4q_avg": 0,
            "net_income": null,
            "revenue": null,
            "common_shares": null,
            "book_valuer_per_share": null,
            "book_valuer_per_share_4q_avg": 6.58,
            "equity": null,
            "current_ratio": null,
            "debt_ratio": null,
            "inventory_turnover_ratio": null,
            "account_receivable_turnover_ratio": null,
            "reinvestment_rate": null,
            "research_to_sale_ratio": null,
            "price_fair": 0,
            "eps_avg_yearly": 0,
            "eps_latest_yearly": 0,
            "eps_growth_yearly": 0
        },
        "20142": {
            "year_quarter": 20142,
            "year": 2014,
            "quarter": 2,
            "eps": null,
            "eps_growth_year": null,
            "eps_4q": null,
            "eps_4q_growth_year": null,
            "roe": null,
            "roe_4q": 0,
            "gross_profit": null,
            "gross_margin": null,
            "gross_margin_4q_avg": 0,
            "net_income": null,
            "revenue": null,
            "common_shares": 1321794,
            "book_valuer_per_share": 14.2,
            "book_valuer_per_share_4q_avg": 6.93,
            "equity": 1873112,
            "current_ratio": 181.82,
            "debt_ratio": 51.03,
            "inventory_turnover_ratio": null,
            "account_receivable_turnover_ratio": null,
            "reinvestment_rate": null,
            "research_to_sale_ratio": null,
            "price_fair": 0,
            "eps_avg_yearly": 0,
            "eps_latest_yearly": 0,
            "eps_growth_yearly": 0
        },
        "20143": {
            "year_quarter": 20143,
            "year": 2014,
            "quarter": 3,
            "eps": null,
            "eps_growth_year": null,
            "eps_4q": null,
            "eps_4q_growth_year": null,
            "roe": null,
            "roe_4q": 0,
            "gross_profit": 250075,
            "gross_margin": null,
            "gross_margin_4q_avg": 0,
            "net_income": 59534,
            "revenue": 1374922,
            "common_shares": 1321794,
            "book_valuer_per_share": null,
            "book_valuer_per_share_4q_avg": 6.93,
            "equity": 1932896,
            "current_ratio": null,
            "debt_ratio": null,
            "inventory_turnover_ratio": null,
            "account_receivable_turnover_ratio": null,
            "reinvestment_rate": null,
            "research_to_sale_ratio": null,
            "price_fair": 0,
            "eps_avg_yearly": 0,
            "eps_latest_yearly": 0,
            "eps_growth_yearly": 0
        },
        "20144": {
            "year_quarter": 20144,
            "year": 2014,
            "quarter": 4,
            "eps": null,
            "eps_growth_year": null,
            "eps_4q": null,
            "eps_4q_growth_year": null,
            "roe": null,
            "roe_4q": 0,
            "gross_profit": 274654,
            "gross_margin": null,
            "gross_margin_4q_avg": 0,
            "net_income": 49379,
            "revenue": 1397806,
            "common_shares": 1336794,
            "book_valuer_per_share": 15.07,
            "book_valuer_per_share_4q_avg": 7.32,
            "equity": 2008416,
            "current_ratio": 214.45,
            "debt_ratio": 43.9,
            "inventory_turnover_ratio": null,
            "account_receivable_turnover_ratio": null,
            "reinvestment_rate": null,
            "research_to_sale_ratio": null,
            "price_fair": 0,
            "eps_avg_yearly": 0,
            "eps_latest_yearly": 0,
            "eps_growth_yearly": 0
        },
        "20151": {
            "year_quarter": 20151,
            "year": 2015,
            "quarter": 1,
            "eps": null,
            "eps_growth_year": null,
            "eps_4q": null,
            "eps_4q_growth_year": null,
            "roe": null,
            "roe_4q": 0,
            "gross_profit": null,
            "gross_margin": null,
            "gross_margin_4q_avg": 0,
            "net_income": null,
            "revenue": null,
            "common_shares": null,
            "book_valuer_per_share": null,
            "book_valuer_per_share_4q_avg": 7.32,
            "equity": null,
            "current_ratio": null,
            "debt_ratio": null,
            "inventory_turnover_ratio": null,
            "account_receivable_turnover_ratio": null,
            "reinvestment_rate": null,
            "research_to_sale_ratio": null,
            "price_fair": 0,
            "eps_avg_yearly": 0,
            "eps_latest_yearly": 0,
            "eps_growth_yearly": 0
        },
        "20152": {
            "year_quarter": 20152,
            "year": 2015,
            "quarter": 2,
            "eps": null,
            "eps_growth_year": null,
            "eps_4q": null,
            "eps_4q_growth_year": null,
            "roe": null,
            "roe_4q": 0,
            "gross_profit": null,
            "gross_margin": null,
            "gross_margin_4q_avg": 0,
            "net_income": null,
            "revenue": null,
            "common_shares": 1336444,
            "book_valuer_per_share": 15.13,
            "book_valuer_per_share_4q_avg": 7.55,
            "equity": 2017417,
            "current_ratio": 192.72,
            "debt_ratio": 48.64,
            "inventory_turnover_ratio": null,
            "account_receivable_turnover_ratio": null,
            "reinvestment_rate": null,
            "research_to_sale_ratio": null,
            "price_fair": 0,
            "eps_avg_yearly": 0,
            "eps_latest_yearly": 0,
            "eps_growth_yearly": 0
        },
        "20153": {
            "year_quarter": 20153,
            "year": 2015,
            "quarter": 3,
            "eps": 0.89,
            "eps_growth_year": null,
            "eps_4q": null,
            "eps_4q_growth_year": null,
            "roe": 5.62,
            "roe_4q": 5.62,
            "gross_profit": 362547,
            "gross_margin": 21.38,
            "gross_margin_4q_avg": 5.35,
            "net_income": 116827,
            "revenue": 1696023,
            "common_shares": 1336444,
            "book_valuer_per_share": 16.06,
            "book_valuer_per_share_4q_avg": 11.57,
            "equity": 2141304,
            "current_ratio": 203.64,
            "debt_ratio": 46.37,
            "inventory_turnover_ratio": 0.99,
            "account_receivable_turnover_ratio": 1.06,
            "reinvestment_rate": null,
            "research_to_sale_ratio": 9.74,
            "price_fair": 0,
            "eps_avg_yearly": 0,
            "eps_latest_yearly": 0,
            "eps_growth_yearly": 0
        },
        "20154": {
            "year_quarter": 20154,
            "year": 2015,
            "quarter": 4,
            "eps": 0.7,
            "eps_growth_year": null,
            "eps_4q": null,
            "eps_4q_growth_year": null,
            "roe": 4.27,
            "roe_4q": 9.89,
            "gross_profit": 368923,
            "gross_margin": 21.5,
            "gross_margin_4q_avg": 10.72,
            "net_income": 94701,
            "revenue": 1716046,
            "common_shares": 1360606,
            "book_valuer_per_share": 16.85,
            "book_valuer_per_share_4q_avg": 12.01,
            "equity": 2291098,
            "current_ratio": 231.53,
            "debt_ratio": 40.74,
            "inventory_turnover_ratio": 1.05,
            "account_receivable_turnover_ratio": 1.09,
            "reinvestment_rate": null,
            "research_to_sale_ratio": 10.44,
            "price_fair": 8.4,
            "eps_avg_yearly": 2.8,
            "eps_latest_yearly": 2.8,
            "eps_growth_yearly": -85.39
        },
        "20161": {
            "year_quarter": 20161,
            "year": 2016,
            "quarter": 1,
            "eps": null,
            "eps_growth_year": null,
            "eps_4q": null,
            "eps_4q_growth_year": null,
            "roe": null,
            "roe_4q": 9.89,
            "gross_profit": null,
            "gross_margin": null,
            "gross_margin_4q_avg": 10.72,
            "net_income": null,
            "revenue": null,
            "common_shares": null,
            "book_valuer_per_share": null,
            "book_valuer_per_share_4q_avg": 12.01,
            "equity": null,
            "current_ratio": null,
            "debt_ratio": null,
            "inventory_turnover_ratio": null,
            "account_receivable_turnover_ratio": null,
            "reinvestment_rate": null,
            "research_to_sale_ratio": null,
            "price_fair": 8.4,
            "eps_avg_yearly": 2.8,
            "eps_latest_yearly": 2.8,
            "eps_growth_yearly": -85.39
        },
        "20162": {
            "year_quarter": 20162,
            "year": 2016,
            "quarter": 2,
            "eps": null,
            "eps_growth_year": null,
            "eps_4q": null,
            "eps_4q_growth_year": null,
            "roe": null,
            "roe_4q": 9.89,
            "gross_profit": null,
            "gross_margin": null,
            "gross_margin_4q_avg": 10.72,
            "net_income": null,
            "revenue": null,
            "common_shares": 1360221,
            "book_valuer_per_share": 16.76,
            "book_valuer_per_share_4q_avg": 12.42,
            "equity": 2274328,
            "current_ratio": 204.21,
            "debt_ratio": 47.1,
            "inventory_turnover_ratio": null,
            "account_receivable_turnover_ratio": null,
            "reinvestment_rate": null,
            "research_to_sale_ratio": null,
            "price_fair": 8.4,
            "eps_avg_yearly": 2.8,
            "eps_latest_yearly": 2.8,
            "eps_growth_yearly": -85.39
        },
        "20163": {
            "year_quarter": 20163,
            "year": 2016,
            "quarter": 3,
            "eps": null,
            "eps_growth_year": null,
            "eps_4q": null,
            "eps_4q_growth_year": null,
            "roe": null,
            "roe_4q": 4.27,
            "gross_profit": null,
            "gross_margin": null,
            "gross_margin_4q_avg": 5.38,
            "net_income": null,
            "revenue": null,
            "common_shares": null,
            "book_valuer_per_share": null,
            "book_valuer_per_share_4q_avg": 8.4,
            "equity": null,
            "current_ratio": null,
            "debt_ratio": null,
            "inventory_turnover_ratio": null,
            "account_receivable_turnover_ratio": null,
            "reinvestment_rate": null,
            "research_to_sale_ratio": null,
            "price_fair": 8.4,
            "eps_avg_yearly": 2.8,
            "eps_latest_yearly": 2.8,
            "eps_growth_yearly": -85.39
        },
        "20164": {
            "year_quarter": 20164,
            "year": 2016,
            "quarter": 4,
            "eps": null,
            "eps_growth_year": null,
            "eps_4q": null,
            "eps_4q_growth_year": null,
            "roe": null,
            "roe_4q": 0,
            "gross_profit": null,
            "gross_margin": null,
            "gross_margin_4q_avg": 0,
            "net_income": null,
            "revenue": null,
            "common_shares": null,
            "book_valuer_per_share": null,
            "book_valuer_per_share_4q_avg": 4.19,
            "equity": null,
            "current_ratio": null,
            "debt_ratio": null,
            "inventory_turnover_ratio": null,
            "account_receivable_turnover_ratio": null,
            "reinvestment_rate": null,
            "research_to_sale_ratio": null,
            "price_fair": 8.4,
            "eps_avg_yearly": 2.8,
            "eps_latest_yearly": 2.8,
            "eps_growth_yearly": -85.39
        },
        "20171": {
            "year_quarter": 20171,
            "year": 2017,
            "quarter": 1,
            "eps": null,
            "eps_growth_year": null,
            "eps_4q": null,
            "eps_4q_growth_year": null,
            "roe": null,
            "roe_4q": 0,
            "gross_profit": null,
            "gross_margin": null,
            "gross_margin_4q_avg": 0,
            "net_income": null,
            "revenue": null,
            "common_shares": null,
            "book_valuer_per_share": null,
            "book_valuer_per_share_4q_avg": 4.19,
            "equity": null,
            "current_ratio": null,
            "debt_ratio": null,
            "inventory_turnover_ratio": null,
            "account_receivable_turnover_ratio": null,
            "reinvestment_rate": null,
            "research_to_sale_ratio": null,
            "price_fair": 8.4,
            "eps_avg_yearly": 2.8,
            "eps_latest_yearly": 2.8,
            "eps_growth_yearly": -85.39
        },
        "20172": {
            "year_quarter": 20172,
            "year": 2017,
            "quarter": 2,
            "eps": null,
            "eps_growth_year": null,
            "eps_4q": null,
            "eps_4q_growth_year": null,
            "roe": null,
            "roe_4q": 0,
            "gross_profit": null,
            "gross_margin": null,
            "gross_margin_4q_avg": 0,
            "net_income": null,
            "revenue": null,
            "common_shares": 1387581,
            "book_valuer_per_share": 17.88,
            "book_valuer_per_share_4q_avg": 4.47,
            "equity": 2470558,
            "current_ratio": 201.22,
            "debt_ratio": 46.91,
            "inventory_turnover_ratio": null,
            "account_receivable_turnover_ratio": null,
            "reinvestment_rate": null,
            "research_to_sale_ratio": null,
            "price_fair": 8.4,
            "eps_avg_yearly": 2.8,
            "eps_latest_yearly": 2.8,
            "eps_growth_yearly": -85.39
        },
        "20173": {
            "year_quarter": 20173,
            "year": 2017,
            "quarter": 3,
            "eps": null,
            "eps_growth_year": null,
            "eps_4q": null,
            "eps_4q_growth_year": null,
            "roe": null,
            "roe_4q": 0,
            "gross_profit": null,
            "gross_margin": null,
            "gross_margin_4q_avg": 0,
            "net_income": null,
            "revenue": null,
            "common_shares": null,
            "book_valuer_per_share": null,
            "book_valuer_per_share_4q_avg": 4.47,
            "equity": null,
            "current_ratio": null,
            "debt_ratio": null,
            "inventory_turnover_ratio": null,
            "account_receivable_turnover_ratio": null,
            "reinvestment_rate": null,
            "research_to_sale_ratio": null,
            "price_fair": 8.4,
            "eps_avg_yearly": 2.8,
            "eps_latest_yearly": 2.8,
            "eps_growth_yearly": -85.39
        },
        "20174": {
            "year_quarter": 20174,
            "year": 2017,
            "quarter": 4,
            "eps": null,
            "eps_growth_year": null,
            "eps_4q": null,
            "eps_4q_growth_year": null,
            "roe": null,
            "roe_4q": 0,
            "gross_profit": null,
            "gross_margin": null,
            "gross_margin_4q_avg": 0,
            "net_income": null,
            "revenue": null,
            "common_shares": 1415408,
            "book_valuer_per_share": 18.6,
            "book_valuer_per_share_4q_avg": 9.12,
            "equity": 2622417,
            "current_ratio": 178.14,
            "debt_ratio": 52.47,
            "inventory_turnover_ratio": null,
            "account_receivable_turnover_ratio": null,
            "reinvestment_rate": null,
            "research_to_sale_ratio": null,
            "price_fair": 8.4,
            "eps_avg_yearly": 2.8,
            "eps_latest_yearly": 2.8,
            "eps_growth_yearly": -85.39
        },
        "20181": {
            "year_quarter": 20181,
            "year": 2018,
            "quarter": 1,
            "eps": null,
            "eps_growth_year": null,
            "eps_4q": null,
            "eps_4q_growth_year": null,
            "roe": null,
            "roe_4q": 0,
            "gross_profit": null,
            "gross_margin": null,
            "gross_margin_4q_avg": 0,
            "net_income": null,
            "revenue": null,
            "common_shares": null,
            "book_valuer_per_share": null,
            "book_valuer_per_share_4q_avg": 9.12,
            "equity": null,
            "current_ratio": null,
            "debt_ratio": null,
            "inventory_turnover_ratio": null,
            "account_receivable_turnover_ratio": null,
            "reinvestment_rate": null,
            "research_to_sale_ratio": null,
            "price_fair": 8.4,
            "eps_avg_yearly": 2.8,
            "eps_latest_yearly": 2.8,
            "eps_growth_yearly": -85.39
        },
        "20182": {
            "year_quarter": 20182,
            "year": 2018,
            "quarter": 2,
            "eps": 1.05,
            "eps_growth_year": null,
            "eps_4q": null,
            "eps_4q_growth_year": null,
            "roe": 5.5,
            "roe_4q": 5.5,
            "gross_profit": 491512,
            "gross_margin": 20.65,
            "gross_margin_4q_avg": 5.16,
            "net_income": 149850,
            "revenue": 2380470,
            "common_shares": 1414967,
            "book_valuer_per_share": 19.25,
            "book_valuer_per_share_4q_avg": 9.46,
            "equity": 2723293,
            "current_ratio": 183.19,
            "debt_ratio": 51.06,
            "inventory_turnover_ratio": 0.95,
            "account_receivable_turnover_ratio": 1.2,
            "reinvestment_rate": null,
            "research_to_sale_ratio": 9.79,
            "price_fair": 8.4,
            "eps_avg_yearly": 2.8,
            "eps_latest_yearly": 2.8,
            "eps_growth_yearly": -85.39
        },
        "20183": {
            "year_quarter": 20183,
            "year": 2018,
            "quarter": 3,
            "eps": 0.87,
            "eps_growth_year": null,
            "eps_4q": null,
            "eps_4q_growth_year": null,
            "roe": 4.3,
            "roe_4q": 9.8,
            "gross_profit": 524863,
            "gross_margin": 21.27,
            "gross_margin_4q_avg": 10.48,
            "net_income": 119691,
            "revenue": 2467666,
            "common_shares": 1414020,
            "book_valuer_per_share": 20.14,
            "book_valuer_per_share_4q_avg": 14.5,
            "equity": 2847026,
            "current_ratio": 178.27,
            "debt_ratio": 52.88,
            "inventory_turnover_ratio": 0.98,
            "account_receivable_turnover_ratio": 1.09,
            "reinvestment_rate": null,
            "research_to_sale_ratio": 10.65,
            "price_fair": 9.42,
            "eps_avg_yearly": 3.14,
            "eps_latest_yearly": 3.48,
            "eps_growth_yearly": -76.98
        },
        "20184": {
            "year_quarter": 20184,
            "year": 2018,
            "quarter": 4,
            "eps": 0.39,
            "eps_growth_year": null,
            "eps_4q": null,
            "eps_4q_growth_year": null,
            "roe": 2,
            "roe_4q": 11.8,
            "gross_profit": 460895,
            "gross_margin": 19.98,
            "gross_margin_4q_avg": 15.48,
            "net_income": 64982,
            "revenue": 2306595,
            "common_shares": 1628606,
            "book_valuer_per_share": 22.4,
            "book_valuer_per_share_4q_avg": 15.45,
            "equity": 3648876,
            "current_ratio": 219.98,
            "debt_ratio": 43.32,
            "inventory_turnover_ratio": 0.94,
            "account_receivable_turnover_ratio": 0.92,
            "reinvestment_rate": null,
            "research_to_sale_ratio": 11.41,
            "price_fair": 7.84,
            "eps_avg_yearly": 2.61,
            "eps_latest_yearly": 1.56,
            "eps_growth_yearly": -124.88
        },
        "20191": {
            "year_quarter": 20191,
            "year": 2019,
            "quarter": 1,
            "eps": 0.52,
            "eps_growth_year": null,
            "eps_4q": 2.55,
            "eps_4q_growth_year": null,
            "roe": 2.27,
            "roe_4q": 14.07,
            "gross_profit": 426309,
            "gross_margin": 19.74,
            "gross_margin_4q_avg": 20.41,
            "net_income": 84087,
            "revenue": 2159409,
            "common_shares": 1628606,
            "book_valuer_per_share": 23.08,
            "book_valuer_per_share_4q_avg": 21.22,
            "equity": 3758696,
            "current_ratio": 222.31,
            "debt_ratio": 43.13,
            "inventory_turnover_ratio": 0.94,
            "account_receivable_turnover_ratio": 0.9,
            "reinvestment_rate": null,
            "research_to_sale_ratio": 11.88,
            "price_fair": 7.44,
            "eps_avg_yearly": 2.48,
            "eps_latest_yearly": 2.08,
            "eps_growth_yearly": -60.33
        },
        "20192": {
            "year_quarter": 20192,
            "year": 2019,
            "quarter": 2,
            "eps": 0.56,
            "eps_growth_year": -46.67,
            "eps_4q": 2.2,
            "eps_4q_growth_year": null,
            "roe": 2.41,
            "roe_4q": 10.98,
            "gross_profit": 493269,
            "gross_margin": 21.55,
            "gross_margin_4q_avg": 20.64,
            "net_income": 89337,
            "revenue": 2288827,
            "common_shares": 1628389,
            "book_valuer_per_share": 22.38,
            "book_valuer_per_share_4q_avg": 22,
            "equity": 3643952,
            "current_ratio": 202.77,
            "debt_ratio": 46.96,
            "inventory_turnover_ratio": 1.11,
            "account_receivable_turnover_ratio": 0.98,
            "reinvestment_rate": null,
            "research_to_sale_ratio": 12.62,
            "price_fair": 7.3,
            "eps_avg_yearly": 2.43,
            "eps_latest_yearly": 2.24,
            "eps_growth_yearly": -42.11
        },
        "20193": {
            "year_quarter": 20193,
            "year": 2019,
            "quarter": 3,
            "eps": 0.55,
            "eps_growth_year": -36.78,
            "eps_4q": 2,
            "eps_4q_growth_year": null,
            "roe": 2.39,
            "roe_4q": 9.07,
            "gross_profit": 473521,
            "gross_margin": 20.14,
            "gross_margin_4q_avg": 20.35,
            "net_income": 88150,
            "revenue": 2351177,
            "common_shares": 1627365,
            "book_valuer_per_share": 22.95,
            "book_valuer_per_share_4q_avg": 22.7,
            "equity": 3735076,
            "current_ratio": 239.96,
            "debt_ratio": 39.75,
            "inventory_turnover_ratio": 1.2,
            "account_receivable_turnover_ratio": 0.99,
            "reinvestment_rate": null,
            "research_to_sale_ratio": 11.6,
            "price_fair": 7.18,
            "eps_avg_yearly": 2.39,
            "eps_latest_yearly": 2.2,
            "eps_growth_yearly": -36.28
        },
        "20194": {
            "year_quarter": 20194,
            "year": 2019,
            "quarter": 4,
            "eps": 0.28,
            "eps_growth_year": -27.95,
            "eps_4q": 1.86,
            "eps_4q_growth_year": null,
            "roe": 1.23,
            "roe_4q": 8.3,
            "gross_profit": 432633,
            "gross_margin": 18.28,
            "gross_margin_4q_avg": 19.93,
            "net_income": 46882,
            "revenue": 2366880,
            "common_shares": 1656875,
            "book_valuer_per_share": 23.32,
            "book_valuer_per_share_4q_avg": 22.93,
            "equity": 3863556,
            "current_ratio": 273.28,
            "debt_ratio": 34.75,
            "inventory_turnover_ratio": 1.24,
            "account_receivable_turnover_ratio": 1.01,
            "reinvestment_rate": null,
            "research_to_sale_ratio": 10.77,
            "price_fair": 6.34,
            "eps_avg_yearly": 2.11,
            "eps_latest_yearly": 1.12,
            "eps_growth_yearly": -54.78
        },
        "20201": {
            "year_quarter": 20201,
            "year": 2020,
            "quarter": 1,
            "eps": 0.41,
            "eps_growth_year": -21.15,
            "eps_4q": 1.76,
            "eps_4q_growth_year": -30.93,
            "roe": 1.72,
            "roe_4q": 7.75,
            "gross_profit": 423888,
            "gross_margin": 20.21,
            "gross_margin_4q_avg": 20.05,
            "net_income": 67288,
            "revenue": 2097629,
            "common_shares": 1656248,
            "book_valuer_per_share": 23.77,
            "book_valuer_per_share_4q_avg": 23.11,
            "equity": 3954517,
            "current_ratio": 239.73,
            "debt_ratio": 39.19,
            "inventory_turnover_ratio": 1.08,
            "account_receivable_turnover_ratio": 0.96,
            "reinvestment_rate": null,
            "research_to_sale_ratio": 13,
            "price_fair": 6.14,
            "eps_avg_yearly": 2.05,
            "eps_latest_yearly": 1.64,
            "eps_growth_yearly": -20.42
        },
        "20202": {
            "year_quarter": 20202,
            "year": 2020,
            "quarter": 2,
            "eps": 0.24,
            "eps_growth_year": -57.14,
            "eps_4q": 1.47,
            "eps_4q_growth_year": -33.5,
            "roe": 1.12,
            "roe_4q": 6.460000000000001,
            "gross_profit": 388906,
            "gross_margin": 17.62,
            "gross_margin_4q_avg": 19.06,
            "net_income": 46354,
            "revenue": 2207811,
            "common_shares": 1656248,
            "book_valuer_per_share": 24.64,
            "book_valuer_per_share_4q_avg": 23.67,
            "equity": 4321981,
            "current_ratio": 269.19,
            "debt_ratio": 34.77,
            "inventory_turnover_ratio": 1.17,
            "account_receivable_turnover_ratio": 1.03,
            "reinvestment_rate": null,
            "research_to_sale_ratio": 11.75,
            "price_fair": 5.73,
            "eps_avg_yearly": 1.91,
            "eps_latest_yearly": 0.96,
            "eps_growth_yearly": -38.6
        },
        "20203": {
            "year_quarter": 20203,
            "year": 2020,
            "quarter": 3,
            "eps": 0.73,
            "eps_growth_year": 32.73,
            "eps_4q": 1.65,
            "eps_4q_growth_year": -17.45,
            "roe": 2.78,
            "roe_4q": 6.85,
            "gross_profit": 564707,
            "gross_margin": 19.23,
            "gross_margin_4q_avg": 18.84,
            "net_income": 121935,
            "revenue": 2936721,
            "common_shares": 1655492,
            "book_valuer_per_share": 25.47,
            "book_valuer_per_share_4q_avg": 24.3,
            "equity": 4463776,
            "current_ratio": 247.56,
            "debt_ratio": 38.37,
            "inventory_turnover_ratio": 1.67,
            "account_receivable_turnover_ratio": 1.21,
            "reinvestment_rate": null,
            "research_to_sale_ratio": 10.34,
            "price_fair": 70.78,
            "eps_avg_yearly": 2.02,
            "eps_latest_yearly": 2.92,
            "eps_growth_yearly": 56.43
        },
        "20204": {
            "year_quarter": 20204,
            "year": 2020,
            "quarter": 4,
            "eps": 2.65,
            "eps_growth_year": 834.9,
            "eps_4q": 4,
            "eps_4q_growth_year": 115.09,
            "roe": 9.24,
            "roe_4q": 14.860000000000001,
            "gross_profit": 1003675,
            "gross_margin": 27.59,
            "gross_margin_4q_avg": 21.16,
            "net_income": 496251,
            "revenue": 3637539,
            "common_shares": 1665880,
            "book_valuer_per_share": 31.98,
            "book_valuer_per_share_4q_avg": 26.47,
            "equity": 6276149,
            "current_ratio": 300.59,
            "debt_ratio": 32.29,
            "inventory_turnover_ratio": 1.9,
            "account_receivable_turnover_ratio": 1.67,
            "reinvestment_rate": null,
            "research_to_sale_ratio": 8.53,
            "price_fair": 100.8,
            "eps_avg_yearly": 2.88,
            "eps_latest_yearly": 10.6,
            "eps_growth_yearly": 155.99
        },
        "20211": {
            "year_quarter": 20211,
            "year": 2021,
            "quarter": 1,
            "eps": 4.78,
            "eps_growth_year": 1065.85,
            "eps_4q": 8.35,
            "eps_4q_growth_year": 373.88,
            "roe": 13.13,
            "roe_4q": 26.270000000000003,
            "gross_profit": 1572070,
            "gross_margin": 39.26,
            "gross_margin_4q_avg": 25.93,
            "net_income": 880262,
            "revenue": 4004227,
            "common_shares": 1665880,
            "book_valuer_per_share": 36.67,
            "book_valuer_per_share_4q_avg": 29.69,
            "equity": 7134749,
            "current_ratio": 297.84,
            "debt_ratio": 32.45,
            "inventory_turnover_ratio": 1.63,
            "account_receivable_turnover_ratio": 2.22,
            "reinvestment_rate": null,
            "research_to_sale_ratio": 9.88,
            "price_fair": 152.47,
            "eps_avg_yearly": 4.36,
            "eps_latest_yearly": 19.12,
            "eps_growth_yearly": 171.04
        },
        "20212": {
            "year_quarter": 20212,
            "year": 2021,
            "quarter": 2,
            "eps": 10.58,
            "eps_growth_year": 4308.33,
            "eps_4q": 18.65,
            "eps_4q_growth_year": 1172.41,
            "roe": 24.49,
            "roe_4q": 49.64,
            "gross_profit": 2769574,
            "gross_margin": 47.18,
            "gross_margin_4q_avg": 33.32,
            "net_income": 1929689,
            "revenue": 5869798,
            "common_shares": 1665579,
            "book_valuer_per_share": 44.63,
            "book_valuer_per_share_4q_avg": 34.69,
            "equity": 8626582,
            "current_ratio": 194.47,
            "debt_ratio": 45.09,
            "inventory_turnover_ratio": 1.7,
            "account_receivable_turnover_ratio": 1.82,
            "reinvestment_rate": null,
            "research_to_sale_ratio": 6.93,
            "price_fair": 263.2,
            "eps_avg_yearly": 7.52,
            "eps_latest_yearly": 42.32,
            "eps_growth_yearly": 197.23
        },
        "20213": {
            "year_quarter": 20213,
            "year": 2021,
            "quarter": 3,
            "eps": 10.9,
            "eps_growth_year": 1393.15,
            "eps_4q": 26.28,
            "eps_4q_growth_year": 1491.72,
            "roe": 16.99,
            "roe_4q": 63.85,
            "gross_profit": 3320437,
            "gross_margin": 49.6,
            "gross_margin_4q_avg": 40.91,
            "net_income": 2079137,
            "revenue": 6694103,
            "common_shares": 1865453,
            "book_valuer_per_share": 77.62,
            "book_valuer_per_share_4q_avg": 47.73,
            "equity": 15842945,
            "current_ratio": 279.05,
            "debt_ratio": 32.83,
            "inventory_turnover_ratio": 1.4,
            "account_receivable_turnover_ratio": 1.27,
            "reinvestment_rate": null,
            "research_to_sale_ratio": 9.23,
            "price_fair": 360.34,
            "eps_avg_yearly": 10.3,
            "eps_latest_yearly": 43.6,
            "eps_growth_yearly": 182.99
        },
        "20214": {
            "year_quarter": 20214,
            "year": 2021,
            "quarter": 4,
            "eps": 7.51,
            "eps_growth_year": 183.98,
            "eps_4q": 31.43,
            "eps_4q_growth_year": 685.01,
            "roe": 9.03,
            "roe_4q": 63.63999999999999,
            "gross_profit": 3001896,
            "gross_margin": 47.65,
            "gross_margin_4q_avg": 45.92,
            "net_income": 1500547,
            "revenue": 6300110,
            "common_shares": 1865453,
            "book_valuer_per_share": 85.11,
            "book_valuer_per_share_4q_avg": 61.01,
            "equity": 17384515,
            "current_ratio": 321.01,
            "debt_ratio": 28.44,
            "inventory_turnover_ratio": 1.09,
            "account_receivable_turnover_ratio": 1.14,
            "reinvestment_rate": null,
            "research_to_sale_ratio": 11.88,
            "price_fair": 409.7,
            "eps_avg_yearly": 11.71,
            "eps_latest_yearly": 30.04,
            "eps_growth_yearly": 161.03
        },
        "20221": {
            "year_quarter": 20221,
            "year": 2022,
            "quarter": 1,
            "eps": 8.11,
            "eps_growth_year": 69.67,
            "eps_4q": 35.29,
            "eps_4q_growth_year": 322.47,
            "roe": 8.81,
            "roe_4q": 59.31999999999999,
            "gross_profit": 2693921,
            "gross_margin": 45.19,
            "gross_margin_4q_avg": 47.41,
            "net_income": 1608317,
            "revenue": 5961667,
            "common_shares": 1865453,
            "book_valuer_per_share": 93.66,
            "book_valuer_per_share_4q_avg": 75.26,
            "equity": 19134375,
            "current_ratio": 314.34,
            "debt_ratio": 28.49,
            "inventory_turnover_ratio": 0.94,
            "account_receivable_turnover_ratio": 1.19,
            "reinvestment_rate": 9.17,
            "research_to_sale_ratio": 9.38,
            "price_fair": 458.08,
            "eps_avg_yearly": 13.09,
            "eps_latest_yearly": 32.44,
            "eps_growth_yearly": 152.43
        },
        "20222": {
            "year_quarter": 20222,
            "year": 2022,
            "quarter": 2,
            "eps": 4.04,
            "eps_growth_year": -61.81,
            "eps_4q": 29.93,
            "eps_4q_growth_year": 60.49,
            "roe": 4.94,
            "roe_4q": 39.769999999999996,
            "gross_profit": 2037607,
            "gross_margin": 37.75,
            "gross_margin_4q_avg": 45.05,
            "net_income": 889553,
            "revenue": 5397191,
            "common_shares": 1865453,
            "book_valuer_per_share": 80.65,
            "book_valuer_per_share_4q_avg": 84.26,
            "equity": 16855415,
            "current_ratio": 253.38,
            "debt_ratio": 34.44,
            "inventory_turnover_ratio": 0.93,
            "account_receivable_turnover_ratio": 1.15,
            "reinvestment_rate": 7.93,
            "research_to_sale_ratio": 12.29,
            "price_fair": 464.8,
            "eps_avg_yearly": 13.28,
            "eps_latest_yearly": 16.16,
            "eps_growth_yearly": 130.36
        },
        "20223": {
            "year_quarter": 20223,
            "year": 2022,
            "quarter": 3,
            "eps": 2.48,
            "eps_growth_year": -77.25,
            "eps_4q": 22.13,
            "eps_4q_growth_year": -15.8,
            "roe": 2.5,
            "roe_4q": 25.28,
            "gross_profit": 1306919,
            "gross_margin": 31.18,
            "gross_margin_4q_avg": 40.44,
            "net_income": 472908,
            "revenue": 4191652,
            "common_shares": 1865453,
            "book_valuer_per_share": 92.15,
            "book_valuer_per_share_4q_avg": 87.89,
            "equity": 20908050,
            "current_ratio": 575,
            "debt_ratio": 15.71,
            "inventory_turnover_ratio": 0.85,
            "account_receivable_turnover_ratio": 1.1,
            "reinvestment_rate": 8.88,
            "research_to_sale_ratio": 15.08,
            "price_fair": 478.89,
            "eps_avg_yearly": 13.68,
            "eps_latest_yearly": 9.92,
            "eps_growth_yearly": 124.99
        },
        "20224": {
            "year_quarter": 20224,
            "year": 2022,
            "quarter": 4,
            "eps": 1.87,
            "eps_growth_year": -75.08,
            "eps_4q": 16.49,
            "eps_4q_growth_year": -47.54,
            "roe": 1.42,
            "roe_4q": 17.67,
            "gross_profit": 1106578,
            "gross_margin": 26.79,
            "gross_margin_4q_avg": 35.23,
            "net_income": 298407,
            "revenue": 4129915,
            "common_shares": 1865453,
            "book_valuer_per_share": 93.43,
            "book_valuer_per_share_4q_avg": 89.97,
            "equity": 21143509,
            "current_ratio": 536.63,
            "debt_ratio": 16.94,
            "inventory_turnover_ratio": 1.06,
            "account_receivable_turnover_ratio": 1.4,
            "reinvestment_rate": 9.71,
            "research_to_sale_ratio": 14.25,
            "price_fair": 491.84,
            "eps_avg_yearly": 14.05,
            "eps_latest_yearly": 7.48,
            "eps_growth_yearly": 132.63
        },
        "20231": {
            "year_quarter": 20231,
            "year": 2023,
            "quarter": 1,
            "eps": 2.26,
            "eps_growth_year": -72.13,
            "eps_4q": 10.64,
            "eps_4q_growth_year": -69.84,
            "roe": 2.04,
            "roe_4q": 10.9,
            "gross_profit": 1199921,
            "gross_margin": 30.48,
            "gross_margin_4q_avg": 31.55,
            "net_income": 436290,
            "revenue": 3936819,
            "common_shares": 1865453,
            "book_valuer_per_share": 96.05,
            "book_valuer_per_share_4q_avg": 90.57,
            "equity": 21614417,
            "current_ratio": 631.15,
            "debt_ratio": 14.84,
            "inventory_turnover_ratio": 1.2,
            "account_receivable_turnover_ratio": 1.44,
            "reinvestment_rate": 8.87,
            "research_to_sale_ratio": 13.74,
            "price_fair": 507.06,
            "eps_avg_yearly": 14.49,
            "eps_latest_yearly": 9.04,
            "eps_growth_yearly": 129.51
        }
    },
    "months": {
        "2010-09": {
            "month": "2010-09",
            "price": "38.24",
            "revenue": 220523
        },
        "2010-10": {
            "month": "2010-10",
            "price": "35.42",
            "revenue": 202820
        },
        "2010-11": {
            "month": "2010-11",
            "price": "31.89",
            "revenue": 249660
        },
        "2010-12": {
            "month": "2010-12",
            "price": "44.50",
            "revenue": 271891
        },
        "2011-01": {
            "month": "2011-01",
            "price": "59.21",
            "revenue": 228679
        },
        "2011-02": {
            "month": "2011-02",
            "price": "52.10",
            "revenue": 201027
        },
        "2011-03": {
            "month": "2011-03",
            "price": "47.72",
            "revenue": 192966
        },
        "2011-04": {
            "month": "2011-04",
            "price": "41.93",
            "revenue": 230903
        },
        "2011-05": {
            "month": "2011-05",
            "price": "38.99",
            "revenue": 159928
        },
        "2011-06": {
            "month": "2011-06",
            "price": "35.30",
            "revenue": 186213
        },
        "2011-07": {
            "month": "2011-07",
            "price": "31.62",
            "revenue": 197681
        },
        "2011-08": {
            "month": "2011-08",
            "price": "21.81",
            "revenue": 226274
        },
        "2011-09": {
            "month": "2011-09",
            "price": "21.80",
            "revenue": 223598
        },
        "2011-10": {
            "month": "2011-10",
            "price": "18.52",
            "revenue": 160962
        },
        "2011-11": {
            "month": "2011-11",
            "price": "16.60",
            "revenue": 114342
        },
        "2011-12": {
            "month": "2011-12",
            "price": "16.12",
            "revenue": 100788
        },
        "2012-01": {
            "month": "2012-01",
            "price": "22.50",
            "revenue": 69538
        },
        "2012-02": {
            "month": "2012-02",
            "price": "28.14",
            "revenue": 87053
        },
        "2012-03": {
            "month": "2012-03",
            "price": "28.27",
            "revenue": 124749
        },
        "2012-04": {
            "month": "2012-04",
            "price": "28.38",
            "revenue": 183265
        },
        "2012-05": {
            "month": "2012-05",
            "price": "26.39",
            "revenue": 193689
        },
        "2012-06": {
            "month": "2012-06",
            "price": "24.86",
            "revenue": 188197
        },
        "2012-07": {
            "month": "2012-07",
            "price": "25.32",
            "revenue": 194997
        },
        "2012-08": {
            "month": "2012-08",
            "price": "22.35",
            "revenue": 267174
        },
        "2012-09": {
            "month": "2012-09",
            "price": "23.49",
            "revenue": 275767
        },
        "2012-10": {
            "month": "2012-10",
            "price": "23.27",
            "revenue": 289783
        },
        "2012-11": {
            "month": "2012-11",
            "price": "25.55",
            "revenue": 308667
        },
        "2012-12": {
            "month": "2012-12",
            "price": "28.61",
            "revenue": 286374
        },
        "2013-01": {
            "month": "2013-01",
            "price": "28.74",
            "revenue": 322212
        },
        "2013-02": {
            "month": "2013-02",
            "price": "32.24",
            "revenue": 241867
        },
        "2013-03": {
            "month": "2013-03",
            "price": "33.74",
            "revenue": 271292
        },
        "2013-04": {
            "month": "2013-04",
            "price": "32.09",
            "revenue": 306854
        },
        "2013-05": {
            "month": "2013-05",
            "price": "34.50",
            "revenue": 331676
        },
        "2013-06": {
            "month": "2013-06",
            "price": "34.12",
            "revenue": 310728
        },
        "2013-07": {
            "month": "2013-07",
            "price": "29.75",
            "revenue": 338060
        },
        "2013-08": {
            "month": "2013-08",
            "price": "28.56",
            "revenue": 333479
        },
        "2013-09": {
            "month": "2013-09",
            "price": "27.00",
            "revenue": 310608
        },
        "2013-10": {
            "month": "2013-10",
            "price": "25.75",
            "revenue": 324350
        },
        "2013-11": {
            "month": "2013-11",
            "price": "25.34",
            "revenue": 331616
        },
        "2013-12": {
            "month": "2013-12",
            "price": "26.81",
            "revenue": 339882
        },
        "2014-01": {
            "month": "2014-01",
            "price": "29.88",
            "revenue": 385448
        },
        "2014-02": {
            "month": "2014-02",
            "price": "35.52",
            "revenue": 311357
        },
        "2014-03": {
            "month": "2014-03",
            "price": "40.07",
            "revenue": 458757
        },
        "2014-04": {
            "month": "2014-04",
            "price": "49.53",
            "revenue": 453447
        },
        "2014-05": {
            "month": "2014-05",
            "price": "55.22",
            "revenue": 447365
        },
        "2014-06": {
            "month": "2014-06",
            "price": "49.85",
            "revenue": 435695
        },
        "2014-07": {
            "month": "2014-07",
            "price": "46.76",
            "revenue": 482327
        },
        "2014-08": {
            "month": "2014-08",
            "price": "45.79",
            "revenue": 435538
        },
        "2014-09": {
            "month": "2014-09",
            "price": "46.49",
            "revenue": 457057
        },
        "2014-10": {
            "month": "2014-10",
            "price": "41.13",
            "revenue": 443791
        },
        "2014-11": {
            "month": "2014-11",
            "price": "39.78",
            "revenue": 450594
        },
        "2014-12": {
            "month": "2014-12",
            "price": "42.49",
            "revenue": 503422
        },
        "2015-01": {
            "month": "2015-01",
            "price": "51.34",
            "revenue": 442174
        },
        "2015-02": {
            "month": "2015-02",
            "price": "51.28",
            "revenue": 325365
        },
        "2015-03": {
            "month": "2015-03",
            "price": "48.33",
            "revenue": 431240
        },
        "2015-04": {
            "month": "2015-04",
            "price": "46.54",
            "revenue": 463922
        },
        "2015-05": {
            "month": "2015-05",
            "price": "44.66",
            "revenue": 509927
        },
        "2015-06": {
            "month": "2015-06",
            "price": "44.85",
            "revenue": 471538
        },
        "2015-07": {
            "month": "2015-07",
            "price": "40.63",
            "revenue": 502716
        },
        "2015-08": {
            "month": "2015-08",
            "price": "31.64",
            "revenue": 585286
        },
        "2015-09": {
            "month": "2015-09",
            "price": "35.58",
            "revenue": 608021
        },
        "2015-10": {
            "month": "2015-10",
            "price": "39.46",
            "revenue": 609471
        },
        "2015-11": {
            "month": "2015-11",
            "price": "43.12",
            "revenue": 551206
        },
        "2015-12": {
            "month": "2015-12",
            "price": "44.72",
            "revenue": 555368
        },
        "2016-01": {
            "month": "2016-01",
            "price": "38.79",
            "revenue": 545417
        },
        "2016-02": {
            "month": "2016-02",
            "price": "40.07",
            "revenue": 340518
        },
        "2016-03": {
            "month": "2016-03",
            "price": "44.59",
            "revenue": 552984
        },
        "2016-04": {
            "month": "2016-04",
            "price": "36.77",
            "revenue": 528898
        },
        "2016-05": {
            "month": "2016-05",
            "price": "32.98",
            "revenue": 500293
        },
        "2016-06": {
            "month": "2016-06",
            "price": "31.27",
            "revenue": 577061
        },
        "2016-07": {
            "month": "2016-07",
            "price": "30.75",
            "revenue": 649667
        },
        "2016-08": {
            "month": "2016-08",
            "price": "33.60",
            "revenue": 713673
        },
        "2016-09": {
            "month": "2016-09",
            "price": "34.99",
            "revenue": 742182
        },
        "2016-10": {
            "month": "2016-10",
            "price": "34.98",
            "revenue": 666428
        },
        "2016-11": {
            "month": "2016-11",
            "price": "32.68",
            "revenue": 588580
        },
        "2016-12": {
            "month": "2016-12",
            "price": "31.14",
            "revenue": 496386
        },
        "2017-01": {
            "month": "2017-01",
            "price": "30.49",
            "revenue": 433619
        },
        "2017-02": {
            "month": "2017-02",
            "price": "31.29",
            "revenue": 445245
        },
        "2017-03": {
            "month": "2017-03",
            "price": "31.69",
            "revenue": 584149
        },
        "2017-04": {
            "month": "2017-04",
            "price": "30.60",
            "revenue": 557935
        },
        "2017-05": {
            "month": "2017-05",
            "price": "29.21",
            "revenue": 545208
        },
        "2017-06": {
            "month": "2017-06",
            "price": "29.40",
            "revenue": 687508
        },
        "2017-07": {
            "month": "2017-07",
            "price": "30.81",
            "revenue": 618439
        },
        "2017-08": {
            "month": "2017-08",
            "price": "33.17",
            "revenue": 792969
        },
        "2017-09": {
            "month": "2017-09",
            "price": "31.83",
            "revenue": 603749
        },
        "2017-10": {
            "month": "2017-10",
            "price": "29.45",
            "revenue": 575145
        },
        "2017-11": {
            "month": "2017-11",
            "price": "28.24",
            "revenue": 590414
        },
        "2017-12": {
            "month": "2017-12",
            "price": "27.45",
            "revenue": 729207
        },
        "2018-01": {
            "month": "2018-01",
            "price": "27.23",
            "revenue": 646934
        },
        "2018-02": {
            "month": "2018-02",
            "price": "25.20",
            "revenue": 395488
        },
        "2018-03": {
            "month": "2018-03",
            "price": "25.26",
            "revenue": 656938
        },
        "2018-04": {
            "month": "2018-04",
            "price": "25.03",
            "revenue": 691073
        },
        "2018-05": {
            "month": "2018-05",
            "price": "31.90",
            "revenue": 847911
        },
        "2018-06": {
            "month": "2018-06",
            "price": "38.23",
            "revenue": 839772
        },
        "2018-07": {
            "month": "2018-07",
            "price": "43.89",
            "revenue": 823625
        },
        "2018-08": {
            "month": "2018-08",
            "price": "51.88",
            "revenue": 806072
        },
        "2018-09": {
            "month": "2018-09",
            "price": "46.63",
            "revenue": 837969
        },
        "2018-10": {
            "month": "2018-10",
            "price": "39.28",
            "revenue": 805430
        },
        "2018-11": {
            "month": "2018-11",
            "price": "37.60",
            "revenue": 744808
        },
        "2018-12": {
            "month": "2018-12",
            "price": "37.70",
            "revenue": 756357
        },
        "2019-01": {
            "month": "2019-01",
            "price": "37.40",
            "revenue": 800275
        },
        "2019-02": {
            "month": "2019-02",
            "price": "40.45",
            "revenue": 513960
        },
        "2019-03": {
            "month": "2019-03",
            "price": "43.49",
            "revenue": 845174
        },
        "2019-04": {
            "month": "2019-04",
            "price": "46.64",
            "revenue": 801296
        },
        "2019-05": {
            "month": "2019-05",
            "price": "39.68",
            "revenue": 772669
        },
        "2019-06": {
            "month": "2019-06",
            "price": "38.33",
            "revenue": 714861
        },
        "2019-07": {
            "month": "2019-07",
            "price": "39.62",
            "revenue": 740274
        },
        "2019-08": {
            "month": "2019-08",
            "price": "38.51",
            "revenue": 738764
        },
        "2019-09": {
            "month": "2019-09",
            "price": "38.28",
            "revenue": 872140
        },
        "2019-10": {
            "month": "2019-10",
            "price": "38.50",
            "revenue": 800590
        },
        "2019-11": {
            "month": "2019-11",
            "price": "38.09",
            "revenue": 737955
        },
        "2019-12": {
            "month": "2019-12",
            "price": "38.32",
            "revenue": 852615
        },
        "2020-01": {
            "month": "2020-01",
            "price": "36.94",
            "revenue": 688564
        },
        "2020-02": {
            "month": "2020-02",
            "price": "33.50",
            "revenue": 639157
        },
        "2020-03": {
            "month": "2020-03",
            "price": "26.01",
            "revenue": 769907
        },
        "2020-04": {
            "month": "2020-04",
            "price": "26.53",
            "revenue": 715255
        },
        "2020-05": {
            "month": "2020-05",
            "price": "27.36",
            "revenue": 691822
        },
        "2020-06": {
            "month": "2020-06",
            "price": "29.02",
            "revenue": 800734
        },
        "2020-07": {
            "month": "2020-07",
            "price": "33.79",
            "revenue": 890502
        },
        "2020-08": {
            "month": "2020-08",
            "price": "34.37",
            "revenue": 959502
        },
        "2020-09": {
            "month": "2020-09",
            "price": "35.47",
            "revenue": 1086717
        },
        "2020-10": {
            "month": "2020-10",
            "price": "36.46",
            "revenue": 1064024
        },
        "2020-11": {
            "month": "2020-11",
            "price": "37.93",
            "revenue": 1263306
        },
        "2020-12": {
            "month": "2020-12",
            "price": "80.15",
            "revenue": 1315347
        },
        "2021-01": {
            "month": "2021-01",
            "price": "142.52",
            "revenue": 1392390
        },
        "2021-02": {
            "month": "2021-02",
            "price": "182.19",
            "revenue": 1107626
        },
        "2021-03": {
            "month": "2021-03",
            "price": "246.89",
            "revenue": 1504211
        },
        "2021-04": {
            "month": "2021-04",
            "price": "351.37",
            "revenue": 1751503
        },
        "2021-05": {
            "month": "2021-05",
            "price": "276.29",
            "revenue": 2051590
        },
        "2021-06": {
            "month": "2021-06",
            "price": "308.29",
            "revenue": 2066705
        },
        "2021-07": {
            "month": "2021-07",
            "price": "297.66",
            "revenue": 2156566
        },
        "2021-08": {
            "month": "2021-08",
            "price": "261.57",
            "revenue": 2246633
        },
        "2021-09": {
            "month": "2021-09",
            "price": "211.82",
            "revenue": 2290904
        },
        "2021-10": {
            "month": "2021-10",
            "price": "192.12",
            "revenue": 2278519
        },
        "2021-11": {
            "month": "2021-11",
            "price": "234.41",
            "revenue": 2132368
        },
        "2021-12": {
            "month": "2021-12",
            "price": "273.02",
            "revenue": 1889223
        },
        "2022-01": {
            "month": "2022-01",
            "price": "232.86",
            "revenue": 2038502
        },
        "2022-02": {
            "month": "2022-02",
            "price": "216.83",
            "revenue": 1684375
        },
        "2022-03": {
            "month": "2022-03",
            "price": "211.98",
            "revenue": 2238790
        },
        "2022-04": {
            "month": "2022-04",
            "price": "189.34",
            "revenue": 2014567
        },
        "2022-05": {
            "month": "2022-05",
            "price": "180.14",
            "revenue": 1863118
        },
        "2022-06": {
            "month": "2022-06",
            "price": "164.36",
            "revenue": 1519506
        },
        "2022-07": {
            "month": "2022-07",
            "price": "135.81",
            "revenue": 1459047
        },
        "2022-08": {
            "month": "2022-08",
            "price": "121.17",
            "revenue": 1434516
        },
        "2022-09": {
            "month": "2022-09",
            "price": "108.54",
            "revenue": 1298089
        },
        "2022-10": {
            "month": "2022-10",
            "price": "102.54",
            "revenue": 1260540
        },
        "2022-11": {
            "month": "2022-11",
            "price": "119.64",
            "revenue": 1449257
        },
        "2022-12": {
            "month": "2022-12",
            "price": "119.25",
            "revenue": 1420118
        },
        "2023-01": {
            "month": "2023-01",
            "price": "136.15",
            "revenue": 1145792
        },
        "2023-02": {
            "month": "2023-02",
            "price": "153.94",
            "revenue": 1309538
        },
        "2023-03": {
            "month": "2023-03",
            "price": "171.17",
            "revenue": 1481489
        },
        "2023-04": {
            "month": "2023-04",
            "price": "169.18",
            "revenue": 1468640
        },
        "2023-05": {
            "month": "2023-05",
            "price": "154.50",
            "revenue": 1518396
        }
    }
}
