{
    "summary": {
        "stock_name": "商店街",
        "stock_id": "4965",
        "category": "資訊服務",
        "main_business": "電子商務",
        "website_url": "",
        "ceo": "蘇芸",
        "pe_ratio": -1,
        "report_year_from": 2010,
        "report_year_to": 2018,
        "age": 13,
        "eps_negative_percentage": 22,
        "eps_growth_avg": {
            "last_all": -15.55,
            "last_2y": -82.17,
            "last_4y": -54.16,
            "last_8y": null,
            "last_12y": null,
            "last_16y": null,
            "last_20y": null,
            "at_2006_last_3y": null,
            "at_2007_last_3y": null,
            "at_2008_last_3y": null,
            "at_2009_last_3y": null,
            "at_2010_last_3y": null,
            "at_2011_last_3y": null,
            "at_2012_last_3y": null,
            "at_2013_last_3y": null,
            "at_2014_last_3y": 24.56,
            "at_2015_last_3y": -11.12,
            "at_2016_last_3y": -32.55,
            "at_2017_last_3y": -54.16,
            "at_2018_last_3y": -69.02,
            "at_2019_last_3y": -69.02,
            "at_2020_last_3y": -69.02,
            "at_2021_last_3y": -69.02,
            "at_2022_last_3y": -69.02,
            "at_2023_last_3y": -69.02,
            "at_2006_last_all": null,
            "at_2007_last_all": null,
            "at_2008_last_all": null,
            "at_2009_last_all": null,
            "at_2010_last_all": null,
            "at_2011_last_all": null,
            "at_2012_last_all": 60.69,
            "at_2013_last_all": 35.93,
            "at_2014_last_all": 24.56,
            "at_2015_last_all": 11.11,
            "at_2016_last_all": -1.47,
            "at_2017_last_all": -15.55,
            "at_2018_last_all": -15.55,
            "at_2019_last_all": -15.55,
            "at_2020_last_all": -15.55,
            "at_2021_last_all": -15.55,
            "at_2022_last_all": -15.55,
            "at_2023_last_all": -15.55
        },
        "latest_eps": -57.59,
        "latest_price": 43.6,
        "latest_roe": -902.52,
        "latest_gross_margin": 8.96,
        "latest_equity": -456106,
        "latest_revenue": 327498,
        "latest_gross_profit": 29333,
        "latest_net_income": -940538,
        "latest_debt_ratio": 113.86,
        "latest_current_ratio": 86.93,
        "latest_account_receivable_turnover_ratio": 11.3,
        "latest_inventory_turnover_ratio": 392.32,
        "latest_reinvestment_rate": null,
        "latest_research_to_sale_ratio": 5.56
    },
    "eps_dividends": {
        "2001": {
            "cash": 0,
            "stock": 0,
            "eps": 0
        },
        "2002": {
            "cash": 0,
            "stock": 0,
            "eps": 0
        },
        "2003": {
            "cash": 0,
            "stock": 0,
            "eps": 0
        },
        "2004": {
            "cash": 0,
            "stock": 0,
            "eps": 0
        },
        "2005": {
            "cash": 0,
            "stock": 0,
            "eps": 0
        },
        "2006": {
            "cash": 0,
            "stock": 0,
            "eps": 0
        },
        "2007": {
            "cash": 0,
            "stock": 0,
            "eps": 0
        },
        "2008": {
            "cash": 0,
            "stock": 0,
            "eps": 0
        },
        "2009": {
            "cash": 0,
            "stock": 0,
            "eps": 0
        },
        "2010": {
            "cash": 0,
            "stock": 0,
            "eps": 1.27
        },
        "2011": {
            "cash": 1.76,
            "stock": 0,
            "eps": 4.49
        },
        "2012": {
            "cash": 4,
            "stock": 0,
            "eps": 5.45
        },
        "2013": {
            "cash": 2.45,
            "stock": 2.45,
            "eps": 4.71
        },
        "2014": {
            "cash": 2.56,
            "stock": 1.1,
            "eps": 4.26
        },
        "2015": {
            "cash": 2.44,
            "stock": 1.05,
            "eps": 2.44
        },
        "2016": {
            "cash": 2.14,
            "stock": 0,
            "eps": 0.87
        },
        "2017": {
            "cash": 0.64,
            "stock": 0,
            "eps": -35.83
        },
        "2018": {
            "cash": 0,
            "stock": 0,
            "eps": -26.94
        }
    },
    "dividends": {
        "2011-04-25": {
            "cash": 1.76,
            "stock": 0
        },
        "2012-07-31": {
            "cash": 4,
            "stock": 0
        },
        "2013-07-31": {
            "cash": 2.45,
            "stock": 2.45
        },
        "2014-12-19": {
            "cash": 2.56,
            "stock": 1.1
        },
        "2015-09-21": {
            "cash": 2.44,
            "stock": 1.05
        },
        "2016-08-03": {
            "cash": 2.14,
            "stock": 0
        },
        "2017-08-16": {
            "cash": 0.64,
            "stock": 0
        }
    },
    "prices": {
        "200101": "無",
        "200102": "無",
        "200103": "無",
        "200104": "無",
        "200105": "無",
        "200106": "無",
        "200107": "無",
        "200108": "無",
        "200109": "無",
        "200110": "無",
        "200111": "無",
        "200112": "無",
        "200201": "無",
        "200202": "無",
        "200203": "無",
        "200204": "無",
        "200205": "無",
        "200206": "無",
        "200207": "無",
        "200208": "無",
        "200209": "無",
        "200210": "無",
        "200211": "無",
        "200212": "無",
        "200301": "無",
        "200302": "無",
        "200303": "無",
        "200304": "無",
        "200305": "無",
        "200306": "無",
        "200307": "無",
        "200308": "無",
        "200309": "無",
        "200310": "無",
        "200311": "無",
        "200312": "無",
        "200401": "無",
        "200402": "無",
        "200403": "無",
        "200404": "無",
        "200405": "無",
        "200406": "無",
        "200407": "無",
        "200408": "無",
        "200409": "無",
        "200410": "無",
        "200411": "無",
        "200412": "無",
        "200501": "無",
        "200502": "無",
        "200503": "無",
        "200504": "無",
        "200505": "無",
        "200506": "無",
        "200507": "無",
        "200508": "無",
        "200509": "無",
        "200510": "無",
        "200511": "無",
        "200512": "無",
        "200601": "無",
        "200602": "無",
        "200603": "無",
        "200604": "無",
        "200605": "無",
        "200606": "無",
        "200607": "無",
        "200608": "無",
        "200609": "無",
        "200610": "無",
        "200611": "無",
        "200612": "無",
        "200701": "無",
        "200702": "無",
        "200703": "無",
        "200704": "無",
        "200705": "無",
        "200706": "無",
        "200707": "無",
        "200708": "無",
        "200709": "無",
        "200710": "無",
        "200711": "無",
        "200712": "無",
        "200801": "無",
        "200802": "無",
        "200803": "無",
        "200804": "無",
        "200805": "無",
        "200806": "無",
        "200807": "無",
        "200808": "無",
        "200809": "無",
        "200810": "無",
        "200811": "無",
        "200812": "無",
        "200901": "無",
        "200902": "無",
        "200903": "無",
        "200904": "無",
        "200905": "無",
        "200906": "無",
        "200907": "無",
        "200908": "無",
        "200909": "無",
        "200910": "無",
        "200911": "無",
        "200912": "無",
        "201001": "無",
        "201002": "無",
        "201003": "無",
        "201004": "無",
        "201005": "無",
        "201006": "無",
        "201007": "無",
        "201008": "無",
        "201009": "無",
        "201010": "189.61",
        "201011": "186.26",
        "201012": "241.73",
        "201101": "209.46",
        "201102": "200.33",
        "201103": "215.96",
        "201104": "218.25",
        "201105": "185.24",
        "201106": "164.12",
        "201107": "149.36",
        "201108": "142.48",
        "201109": "139.90",
        "201110": "117.72",
        "201111": "107.75",
        "201112": "105.19",
        "201201": "104.43",
        "201202": "123.05",
        "201203": "121.61",
        "201204": "113.70",
        "201205": "106.95",
        "201206": "98.77",
        "201207": "95.85",
        "201208": "94.19",
        "201209": "95.79",
        "201210": "91.25",
        "201211": "93.68",
        "201212": "103.02",
        "201301": "103.52",
        "201302": "100.83",
        "201303": "96.80",
        "201304": "103.41",
        "201305": "129.61",
        "201306": "128.50",
        "201307": "142.35",
        "201308": "195.38",
        "201309": "168.52",
        "201310": "154.77",
        "201311": "179.62",
        "201312": "245.66",
        "201401": "229.00",
        "201402": "238.26",
        "201403": "241.43",
        "201404": "216.05",
        "201405": "209.48",
        "201406": "232.58",
        "201407": "226.05",
        "201408": "206.67",
        "201409": "214.69",
        "201410": "196.07",
        "201411": "209.05",
        "201412": "211.46",
        "201501": "204.80",
        "201502": "203.92",
        "201503": "191.30",
        "201504": "183.52",
        "201505": "180.80",
        "201506": "172.67",
        "201507": "152.27",
        "201508": "115.31",
        "201509": "121.95",
        "201510": "138.00",
        "201511": "129.98",
        "201512": "118.26",
        "201601": "105.67",
        "201602": "111.23",
        "201603": "111.46",
        "201604": "109.05",
        "201605": "101.88",
        "201606": "94.30",
        "201607": "91.62",
        "201608": "87.54",
        "201609": "94.69",
        "201610": "99.37",
        "201611": "86.58",
        "201612": "82.05",
        "201701": "80.61",
        "201702": "73.26",
        "201703": "69.44",
        "201704": "63.36",
        "201705": "60.60",
        "201706": "57.39",
        "201707": "54.65",
        "201708": "65.30",
        "201709": "60.50",
        "201710": "59.84",
        "201711": "53.24",
        "201712": "49.16",
        "201801": "49.50",
        "201802": "49.23",
        "201803": "48.28",
        "201804": "39.81",
        "201805": "43.35",
        "201806": "43.48",
        "201807": "無",
        "201808": "無",
        "201809": "無",
        "201810": "無",
        "201811": "無",
        "201812": "無",
        "201901": "無",
        "201902": "無",
        "201903": "無",
        "201904": "無",
        "201905": "無",
        "201906": "無",
        "201907": "無",
        "201908": "無",
        "201909": "無",
        "201910": "無",
        "201911": "無",
        "201912": "無",
        "202001": "無",
        "202002": "無",
        "202003": "無",
        "202004": "無",
        "202005": "無",
        "202006": "無",
        "202007": "無",
        "202008": "無",
        "202009": "無",
        "202010": "無",
        "202011": "無",
        "202012": "無",
        "202101": "無",
        "202102": "無",
        "202103": "無",
        "202104": "無",
        "202105": "無",
        "202106": "無",
        "202107": "無",
        "202108": "無",
        "202109": "無",
        "202110": "無",
        "202111": "無",
        "202112": "無",
        "202201": "無",
        "202202": "無",
        "202203": "無",
        "202204": "無",
        "202205": "無",
        "202206": "無",
        "202207": "無",
        "202208": "無",
        "202209": "無",
        "202210": "無",
        "202211": "無",
        "202212": "無",
        "202301": "無",
        "202302": "無",
        "202303": "無",
        "202304": "無",
        "202305": "無",
        "202306": "無",
        "202307": "無",
        "202308": "無",
        "202309": "無",
        "202310": "無"
    },
    "quarters": {
        "20011": {
            "year_quarter": 20011,
            "year": 2001,
            "quarter": 1,
            "eps": null,
            "eps_growth_year": null,
            "eps_4q": null,
            "eps_4q_growth_year": null,
            "roe": null,
            "roe_4q": 0,
            "gross_profit": null,
            "gross_margin": null,
            "gross_margin_4q_avg": 0,
            "net_income": null,
            "net_income_4q": null,
            "revenue": null,
            "revenue_4q": null,
            "common_shares": null,
            "book_valuer_per_share": null,
            "book_valuer_per_share_4q_avg": 0,
            "equity": null,
            "current_ratio": null,
            "debt_ratio": null,
            "inventory_turnover_ratio": null,
            "account_receivable_turnover_ratio": null,
            "reinvestment_rate": null,
            "research_to_sale_ratio": null,
            "price_fair": 0,
            "eps_avg_yearly": 0,
            "eps_latest_yearly": 0,
            "eps_growth_yearly": 0
        },
        "20012": {
            "year_quarter": 20012,
            "year": 2001,
            "quarter": 2,
            "eps": null,
            "eps_growth_year": null,
            "eps_4q": null,
            "eps_4q_growth_year": null,
            "roe": null,
            "roe_4q": 0,
            "gross_profit": null,
            "gross_margin": null,
            "gross_margin_4q_avg": 0,
            "net_income": null,
            "net_income_4q": null,
            "revenue": null,
            "revenue_4q": null,
            "common_shares": null,
            "book_valuer_per_share": null,
            "book_valuer_per_share_4q_avg": 0,
            "equity": null,
            "current_ratio": null,
            "debt_ratio": null,
            "inventory_turnover_ratio": null,
            "account_receivable_turnover_ratio": null,
            "reinvestment_rate": null,
            "research_to_sale_ratio": null,
            "price_fair": 0,
            "eps_avg_yearly": 0,
            "eps_latest_yearly": 0,
            "eps_growth_yearly": 0
        },
        "20013": {
            "year_quarter": 20013,
            "year": 2001,
            "quarter": 3,
            "eps": null,
            "eps_growth_year": null,
            "eps_4q": null,
            "eps_4q_growth_year": null,
            "roe": null,
            "roe_4q": 0,
            "gross_profit": null,
            "gross_margin": null,
            "gross_margin_4q_avg": 0,
            "net_income": null,
            "net_income_4q": null,
            "revenue": null,
            "revenue_4q": null,
            "common_shares": null,
            "book_valuer_per_share": null,
            "book_valuer_per_share_4q_avg": 0,
            "equity": null,
            "current_ratio": null,
            "debt_ratio": null,
            "inventory_turnover_ratio": null,
            "account_receivable_turnover_ratio": null,
            "reinvestment_rate": null,
            "research_to_sale_ratio": null,
            "price_fair": 0,
            "eps_avg_yearly": 0,
            "eps_latest_yearly": 0,
            "eps_growth_yearly": 0
        },
        "20014": {
            "year_quarter": 20014,
            "year": 2001,
            "quarter": 4,
            "eps": null,
            "eps_growth_year": null,
            "eps_4q": null,
            "eps_4q_growth_year": null,
            "roe": null,
            "roe_4q": 0,
            "gross_profit": null,
            "gross_margin": null,
            "gross_margin_4q_avg": 0,
            "net_income": null,
            "net_income_4q": null,
            "revenue": null,
            "revenue_4q": null,
            "common_shares": null,
            "book_valuer_per_share": null,
            "book_valuer_per_share_4q_avg": 0,
            "equity": null,
            "current_ratio": null,
            "debt_ratio": null,
            "inventory_turnover_ratio": null,
            "account_receivable_turnover_ratio": null,
            "reinvestment_rate": null,
            "research_to_sale_ratio": null,
            "price_fair": 0,
            "eps_avg_yearly": 0,
            "eps_latest_yearly": 0,
            "eps_growth_yearly": 0
        },
        "20021": {
            "year_quarter": 20021,
            "year": 2002,
            "quarter": 1,
            "eps": null,
            "eps_growth_year": null,
            "eps_4q": null,
            "eps_4q_growth_year": null,
            "roe": null,
            "roe_4q": 0,
            "gross_profit": null,
            "gross_margin": null,
            "gross_margin_4q_avg": 0,
            "net_income": null,
            "net_income_4q": null,
            "revenue": null,
            "revenue_4q": null,
            "common_shares": null,
            "book_valuer_per_share": null,
            "book_valuer_per_share_4q_avg": 0,
            "equity": null,
            "current_ratio": null,
            "debt_ratio": null,
            "inventory_turnover_ratio": null,
            "account_receivable_turnover_ratio": null,
            "reinvestment_rate": null,
            "research_to_sale_ratio": null,
            "price_fair": 0,
            "eps_avg_yearly": 0,
            "eps_latest_yearly": 0,
            "eps_growth_yearly": 0
        },
        "20022": {
            "year_quarter": 20022,
            "year": 2002,
            "quarter": 2,
            "eps": null,
            "eps_growth_year": null,
            "eps_4q": null,
            "eps_4q_growth_year": null,
            "roe": null,
            "roe_4q": 0,
            "gross_profit": null,
            "gross_margin": null,
            "gross_margin_4q_avg": 0,
            "net_income": null,
            "net_income_4q": null,
            "revenue": null,
            "revenue_4q": null,
            "common_shares": null,
            "book_valuer_per_share": null,
            "book_valuer_per_share_4q_avg": 0,
            "equity": null,
            "current_ratio": null,
            "debt_ratio": null,
            "inventory_turnover_ratio": null,
            "account_receivable_turnover_ratio": null,
            "reinvestment_rate": null,
            "research_to_sale_ratio": null,
            "price_fair": 0,
            "eps_avg_yearly": 0,
            "eps_latest_yearly": 0,
            "eps_growth_yearly": 0
        },
        "20023": {
            "year_quarter": 20023,
            "year": 2002,
            "quarter": 3,
            "eps": null,
            "eps_growth_year": null,
            "eps_4q": null,
            "eps_4q_growth_year": null,
            "roe": null,
            "roe_4q": 0,
            "gross_profit": null,
            "gross_margin": null,
            "gross_margin_4q_avg": 0,
            "net_income": null,
            "net_income_4q": null,
            "revenue": null,
            "revenue_4q": null,
            "common_shares": null,
            "book_valuer_per_share": null,
            "book_valuer_per_share_4q_avg": 0,
            "equity": null,
            "current_ratio": null,
            "debt_ratio": null,
            "inventory_turnover_ratio": null,
            "account_receivable_turnover_ratio": null,
            "reinvestment_rate": null,
            "research_to_sale_ratio": null,
            "price_fair": 0,
            "eps_avg_yearly": 0,
            "eps_latest_yearly": 0,
            "eps_growth_yearly": 0
        },
        "20024": {
            "year_quarter": 20024,
            "year": 2002,
            "quarter": 4,
            "eps": null,
            "eps_growth_year": null,
            "eps_4q": null,
            "eps_4q_growth_year": null,
            "roe": null,
            "roe_4q": 0,
            "gross_profit": null,
            "gross_margin": null,
            "gross_margin_4q_avg": 0,
            "net_income": null,
            "net_income_4q": null,
            "revenue": null,
            "revenue_4q": null,
            "common_shares": null,
            "book_valuer_per_share": null,
            "book_valuer_per_share_4q_avg": 0,
            "equity": null,
            "current_ratio": null,
            "debt_ratio": null,
            "inventory_turnover_ratio": null,
            "account_receivable_turnover_ratio": null,
            "reinvestment_rate": null,
            "research_to_sale_ratio": null,
            "price_fair": 0,
            "eps_avg_yearly": 0,
            "eps_latest_yearly": 0,
            "eps_growth_yearly": 0
        },
        "20031": {
            "year_quarter": 20031,
            "year": 2003,
            "quarter": 1,
            "eps": null,
            "eps_growth_year": null,
            "eps_4q": null,
            "eps_4q_growth_year": null,
            "roe": null,
            "roe_4q": 0,
            "gross_profit": null,
            "gross_margin": null,
            "gross_margin_4q_avg": 0,
            "net_income": null,
            "net_income_4q": null,
            "revenue": null,
            "revenue_4q": null,
            "common_shares": null,
            "book_valuer_per_share": null,
            "book_valuer_per_share_4q_avg": 0,
            "equity": null,
            "current_ratio": null,
            "debt_ratio": null,
            "inventory_turnover_ratio": null,
            "account_receivable_turnover_ratio": null,
            "reinvestment_rate": null,
            "research_to_sale_ratio": null,
            "price_fair": 0,
            "eps_avg_yearly": 0,
            "eps_latest_yearly": 0,
            "eps_growth_yearly": 0
        },
        "20032": {
            "year_quarter": 20032,
            "year": 2003,
            "quarter": 2,
            "eps": null,
            "eps_growth_year": null,
            "eps_4q": null,
            "eps_4q_growth_year": null,
            "roe": null,
            "roe_4q": 0,
            "gross_profit": null,
            "gross_margin": null,
            "gross_margin_4q_avg": 0,
            "net_income": null,
            "net_income_4q": null,
            "revenue": null,
            "revenue_4q": null,
            "common_shares": null,
            "book_valuer_per_share": null,
            "book_valuer_per_share_4q_avg": 0,
            "equity": null,
            "current_ratio": null,
            "debt_ratio": null,
            "inventory_turnover_ratio": null,
            "account_receivable_turnover_ratio": null,
            "reinvestment_rate": null,
            "research_to_sale_ratio": null,
            "price_fair": 0,
            "eps_avg_yearly": 0,
            "eps_latest_yearly": 0,
            "eps_growth_yearly": 0
        },
        "20033": {
            "year_quarter": 20033,
            "year": 2003,
            "quarter": 3,
            "eps": null,
            "eps_growth_year": null,
            "eps_4q": null,
            "eps_4q_growth_year": null,
            "roe": null,
            "roe_4q": 0,
            "gross_profit": null,
            "gross_margin": null,
            "gross_margin_4q_avg": 0,
            "net_income": null,
            "net_income_4q": null,
            "revenue": null,
            "revenue_4q": null,
            "common_shares": null,
            "book_valuer_per_share": null,
            "book_valuer_per_share_4q_avg": 0,
            "equity": null,
            "current_ratio": null,
            "debt_ratio": null,
            "inventory_turnover_ratio": null,
            "account_receivable_turnover_ratio": null,
            "reinvestment_rate": null,
            "research_to_sale_ratio": null,
            "price_fair": 0,
            "eps_avg_yearly": 0,
            "eps_latest_yearly": 0,
            "eps_growth_yearly": 0
        },
        "20034": {
            "year_quarter": 20034,
            "year": 2003,
            "quarter": 4,
            "eps": null,
            "eps_growth_year": null,
            "eps_4q": null,
            "eps_4q_growth_year": null,
            "roe": null,
            "roe_4q": 0,
            "gross_profit": null,
            "gross_margin": null,
            "gross_margin_4q_avg": 0,
            "net_income": null,
            "net_income_4q": null,
            "revenue": null,
            "revenue_4q": null,
            "common_shares": null,
            "book_valuer_per_share": null,
            "book_valuer_per_share_4q_avg": 0,
            "equity": null,
            "current_ratio": null,
            "debt_ratio": null,
            "inventory_turnover_ratio": null,
            "account_receivable_turnover_ratio": null,
            "reinvestment_rate": null,
            "research_to_sale_ratio": null,
            "price_fair": 0,
            "eps_avg_yearly": 0,
            "eps_latest_yearly": 0,
            "eps_growth_yearly": 0
        },
        "20041": {
            "year_quarter": 20041,
            "year": 2004,
            "quarter": 1,
            "eps": null,
            "eps_growth_year": null,
            "eps_4q": null,
            "eps_4q_growth_year": null,
            "roe": null,
            "roe_4q": 0,
            "gross_profit": null,
            "gross_margin": null,
            "gross_margin_4q_avg": 0,
            "net_income": null,
            "net_income_4q": null,
            "revenue": null,
            "revenue_4q": null,
            "common_shares": null,
            "book_valuer_per_share": null,
            "book_valuer_per_share_4q_avg": 0,
            "equity": null,
            "current_ratio": null,
            "debt_ratio": null,
            "inventory_turnover_ratio": null,
            "account_receivable_turnover_ratio": null,
            "reinvestment_rate": null,
            "research_to_sale_ratio": null,
            "price_fair": 0,
            "eps_avg_yearly": 0,
            "eps_latest_yearly": 0,
            "eps_growth_yearly": 0
        },
        "20042": {
            "year_quarter": 20042,
            "year": 2004,
            "quarter": 2,
            "eps": null,
            "eps_growth_year": null,
            "eps_4q": null,
            "eps_4q_growth_year": null,
            "roe": null,
            "roe_4q": 0,
            "gross_profit": null,
            "gross_margin": null,
            "gross_margin_4q_avg": 0,
            "net_income": null,
            "net_income_4q": null,
            "revenue": null,
            "revenue_4q": null,
            "common_shares": null,
            "book_valuer_per_share": null,
            "book_valuer_per_share_4q_avg": 0,
            "equity": null,
            "current_ratio": null,
            "debt_ratio": null,
            "inventory_turnover_ratio": null,
            "account_receivable_turnover_ratio": null,
            "reinvestment_rate": null,
            "research_to_sale_ratio": null,
            "price_fair": 0,
            "eps_avg_yearly": 0,
            "eps_latest_yearly": 0,
            "eps_growth_yearly": 0
        },
        "20043": {
            "year_quarter": 20043,
            "year": 2004,
            "quarter": 3,
            "eps": null,
            "eps_growth_year": null,
            "eps_4q": null,
            "eps_4q_growth_year": null,
            "roe": null,
            "roe_4q": 0,
            "gross_profit": null,
            "gross_margin": null,
            "gross_margin_4q_avg": 0,
            "net_income": null,
            "net_income_4q": null,
            "revenue": null,
            "revenue_4q": null,
            "common_shares": null,
            "book_valuer_per_share": null,
            "book_valuer_per_share_4q_avg": 0,
            "equity": null,
            "current_ratio": null,
            "debt_ratio": null,
            "inventory_turnover_ratio": null,
            "account_receivable_turnover_ratio": null,
            "reinvestment_rate": null,
            "research_to_sale_ratio": null,
            "price_fair": 0,
            "eps_avg_yearly": 0,
            "eps_latest_yearly": 0,
            "eps_growth_yearly": 0
        },
        "20044": {
            "year_quarter": 20044,
            "year": 2004,
            "quarter": 4,
            "eps": null,
            "eps_growth_year": null,
            "eps_4q": null,
            "eps_4q_growth_year": null,
            "roe": null,
            "roe_4q": 0,
            "gross_profit": null,
            "gross_margin": null,
            "gross_margin_4q_avg": 0,
            "net_income": null,
            "net_income_4q": null,
            "revenue": null,
            "revenue_4q": null,
            "common_shares": null,
            "book_valuer_per_share": null,
            "book_valuer_per_share_4q_avg": 0,
            "equity": null,
            "current_ratio": null,
            "debt_ratio": null,
            "inventory_turnover_ratio": null,
            "account_receivable_turnover_ratio": null,
            "reinvestment_rate": null,
            "research_to_sale_ratio": null,
            "price_fair": 0,
            "eps_avg_yearly": 0,
            "eps_latest_yearly": 0,
            "eps_growth_yearly": 0
        },
        "20051": {
            "year_quarter": 20051,
            "year": 2005,
            "quarter": 1,
            "eps": null,
            "eps_growth_year": null,
            "eps_4q": null,
            "eps_4q_growth_year": null,
            "roe": null,
            "roe_4q": 0,
            "gross_profit": null,
            "gross_margin": null,
            "gross_margin_4q_avg": 0,
            "net_income": null,
            "net_income_4q": null,
            "revenue": null,
            "revenue_4q": null,
            "common_shares": null,
            "book_valuer_per_share": null,
            "book_valuer_per_share_4q_avg": 0,
            "equity": null,
            "current_ratio": null,
            "debt_ratio": null,
            "inventory_turnover_ratio": null,
            "account_receivable_turnover_ratio": null,
            "reinvestment_rate": null,
            "research_to_sale_ratio": null,
            "price_fair": 0,
            "eps_avg_yearly": 0,
            "eps_latest_yearly": 0,
            "eps_growth_yearly": 0
        },
        "20052": {
            "year_quarter": 20052,
            "year": 2005,
            "quarter": 2,
            "eps": null,
            "eps_growth_year": null,
            "eps_4q": null,
            "eps_4q_growth_year": null,
            "roe": null,
            "roe_4q": 0,
            "gross_profit": null,
            "gross_margin": null,
            "gross_margin_4q_avg": 0,
            "net_income": null,
            "net_income_4q": null,
            "revenue": null,
            "revenue_4q": null,
            "common_shares": null,
            "book_valuer_per_share": null,
            "book_valuer_per_share_4q_avg": 0,
            "equity": null,
            "current_ratio": null,
            "debt_ratio": null,
            "inventory_turnover_ratio": null,
            "account_receivable_turnover_ratio": null,
            "reinvestment_rate": null,
            "research_to_sale_ratio": null,
            "price_fair": 0,
            "eps_avg_yearly": 0,
            "eps_latest_yearly": 0,
            "eps_growth_yearly": 0
        },
        "20053": {
            "year_quarter": 20053,
            "year": 2005,
            "quarter": 3,
            "eps": null,
            "eps_growth_year": null,
            "eps_4q": null,
            "eps_4q_growth_year": null,
            "roe": null,
            "roe_4q": 0,
            "gross_profit": null,
            "gross_margin": null,
            "gross_margin_4q_avg": 0,
            "net_income": null,
            "net_income_4q": null,
            "revenue": null,
            "revenue_4q": null,
            "common_shares": null,
            "book_valuer_per_share": null,
            "book_valuer_per_share_4q_avg": 0,
            "equity": null,
            "current_ratio": null,
            "debt_ratio": null,
            "inventory_turnover_ratio": null,
            "account_receivable_turnover_ratio": null,
            "reinvestment_rate": null,
            "research_to_sale_ratio": null,
            "price_fair": 0,
            "eps_avg_yearly": 0,
            "eps_latest_yearly": 0,
            "eps_growth_yearly": 0
        },
        "20054": {
            "year_quarter": 20054,
            "year": 2005,
            "quarter": 4,
            "eps": null,
            "eps_growth_year": null,
            "eps_4q": null,
            "eps_4q_growth_year": null,
            "roe": null,
            "roe_4q": 0,
            "gross_profit": null,
            "gross_margin": null,
            "gross_margin_4q_avg": 0,
            "net_income": null,
            "net_income_4q": null,
            "revenue": null,
            "revenue_4q": null,
            "common_shares": null,
            "book_valuer_per_share": null,
            "book_valuer_per_share_4q_avg": 0,
            "equity": null,
            "current_ratio": null,
            "debt_ratio": null,
            "inventory_turnover_ratio": null,
            "account_receivable_turnover_ratio": null,
            "reinvestment_rate": null,
            "research_to_sale_ratio": null,
            "price_fair": 0,
            "eps_avg_yearly": 0,
            "eps_latest_yearly": 0,
            "eps_growth_yearly": 0
        },
        "20061": {
            "year_quarter": 20061,
            "year": 2006,
            "quarter": 1,
            "eps": null,
            "eps_growth_year": null,
            "eps_4q": null,
            "eps_4q_growth_year": null,
            "roe": null,
            "roe_4q": 0,
            "gross_profit": null,
            "gross_margin": null,
            "gross_margin_4q_avg": 0,
            "net_income": null,
            "net_income_4q": null,
            "revenue": null,
            "revenue_4q": null,
            "common_shares": null,
            "book_valuer_per_share": null,
            "book_valuer_per_share_4q_avg": 0,
            "equity": null,
            "current_ratio": null,
            "debt_ratio": null,
            "inventory_turnover_ratio": null,
            "account_receivable_turnover_ratio": null,
            "reinvestment_rate": null,
            "research_to_sale_ratio": null,
            "price_fair": 0,
            "eps_avg_yearly": 0,
            "eps_latest_yearly": 0,
            "eps_growth_yearly": 0
        },
        "20062": {
            "year_quarter": 20062,
            "year": 2006,
            "quarter": 2,
            "eps": null,
            "eps_growth_year": null,
            "eps_4q": null,
            "eps_4q_growth_year": null,
            "roe": null,
            "roe_4q": 0,
            "gross_profit": null,
            "gross_margin": null,
            "gross_margin_4q_avg": 0,
            "net_income": null,
            "net_income_4q": null,
            "revenue": null,
            "revenue_4q": null,
            "common_shares": null,
            "book_valuer_per_share": null,
            "book_valuer_per_share_4q_avg": 0,
            "equity": null,
            "current_ratio": null,
            "debt_ratio": null,
            "inventory_turnover_ratio": null,
            "account_receivable_turnover_ratio": null,
            "reinvestment_rate": null,
            "research_to_sale_ratio": null,
            "price_fair": 0,
            "eps_avg_yearly": 0,
            "eps_latest_yearly": 0,
            "eps_growth_yearly": 0
        },
        "20063": {
            "year_quarter": 20063,
            "year": 2006,
            "quarter": 3,
            "eps": null,
            "eps_growth_year": null,
            "eps_4q": null,
            "eps_4q_growth_year": null,
            "roe": null,
            "roe_4q": 0,
            "gross_profit": null,
            "gross_margin": null,
            "gross_margin_4q_avg": 0,
            "net_income": null,
            "net_income_4q": null,
            "revenue": null,
            "revenue_4q": null,
            "common_shares": null,
            "book_valuer_per_share": null,
            "book_valuer_per_share_4q_avg": 0,
            "equity": null,
            "current_ratio": null,
            "debt_ratio": null,
            "inventory_turnover_ratio": null,
            "account_receivable_turnover_ratio": null,
            "reinvestment_rate": null,
            "research_to_sale_ratio": null,
            "price_fair": 0,
            "eps_avg_yearly": 0,
            "eps_latest_yearly": 0,
            "eps_growth_yearly": 0
        },
        "20064": {
            "year_quarter": 20064,
            "year": 2006,
            "quarter": 4,
            "eps": null,
            "eps_growth_year": null,
            "eps_4q": null,
            "eps_4q_growth_year": null,
            "roe": null,
            "roe_4q": 0,
            "gross_profit": null,
            "gross_margin": null,
            "gross_margin_4q_avg": 0,
            "net_income": null,
            "net_income_4q": null,
            "revenue": null,
            "revenue_4q": null,
            "common_shares": null,
            "book_valuer_per_share": null,
            "book_valuer_per_share_4q_avg": 0,
            "equity": null,
            "current_ratio": null,
            "debt_ratio": null,
            "inventory_turnover_ratio": null,
            "account_receivable_turnover_ratio": null,
            "reinvestment_rate": null,
            "research_to_sale_ratio": null,
            "price_fair": 0,
            "eps_avg_yearly": 0,
            "eps_latest_yearly": 0,
            "eps_growth_yearly": 0
        },
        "20071": {
            "year_quarter": 20071,
            "year": 2007,
            "quarter": 1,
            "eps": null,
            "eps_growth_year": null,
            "eps_4q": null,
            "eps_4q_growth_year": null,
            "roe": null,
            "roe_4q": 0,
            "gross_profit": null,
            "gross_margin": null,
            "gross_margin_4q_avg": 0,
            "net_income": null,
            "net_income_4q": null,
            "revenue": null,
            "revenue_4q": null,
            "common_shares": null,
            "book_valuer_per_share": null,
            "book_valuer_per_share_4q_avg": 0,
            "equity": null,
            "current_ratio": null,
            "debt_ratio": null,
            "inventory_turnover_ratio": null,
            "account_receivable_turnover_ratio": null,
            "reinvestment_rate": null,
            "research_to_sale_ratio": null,
            "price_fair": 0,
            "eps_avg_yearly": 0,
            "eps_latest_yearly": 0,
            "eps_growth_yearly": 0
        },
        "20072": {
            "year_quarter": 20072,
            "year": 2007,
            "quarter": 2,
            "eps": null,
            "eps_growth_year": null,
            "eps_4q": null,
            "eps_4q_growth_year": null,
            "roe": null,
            "roe_4q": 0,
            "gross_profit": null,
            "gross_margin": null,
            "gross_margin_4q_avg": 0,
            "net_income": null,
            "net_income_4q": null,
            "revenue": null,
            "revenue_4q": null,
            "common_shares": null,
            "book_valuer_per_share": null,
            "book_valuer_per_share_4q_avg": 0,
            "equity": null,
            "current_ratio": null,
            "debt_ratio": null,
            "inventory_turnover_ratio": null,
            "account_receivable_turnover_ratio": null,
            "reinvestment_rate": null,
            "research_to_sale_ratio": null,
            "price_fair": 0,
            "eps_avg_yearly": 0,
            "eps_latest_yearly": 0,
            "eps_growth_yearly": 0
        },
        "20073": {
            "year_quarter": 20073,
            "year": 2007,
            "quarter": 3,
            "eps": null,
            "eps_growth_year": null,
            "eps_4q": null,
            "eps_4q_growth_year": null,
            "roe": null,
            "roe_4q": 0,
            "gross_profit": null,
            "gross_margin": null,
            "gross_margin_4q_avg": 0,
            "net_income": null,
            "net_income_4q": null,
            "revenue": null,
            "revenue_4q": null,
            "common_shares": null,
            "book_valuer_per_share": null,
            "book_valuer_per_share_4q_avg": 0,
            "equity": null,
            "current_ratio": null,
            "debt_ratio": null,
            "inventory_turnover_ratio": null,
            "account_receivable_turnover_ratio": null,
            "reinvestment_rate": null,
            "research_to_sale_ratio": null,
            "price_fair": 0,
            "eps_avg_yearly": 0,
            "eps_latest_yearly": 0,
            "eps_growth_yearly": 0
        },
        "20074": {
            "year_quarter": 20074,
            "year": 2007,
            "quarter": 4,
            "eps": null,
            "eps_growth_year": null,
            "eps_4q": null,
            "eps_4q_growth_year": null,
            "roe": null,
            "roe_4q": 0,
            "gross_profit": null,
            "gross_margin": null,
            "gross_margin_4q_avg": 0,
            "net_income": null,
            "net_income_4q": null,
            "revenue": null,
            "revenue_4q": null,
            "common_shares": null,
            "book_valuer_per_share": null,
            "book_valuer_per_share_4q_avg": 0,
            "equity": null,
            "current_ratio": null,
            "debt_ratio": null,
            "inventory_turnover_ratio": null,
            "account_receivable_turnover_ratio": null,
            "reinvestment_rate": null,
            "research_to_sale_ratio": null,
            "price_fair": 0,
            "eps_avg_yearly": 0,
            "eps_latest_yearly": 0,
            "eps_growth_yearly": 0
        },
        "20081": {
            "year_quarter": 20081,
            "year": 2008,
            "quarter": 1,
            "eps": null,
            "eps_growth_year": null,
            "eps_4q": null,
            "eps_4q_growth_year": null,
            "roe": null,
            "roe_4q": 0,
            "gross_profit": null,
            "gross_margin": null,
            "gross_margin_4q_avg": 0,
            "net_income": null,
            "net_income_4q": null,
            "revenue": null,
            "revenue_4q": null,
            "common_shares": null,
            "book_valuer_per_share": null,
            "book_valuer_per_share_4q_avg": 0,
            "equity": null,
            "current_ratio": null,
            "debt_ratio": null,
            "inventory_turnover_ratio": null,
            "account_receivable_turnover_ratio": null,
            "reinvestment_rate": null,
            "research_to_sale_ratio": null,
            "price_fair": 0,
            "eps_avg_yearly": 0,
            "eps_latest_yearly": 0,
            "eps_growth_yearly": 0
        },
        "20082": {
            "year_quarter": 20082,
            "year": 2008,
            "quarter": 2,
            "eps": null,
            "eps_growth_year": null,
            "eps_4q": null,
            "eps_4q_growth_year": null,
            "roe": null,
            "roe_4q": 0,
            "gross_profit": null,
            "gross_margin": null,
            "gross_margin_4q_avg": 0,
            "net_income": null,
            "net_income_4q": null,
            "revenue": null,
            "revenue_4q": null,
            "common_shares": null,
            "book_valuer_per_share": null,
            "book_valuer_per_share_4q_avg": 0,
            "equity": null,
            "current_ratio": null,
            "debt_ratio": null,
            "inventory_turnover_ratio": null,
            "account_receivable_turnover_ratio": null,
            "reinvestment_rate": null,
            "research_to_sale_ratio": null,
            "price_fair": 0,
            "eps_avg_yearly": 0,
            "eps_latest_yearly": 0,
            "eps_growth_yearly": 0
        },
        "20083": {
            "year_quarter": 20083,
            "year": 2008,
            "quarter": 3,
            "eps": null,
            "eps_growth_year": null,
            "eps_4q": null,
            "eps_4q_growth_year": null,
            "roe": null,
            "roe_4q": 0,
            "gross_profit": null,
            "gross_margin": null,
            "gross_margin_4q_avg": 0,
            "net_income": null,
            "net_income_4q": null,
            "revenue": null,
            "revenue_4q": null,
            "common_shares": null,
            "book_valuer_per_share": null,
            "book_valuer_per_share_4q_avg": 0,
            "equity": null,
            "current_ratio": null,
            "debt_ratio": null,
            "inventory_turnover_ratio": null,
            "account_receivable_turnover_ratio": null,
            "reinvestment_rate": null,
            "research_to_sale_ratio": null,
            "price_fair": 0,
            "eps_avg_yearly": 0,
            "eps_latest_yearly": 0,
            "eps_growth_yearly": 0
        },
        "20084": {
            "year_quarter": 20084,
            "year": 2008,
            "quarter": 4,
            "eps": null,
            "eps_growth_year": null,
            "eps_4q": null,
            "eps_4q_growth_year": null,
            "roe": null,
            "roe_4q": 0,
            "gross_profit": null,
            "gross_margin": null,
            "gross_margin_4q_avg": 0,
            "net_income": null,
            "net_income_4q": null,
            "revenue": null,
            "revenue_4q": null,
            "common_shares": 117400,
            "book_valuer_per_share": 8.98,
            "book_valuer_per_share_4q_avg": 2.25,
            "equity": 105411,
            "current_ratio": 218.76,
            "debt_ratio": 46.94,
            "inventory_turnover_ratio": null,
            "account_receivable_turnover_ratio": null,
            "reinvestment_rate": null,
            "research_to_sale_ratio": null,
            "price_fair": 0,
            "eps_avg_yearly": 0,
            "eps_latest_yearly": 0,
            "eps_growth_yearly": 0
        },
        "20091": {
            "year_quarter": 20091,
            "year": 2009,
            "quarter": 1,
            "eps": null,
            "eps_growth_year": null,
            "eps_4q": null,
            "eps_4q_growth_year": null,
            "roe": null,
            "roe_4q": 0,
            "gross_profit": null,
            "gross_margin": null,
            "gross_margin_4q_avg": 0,
            "net_income": null,
            "net_income_4q": null,
            "revenue": null,
            "revenue_4q": null,
            "common_shares": null,
            "book_valuer_per_share": null,
            "book_valuer_per_share_4q_avg": 2.25,
            "equity": null,
            "current_ratio": null,
            "debt_ratio": null,
            "inventory_turnover_ratio": null,
            "account_receivable_turnover_ratio": null,
            "reinvestment_rate": null,
            "research_to_sale_ratio": null,
            "price_fair": 0,
            "eps_avg_yearly": 0,
            "eps_latest_yearly": 0,
            "eps_growth_yearly": 0
        },
        "20092": {
            "year_quarter": 20092,
            "year": 2009,
            "quarter": 2,
            "eps": null,
            "eps_growth_year": null,
            "eps_4q": null,
            "eps_4q_growth_year": null,
            "roe": null,
            "roe_4q": 0,
            "gross_profit": null,
            "gross_margin": null,
            "gross_margin_4q_avg": 0,
            "net_income": null,
            "net_income_4q": null,
            "revenue": null,
            "revenue_4q": null,
            "common_shares": null,
            "book_valuer_per_share": null,
            "book_valuer_per_share_4q_avg": 2.25,
            "equity": null,
            "current_ratio": null,
            "debt_ratio": null,
            "inventory_turnover_ratio": null,
            "account_receivable_turnover_ratio": null,
            "reinvestment_rate": null,
            "research_to_sale_ratio": null,
            "price_fair": 0,
            "eps_avg_yearly": 0,
            "eps_latest_yearly": 0,
            "eps_growth_yearly": 0
        },
        "20093": {
            "year_quarter": 20093,
            "year": 2009,
            "quarter": 3,
            "eps": null,
            "eps_growth_year": null,
            "eps_4q": null,
            "eps_4q_growth_year": null,
            "roe": null,
            "roe_4q": 0,
            "gross_profit": null,
            "gross_margin": null,
            "gross_margin_4q_avg": 0,
            "net_income": null,
            "net_income_4q": null,
            "revenue": null,
            "revenue_4q": null,
            "common_shares": 0,
            "book_valuer_per_share": null,
            "book_valuer_per_share_4q_avg": 2.25,
            "equity": 0,
            "current_ratio": null,
            "debt_ratio": null,
            "inventory_turnover_ratio": null,
            "account_receivable_turnover_ratio": null,
            "reinvestment_rate": null,
            "research_to_sale_ratio": null,
            "price_fair": 0,
            "eps_avg_yearly": 0,
            "eps_latest_yearly": 0,
            "eps_growth_yearly": 0
        },
        "20094": {
            "year_quarter": 20094,
            "year": 2009,
            "quarter": 4,
            "eps": null,
            "eps_growth_year": null,
            "eps_4q": null,
            "eps_4q_growth_year": null,
            "roe": null,
            "roe_4q": 0,
            "gross_profit": 124111,
            "gross_margin": null,
            "gross_margin_4q_avg": 0,
            "net_income": 19706,
            "net_income_4q": null,
            "revenue": 173011,
            "revenue_4q": null,
            "common_shares": 117400,
            "book_valuer_per_share": 10.66,
            "book_valuer_per_share_4q_avg": 2.67,
            "equity": 125117,
            "current_ratio": 205.15,
            "debt_ratio": 51.19,
            "inventory_turnover_ratio": null,
            "account_receivable_turnover_ratio": null,
            "reinvestment_rate": null,
            "research_to_sale_ratio": null,
            "price_fair": 0,
            "eps_avg_yearly": 0,
            "eps_latest_yearly": 0,
            "eps_growth_yearly": 0
        },
        "20101": {
            "year_quarter": 20101,
            "year": 2010,
            "quarter": 1,
            "eps": null,
            "eps_growth_year": null,
            "eps_4q": null,
            "eps_4q_growth_year": null,
            "roe": null,
            "roe_4q": 0,
            "gross_profit": 0,
            "gross_margin": null,
            "gross_margin_4q_avg": 0,
            "net_income": 0,
            "net_income_4q": null,
            "revenue": 0,
            "revenue_4q": null,
            "common_shares": 0,
            "book_valuer_per_share": null,
            "book_valuer_per_share_4q_avg": 2.67,
            "equity": 0,
            "current_ratio": null,
            "debt_ratio": null,
            "inventory_turnover_ratio": null,
            "account_receivable_turnover_ratio": null,
            "reinvestment_rate": null,
            "research_to_sale_ratio": null,
            "price_fair": 0,
            "eps_avg_yearly": 0,
            "eps_latest_yearly": 0,
            "eps_growth_yearly": 0
        },
        "20102": {
            "year_quarter": 20102,
            "year": 2010,
            "quarter": 2,
            "eps": null,
            "eps_growth_year": null,
            "eps_4q": null,
            "eps_4q_growth_year": null,
            "roe": null,
            "roe_4q": 0,
            "gross_profit": 29188,
            "gross_margin": null,
            "gross_margin_4q_avg": 0,
            "net_income": 4539,
            "net_income_4q": null,
            "revenue": 32757,
            "revenue_4q": null,
            "common_shares": 0,
            "book_valuer_per_share": null,
            "book_valuer_per_share_4q_avg": 2.67,
            "equity": 0,
            "current_ratio": null,
            "debt_ratio": null,
            "inventory_turnover_ratio": null,
            "account_receivable_turnover_ratio": null,
            "reinvestment_rate": null,
            "research_to_sale_ratio": null,
            "price_fair": 0,
            "eps_avg_yearly": 0,
            "eps_latest_yearly": 0,
            "eps_growth_yearly": 0
        },
        "20103": {
            "year_quarter": 20103,
            "year": 2010,
            "quarter": 3,
            "eps": null,
            "eps_growth_year": null,
            "eps_4q": null,
            "eps_4q_growth_year": null,
            "roe": null,
            "roe_4q": 0,
            "gross_profit": 25052,
            "gross_margin": null,
            "gross_margin_4q_avg": 0,
            "net_income": 6683,
            "net_income_4q": null,
            "revenue": 74036,
            "revenue_4q": null,
            "common_shares": 129400,
            "book_valuer_per_share": 11.33,
            "book_valuer_per_share_4q_avg": 5.5,
            "equity": 146622,
            "current_ratio": 198.14,
            "debt_ratio": 51.99,
            "inventory_turnover_ratio": null,
            "account_receivable_turnover_ratio": null,
            "reinvestment_rate": null,
            "research_to_sale_ratio": null,
            "price_fair": 0,
            "eps_avg_yearly": 0,
            "eps_latest_yearly": 0,
            "eps_growth_yearly": 0
        },
        "20104": {
            "year_quarter": 20104,
            "year": 2010,
            "quarter": 4,
            "eps": 1.27,
            "eps_growth_year": null,
            "eps_4q": 1.27,
            "eps_4q_growth_year": null,
            "roe": 10.58,
            "roe_4q": 10.58,
            "gross_profit": 53094,
            "gross_margin": 37.26,
            "gross_margin_4q_avg": 9.32,
            "net_income": 16375,
            "net_income_4q": null,
            "revenue": 142499,
            "revenue_4q": null,
            "common_shares": 129400,
            "book_valuer_per_share": 12.6,
            "book_valuer_per_share_4q_avg": 5.98,
            "equity": 162997,
            "current_ratio": 178.09,
            "debt_ratio": 54.97,
            "inventory_turnover_ratio": null,
            "account_receivable_turnover_ratio": 14.78,
            "reinvestment_rate": null,
            "research_to_sale_ratio": 3.9,
            "price_fair": 0,
            "eps_avg_yearly": 0,
            "eps_latest_yearly": 0,
            "eps_growth_yearly": 0
        },
        "20111": {
            "year_quarter": 20111,
            "year": 2011,
            "quarter": 1,
            "eps": 0.95,
            "eps_growth_year": null,
            "eps_4q": 2.03,
            "eps_4q_growth_year": null,
            "roe": 4.75,
            "roe_4q": 15.33,
            "gross_profit": 46893,
            "gross_margin": 34.87,
            "gross_margin_4q_avg": 18.03,
            "net_income": 12284,
            "net_income_4q": null,
            "revenue": 134469,
            "revenue_4q": null,
            "common_shares": 141500,
            "book_valuer_per_share": 0,
            "book_valuer_per_share_4q_avg": 5.98,
            "equity": 353941,
            "current_ratio": 259.98,
            "debt_ratio": 37.81,
            "inventory_turnover_ratio": null,
            "account_receivable_turnover_ratio": 16.45,
            "reinvestment_rate": null,
            "research_to_sale_ratio": 3.59,
            "price_fair": 11.4,
            "eps_avg_yearly": 3.8,
            "eps_latest_yearly": 3.8,
            "eps_growth_yearly": -100.79
        },
        "20112": {
            "year_quarter": 20112,
            "year": 2011,
            "quarter": 2,
            "eps": 1.18,
            "eps_growth_year": null,
            "eps_4q": 3.21,
            "eps_4q_growth_year": null,
            "roe": 4.74,
            "roe_4q": 20.07,
            "gross_profit": 55508,
            "gross_margin": 38.03,
            "gross_margin_4q_avg": 27.54,
            "net_income": 16716,
            "net_income_4q": null,
            "revenue": 145943,
            "revenue_4q": null,
            "common_shares": 141500,
            "book_valuer_per_share": 24.54,
            "book_valuer_per_share_4q_avg": 12.12,
            "equity": 350820,
            "current_ratio": 256.73,
            "debt_ratio": 38.06,
            "inventory_turnover_ratio": null,
            "account_receivable_turnover_ratio": 16.36,
            "reinvestment_rate": null,
            "research_to_sale_ratio": 3.22,
            "price_fair": 12.78,
            "eps_avg_yearly": 4.26,
            "eps_latest_yearly": 4.72,
            "eps_growth_yearly": -1.97
        },
        "20113": {
            "year_quarter": 20113,
            "year": 2011,
            "quarter": 3,
            "eps": 1.16,
            "eps_growth_year": null,
            "eps_4q": 4.37,
            "eps_4q_growth_year": null,
            "roe": 3.63,
            "roe_4q": 23.700000000000003,
            "gross_profit": 56609,
            "gross_margin": 39.64,
            "gross_margin_4q_avg": 37.45,
            "net_income": 13441,
            "net_income_4q": null,
            "revenue": 142805,
            "revenue_4q": null,
            "common_shares": 141500,
            "book_valuer_per_share": 25.64,
            "book_valuer_per_share_4q_avg": 15.7,
            "equity": 389260,
            "current_ratio": 277.53,
            "debt_ratio": 35.06,
            "inventory_turnover_ratio": null,
            "account_receivable_turnover_ratio": 16.53,
            "reinvestment_rate": null,
            "research_to_sale_ratio": 3.05,
            "price_fair": 13.16,
            "eps_avg_yearly": 4.39,
            "eps_latest_yearly": 4.64,
            "eps_growth_yearly": -3.57
        },
        "20114": {
            "year_quarter": 20114,
            "year": 2011,
            "quarter": 4,
            "eps": 1.2,
            "eps_growth_year": -5.27,
            "eps_4q": 4.41,
            "eps_4q_growth_year": 248.47,
            "roe": 3.41,
            "roe_4q": 16.53,
            "gross_profit": 55896,
            "gross_margin": 34.72,
            "gross_margin_4q_avg": 36.82,
            "net_income": 14016,
            "net_income_4q": null,
            "revenue": 161003,
            "revenue_4q": null,
            "common_shares": 141500,
            "book_valuer_per_share": 27.5,
            "book_valuer_per_share_4q_avg": 19.42,
            "equity": 433277,
            "current_ratio": 258.24,
            "debt_ratio": 37.87,
            "inventory_turnover_ratio": null,
            "account_receivable_turnover_ratio": 17.34,
            "reinvestment_rate": null,
            "research_to_sale_ratio": 2.59,
            "price_fair": 44.9,
            "eps_avg_yearly": 4.49,
            "eps_latest_yearly": 4.8,
            "eps_growth_yearly": 0.77
        },
        "20121": {
            "year_quarter": 20121,
            "year": 2012,
            "quarter": 1,
            "eps": 1.08,
            "eps_growth_year": 13.68,
            "eps_4q": 4.62,
            "eps_4q_growth_year": 128.29,
            "roe": 2.66,
            "roe_4q": 14.44,
            "gross_profit": 56235,
            "gross_margin": 33.58,
            "gross_margin_4q_avg": 36.49,
            "net_income": 11755,
            "net_income_4q": null,
            "revenue": 167473,
            "revenue_4q": null,
            "common_shares": 141500,
            "book_valuer_per_share": 28.7,
            "book_valuer_per_share_4q_avg": 26.6,
            "equity": 451032,
            "current_ratio": 263.3,
            "debt_ratio": 37.16,
            "inventory_turnover_ratio": null,
            "account_receivable_turnover_ratio": 16.41,
            "reinvestment_rate": null,
            "research_to_sale_ratio": 3.19,
            "price_fair": 13.37,
            "eps_avg_yearly": 4.46,
            "eps_latest_yearly": 4.32,
            "eps_growth_yearly": -7.39
        },
        "20122": {
            "year_quarter": 20122,
            "year": 2012,
            "quarter": 2,
            "eps": 1.17,
            "eps_growth_year": -0.65,
            "eps_4q": 4.62,
            "eps_4q_growth_year": 43.95,
            "roe": 3.26,
            "roe_4q": 12.96,
            "gross_profit": 57593,
            "gross_margin": 34.08,
            "gross_margin_4q_avg": 35.51,
            "net_income": 14016,
            "net_income_4q": null,
            "revenue": 169005,
            "revenue_4q": null,
            "common_shares": 141500,
            "book_valuer_per_share": 25.87,
            "book_valuer_per_share_4q_avg": 26.93,
            "equity": 408392,
            "current_ratio": 232.84,
            "debt_ratio": 41.99,
            "inventory_turnover_ratio": null,
            "account_receivable_turnover_ratio": 17.78,
            "reinvestment_rate": null,
            "research_to_sale_ratio": 3.33,
            "price_fair": 13.48,
            "eps_avg_yearly": 4.49,
            "eps_latest_yearly": 4.68,
            "eps_growth_yearly": -0.6
        },
        "20123": {
            "year_quarter": 20123,
            "year": 2012,
            "quarter": 3,
            "eps": 1.48,
            "eps_growth_year": 27.1,
            "eps_4q": 4.93,
            "eps_4q_growth_year": 12.88,
            "roe": 4.26,
            "roe_4q": 13.59,
            "gross_profit": 63630,
            "gross_margin": 35.99,
            "gross_margin_4q_avg": 34.59,
            "net_income": 17791,
            "net_income_4q": null,
            "revenue": 176784,
            "revenue_4q": null,
            "common_shares": 141500,
            "book_valuer_per_share": 27.35,
            "book_valuer_per_share_4q_avg": 27.36,
            "equity": 426183,
            "current_ratio": 262.51,
            "debt_ratio": 37.28,
            "inventory_turnover_ratio": null,
            "account_receivable_turnover_ratio": 17.49,
            "reinvestment_rate": null,
            "research_to_sale_ratio": 3.31,
            "price_fair": 115.67,
            "eps_avg_yearly": 4.7,
            "eps_latest_yearly": 5.92,
            "eps_growth_yearly": 14.63
        },
        "20124": {
            "year_quarter": 20124,
            "year": 2012,
            "quarter": 4,
            "eps": 1.72,
            "eps_growth_year": 43.49,
            "eps_4q": 5.45,
            "eps_4q_growth_year": 23.64,
            "roe": 4.98,
            "roe_4q": 15.16,
            "gross_profit": 65720,
            "gross_margin": 35.86,
            "gross_margin_4q_avg": 34.88,
            "net_income": 21785,
            "net_income_4q": null,
            "revenue": 183247,
            "revenue_4q": null,
            "common_shares": 141500,
            "book_valuer_per_share": 29.07,
            "book_valuer_per_share_4q_avg": 27.75,
            "equity": 447968,
            "current_ratio": 262.28,
            "debt_ratio": 37.42,
            "inventory_turnover_ratio": null,
            "account_receivable_turnover_ratio": 13.74,
            "reinvestment_rate": null,
            "research_to_sale_ratio": 3.02,
            "price_fair": 153.6,
            "eps_avg_yearly": 4.97,
            "eps_latest_yearly": 6.88,
            "eps_growth_yearly": 20.91
        },
        "20131": {
            "year_quarter": 20131,
            "year": 2013,
            "quarter": 1,
            "eps": 1.11,
            "eps_growth_year": 2.78,
            "eps_4q": 5.48,
            "eps_4q_growth_year": 18.44,
            "roe": 2.86,
            "roe_4q": 15.36,
            "gross_profit": 55681,
            "gross_margin": 36.25,
            "gross_margin_4q_avg": 35.55,
            "net_income": 12916,
            "net_income_4q": null,
            "revenue": 153594,
            "revenue_4q": null,
            "common_shares": 141500,
            "book_valuer_per_share": 29.82,
            "book_valuer_per_share_4q_avg": 28.03,
            "equity": 455873,
            "current_ratio": 279.44,
            "debt_ratio": 35.9,
            "inventory_turnover_ratio": null,
            "account_receivable_turnover_ratio": 11.67,
            "reinvestment_rate": null,
            "research_to_sale_ratio": 3.99,
            "price_fair": 62.97,
            "eps_avg_yearly": 4.91,
            "eps_latest_yearly": 4.44,
            "eps_growth_yearly": 2.82
        },
        "20132": {
            "year_quarter": 20132,
            "year": 2013,
            "quarter": 2,
            "eps": 1.15,
            "eps_growth_year": -2.02,
            "eps_4q": 4.6,
            "eps_4q_growth_year": -0.3,
            "roe": 3.96,
            "roe_4q": 16.060000000000002,
            "gross_profit": 60668,
            "gross_margin": 38.4,
            "gross_margin_4q_avg": 36.63,
            "net_income": 17711,
            "net_income_4q": null,
            "revenue": 158000,
            "revenue_4q": null,
            "common_shares": 141500,
            "book_valuer_per_share": 28.79,
            "book_valuer_per_share_4q_avg": 28.76,
            "equity": 438868,
            "current_ratio": 255.18,
            "debt_ratio": 39.27,
            "inventory_turnover_ratio": null,
            "account_receivable_turnover_ratio": 13.41,
            "reinvestment_rate": null,
            "research_to_sale_ratio": 3.78,
            "price_fair": 68.22,
            "eps_avg_yearly": 4.88,
            "eps_latest_yearly": 4.6,
            "eps_growth_yearly": 3.98
        },
        "20133": {
            "year_quarter": 20133,
            "year": 2013,
            "quarter": 3,
            "eps": 1.15,
            "eps_growth_year": -22.1,
            "eps_4q": 4.56,
            "eps_4q_growth_year": -7.43,
            "roe": 4.07,
            "roe_4q": 15.870000000000001,
            "gross_profit": 63636,
            "gross_margin": 34.7,
            "gross_margin_4q_avg": 36.3,
            "net_income": 18232,
            "net_income_4q": null,
            "revenue": 183398,
            "revenue_4q": null,
            "common_shares": 176216,
            "book_valuer_per_share": 24.27,
            "book_valuer_per_share_4q_avg": 27.99,
            "equity": 457100,
            "current_ratio": 293.57,
            "debt_ratio": 34.27,
            "inventory_turnover_ratio": null,
            "account_receivable_turnover_ratio": 13.71,
            "reinvestment_rate": 2.74,
            "research_to_sale_ratio": 3.45,
            "price_fair": 66.11,
            "eps_avg_yearly": 4.85,
            "eps_latest_yearly": 4.6,
            "eps_growth_yearly": 3.62
        },
        "20134": {
            "year_quarter": 20134,
            "year": 2013,
            "quarter": 4,
            "eps": 1.3,
            "eps_growth_year": -24.43,
            "eps_4q": 4.48,
            "eps_4q_growth_year": -17.77,
            "roe": 3.74,
            "roe_4q": 14.629999999999999,
            "gross_profit": 70729,
            "gross_margin": 30.95,
            "gross_margin_4q_avg": 35.08,
            "net_income": 21087,
            "net_income_4q": null,
            "revenue": 228501,
            "revenue_4q": null,
            "common_shares": 176216,
            "book_valuer_per_share": 24.9,
            "book_valuer_per_share_4q_avg": 26.95,
            "equity": 669427,
            "current_ratio": 265.73,
            "debt_ratio": 37.54,
            "inventory_turnover_ratio": null,
            "account_receivable_turnover_ratio": 15.77,
            "reinvestment_rate": 3.06,
            "research_to_sale_ratio": 3.12,
            "price_fair": 86.26,
            "eps_avg_yearly": 4.88,
            "eps_latest_yearly": 5.2,
            "eps_growth_yearly": 7.66
        },
        "20141": {
            "year_quarter": 20141,
            "year": 2014,
            "quarter": 1,
            "eps": 1.01,
            "eps_growth_year": -9.01,
            "eps_4q": 4.6,
            "eps_4q_growth_year": -15.92,
            "roe": 1.83,
            "roe_4q": 13.600000000000001,
            "gross_profit": 64898,
            "gross_margin": 28.21,
            "gross_margin_4q_avg": 33.07,
            "net_income": 13025,
            "net_income_4q": null,
            "revenue": 230060,
            "revenue_4q": null,
            "common_shares": 176216,
            "book_valuer_per_share": 26.03,
            "book_valuer_per_share_4q_avg": 26,
            "equity": 752452,
            "current_ratio": 280.17,
            "debt_ratio": 35.66,
            "inventory_turnover_ratio": null,
            "account_receivable_turnover_ratio": 14.02,
            "reinvestment_rate": 3.34,
            "research_to_sale_ratio": 3.74,
            "price_fair": 48.18,
            "eps_avg_yearly": 4.82,
            "eps_latest_yearly": 4.04,
            "eps_growth_yearly": 0.21
        },
        "20142": {
            "year_quarter": 20142,
            "year": 2014,
            "quarter": 2,
            "eps": 1.12,
            "eps_growth_year": -2.61,
            "eps_4q": 4.12,
            "eps_4q_growth_year": -10.45,
            "roe": 2.12,
            "roe_4q": 11.760000000000002,
            "gross_profit": 68090,
            "gross_margin": 28.39,
            "gross_margin_4q_avg": 30.56,
            "net_income": 15650,
            "net_income_4q": null,
            "revenue": 239815,
            "revenue_4q": null,
            "common_shares": 176216,
            "book_valuer_per_share": 24.58,
            "book_valuer_per_share_4q_avg": 24.95,
            "equity": 722964,
            "current_ratio": 254.78,
            "debt_ratio": 39.21,
            "inventory_turnover_ratio": null,
            "account_receivable_turnover_ratio": 13.53,
            "reinvestment_rate": 2.93,
            "research_to_sale_ratio": 3.76,
            "price_fair": 63.8,
            "eps_avg_yearly": 4.79,
            "eps_latest_yearly": 4.48,
            "eps_growth_yearly": 3.31
        },
        "20143": {
            "year_quarter": 20143,
            "year": 2014,
            "quarter": 3,
            "eps": 1.08,
            "eps_growth_year": -6.09,
            "eps_4q": 4.06,
            "eps_4q_growth_year": -11.03,
            "roe": 1.97,
            "roe_4q": 9.66,
            "gross_profit": 67443,
            "gross_margin": 28,
            "gross_margin_4q_avg": 28.89,
            "net_income": 14388,
            "net_income_4q": null,
            "revenue": 240904,
            "revenue_4q": null,
            "common_shares": 176216,
            "book_valuer_per_share": 25.67,
            "book_valuer_per_share_4q_avg": 25.3,
            "equity": 737352,
            "current_ratio": 246.04,
            "debt_ratio": 40.61,
            "inventory_turnover_ratio": null,
            "account_receivable_turnover_ratio": 14.55,
            "reinvestment_rate": 1.17,
            "research_to_sale_ratio": 3.89,
            "price_fair": 57.79,
            "eps_avg_yearly": 4.76,
            "eps_latest_yearly": 4.32,
            "eps_growth_yearly": 2.13
        },
        "20144": {
            "year_quarter": 20144,
            "year": 2014,
            "quarter": 4,
            "eps": 1.05,
            "eps_growth_year": -19.1,
            "eps_4q": 3.94,
            "eps_4q_growth_year": -12.08,
            "roe": 2.05,
            "roe_4q": 7.97,
            "gross_profit": 66784,
            "gross_margin": 23.55,
            "gross_margin_4q_avg": 27.04,
            "net_income": 15262,
            "net_income_4q": null,
            "revenue": 283558,
            "revenue_4q": null,
            "common_shares": 195561,
            "book_valuer_per_share": 24.11,
            "book_valuer_per_share_4q_avg": 25.1,
            "equity": 751314,
            "current_ratio": 243.36,
            "debt_ratio": 41.19,
            "inventory_turnover_ratio": null,
            "account_receivable_turnover_ratio": 16.66,
            "reinvestment_rate": 0.89,
            "research_to_sale_ratio": 3.18,
            "price_fair": 53.45,
            "eps_avg_yearly": 4.73,
            "eps_latest_yearly": 4.2,
            "eps_growth_yearly": 1.31
        },
        "20151": {
            "year_quarter": 20151,
            "year": 2015,
            "quarter": 1,
            "eps": 0.8,
            "eps_growth_year": -20.79,
            "eps_4q": 3.83,
            "eps_4q_growth_year": -16.77,
            "roe": 1.45,
            "roe_4q": 7.59,
            "gross_profit": 60332,
            "gross_margin": 20.81,
            "gross_margin_4q_avg": 25.19,
            "net_income": 10971,
            "net_income_4q": null,
            "revenue": 289978,
            "revenue_4q": null,
            "common_shares": 195561,
            "book_valuer_per_share": 24.91,
            "book_valuer_per_share_4q_avg": 24.82,
            "equity": 762285,
            "current_ratio": 161.33,
            "debt_ratio": 61.97,
            "inventory_turnover_ratio": null,
            "account_receivable_turnover_ratio": 15.81,
            "reinvestment_rate": 0.24,
            "research_to_sale_ratio": 3.39,
            "price_fair": 54.66,
            "eps_avg_yearly": 4.69,
            "eps_latest_yearly": 3.2,
            "eps_growth_yearly": 1.65
        },
        "20152": {
            "year_quarter": 20152,
            "year": 2015,
            "quarter": 2,
            "eps": 0.6,
            "eps_growth_year": -46.43,
            "eps_4q": 3.1,
            "eps_4q_growth_year": -24.8,
            "roe": 1.06,
            "roe_4q": 6.529999999999999,
            "gross_profit": 60400,
            "gross_margin": 18.53,
            "gross_margin_4q_avg": 22.72,
            "net_income": 7835,
            "net_income_4q": null,
            "revenue": 325931,
            "revenue_4q": null,
            "common_shares": 195561,
            "book_valuer_per_share": 23.07,
            "book_valuer_per_share_4q_avg": 24.44,
            "equity": 722377,
            "current_ratio": 158.75,
            "debt_ratio": 62.95,
            "inventory_turnover_ratio": null,
            "account_receivable_turnover_ratio": 17.5,
            "reinvestment_rate": -1.26,
            "research_to_sale_ratio": 2.93,
            "price_fair": 13.64,
            "eps_avg_yearly": 4.55,
            "eps_latest_yearly": 2.4,
            "eps_growth_yearly": -10.65
        },
        "20153": {
            "year_quarter": 20153,
            "year": 2015,
            "quarter": 3,
            "eps": 0.47,
            "eps_growth_year": -56.48,
            "eps_4q": 2.68,
            "eps_4q_growth_year": -33.93,
            "roe": 0.63,
            "roe_4q": 5.1899999999999995,
            "gross_profit": 61058,
            "gross_margin": 17.18,
            "gross_margin_4q_avg": 20.02,
            "net_income": 5393,
            "net_income_4q": null,
            "revenue": 355374,
            "revenue_4q": null,
            "common_shares": 216022,
            "book_valuer_per_share": 21.41,
            "book_valuer_per_share_4q_avg": 23.38,
            "equity": 999770,
            "current_ratio": 179.04,
            "debt_ratio": 55.88,
            "inventory_turnover_ratio": null,
            "account_receivable_turnover_ratio": 15.15,
            "reinvestment_rate": -10.8,
            "research_to_sale_ratio": 2.74,
            "price_fair": 13.12,
            "eps_avg_yearly": 4.37,
            "eps_latest_yearly": 1.88,
            "eps_growth_yearly": -15.64
        },
        "20154": {
            "year_quarter": 20154,
            "year": 2015,
            "quarter": 4,
            "eps": 0.57,
            "eps_growth_year": -45.7,
            "eps_4q": 2.3,
            "eps_4q_growth_year": -41.59,
            "roe": 0.63,
            "roe_4q": 3.7700000000000005,
            "gross_profit": 67322,
            "gross_margin": 16.03,
            "gross_margin_4q_avg": 18.14,
            "net_income": 6303,
            "net_income_4q": null,
            "revenue": 420041,
            "revenue_4q": null,
            "common_shares": 216022,
            "book_valuer_per_share": 22.05,
            "book_valuer_per_share_4q_avg": 22.86,
            "equity": 1007536,
            "current_ratio": 183.17,
            "debt_ratio": 54.47,
            "inventory_turnover_ratio": null,
            "account_receivable_turnover_ratio": 15.99,
            "reinvestment_rate": -12.93,
            "research_to_sale_ratio": 2.35,
            "price_fair": 12.65,
            "eps_avg_yearly": 4.22,
            "eps_latest_yearly": 2.28,
            "eps_growth_yearly": -11.18
        },
        "20161": {
            "year_quarter": 20161,
            "year": 2016,
            "quarter": 1,
            "eps": 0.32,
            "eps_growth_year": -60,
            "eps_4q": 1.89,
            "eps_4q_growth_year": -50.58,
            "roe": 0.08,
            "roe_4q": 2.4,
            "gross_profit": 60330,
            "gross_margin": 13.99,
            "gross_margin_4q_avg": 16.43,
            "net_income": 853,
            "net_income_4q": null,
            "revenue": 431094,
            "revenue_4q": null,
            "common_shares": 216022,
            "book_valuer_per_share": 22.36,
            "book_valuer_per_share_4q_avg": 22.22,
            "equity": 1008389,
            "current_ratio": 178.56,
            "debt_ratio": 55.77,
            "inventory_turnover_ratio": null,
            "account_receivable_turnover_ratio": 17.65,
            "reinvestment_rate": -11.84,
            "research_to_sale_ratio": 2.37,
            "price_fair": 12.08,
            "eps_avg_yearly": 4.03,
            "eps_latest_yearly": 1.28,
            "eps_growth_yearly": -19.65
        },
        "20162": {
            "year_quarter": 20162,
            "year": 2016,
            "quarter": 2,
            "eps": 0.31,
            "eps_growth_year": -48.33,
            "eps_4q": 1.66,
            "eps_4q_growth_year": -46.28,
            "roe": 0.02,
            "roe_4q": 1.3599999999999999,
            "gross_profit": 59012,
            "gross_margin": 14.59,
            "gross_margin_4q_avg": 15.45,
            "net_income": 182,
            "net_income_4q": null,
            "revenue": 404437,
            "revenue_4q": null,
            "common_shares": 216022,
            "book_valuer_per_share": 20.53,
            "book_valuer_per_share_4q_avg": 21.59,
            "equity": 934295,
            "current_ratio": 178.19,
            "debt_ratio": 55.84,
            "inventory_turnover_ratio": null,
            "account_receivable_turnover_ratio": 15.49,
            "reinvestment_rate": -11.79,
            "research_to_sale_ratio": 2.62,
            "price_fair": 11.43,
            "eps_avg_yearly": 3.81,
            "eps_latest_yearly": 1.24,
            "eps_growth_yearly": -22.51
        },
        "20163": {
            "year_quarter": 20163,
            "year": 2016,
            "quarter": 3,
            "eps": 0.12,
            "eps_growth_year": -74.47,
            "eps_4q": 1.32,
            "eps_4q_growth_year": -50.85,
            "roe": -0.57,
            "roe_4q": 0.1600000000000001,
            "gross_profit": 56468,
            "gross_margin": 14.23,
            "gross_margin_4q_avg": 14.71,
            "net_income": -5336,
            "net_income_4q": null,
            "revenue": 396702,
            "revenue_4q": null,
            "common_shares": 216022,
            "book_valuer_per_share": 20.65,
            "book_valuer_per_share_4q_avg": 21.4,
            "equity": 928959,
            "current_ratio": 176.94,
            "debt_ratio": 56.2,
            "inventory_turnover_ratio": null,
            "account_receivable_turnover_ratio": 13.94,
            "reinvestment_rate": -10.96,
            "research_to_sale_ratio": 3.1,
            "price_fair": 10.41,
            "eps_avg_yearly": 3.47,
            "eps_latest_yearly": 0.48,
            "eps_growth_yearly": -44.46
        },
        "20164": {
            "year_quarter": 20164,
            "year": 2016,
            "quarter": 4,
            "eps": 0.12,
            "eps_growth_year": -78.39,
            "eps_4q": 0.87,
            "eps_4q_growth_year": -62.17,
            "roe": -0.68,
            "roe_4q": -1.15,
            "gross_profit": 55253,
            "gross_margin": 14.18,
            "gross_margin_4q_avg": 14.25,
            "net_income": -6288,
            "net_income_4q": null,
            "revenue": 389712,
            "revenue_4q": null,
            "common_shares": 216022,
            "book_valuer_per_share": 20.78,
            "book_valuer_per_share_4q_avg": 21.08,
            "equity": 922792,
            "current_ratio": 178.8,
            "debt_ratio": 55.56,
            "inventory_turnover_ratio": null,
            "account_receivable_turnover_ratio": 14.49,
            "reinvestment_rate": -10.21,
            "research_to_sale_ratio": 3.39,
            "price_fair": 9.21,
            "eps_avg_yearly": 3.07,
            "eps_latest_yearly": 0.48,
            "eps_growth_yearly": -48.51
        },
        "20171": {
            "year_quarter": 20171,
            "year": 2017,
            "quarter": 1,
            "eps": -0.3,
            "eps_growth_year": -193.75,
            "eps_4q": 0.26,
            "eps_4q_growth_year": -86.35,
            "roe": -1.79,
            "roe_4q": -3.02,
            "gross_profit": 47715,
            "gross_margin": 13.1,
            "gross_margin_4q_avg": 14.03,
            "net_income": -16366,
            "net_income_4q": null,
            "revenue": 364224,
            "revenue_4q": null,
            "common_shares": 216022,
            "book_valuer_per_share": 20.49,
            "book_valuer_per_share_4q_avg": 20.61,
            "equity": 906426,
            "current_ratio": 176.05,
            "debt_ratio": 56.43,
            "inventory_turnover_ratio": null,
            "account_receivable_turnover_ratio": 17.28,
            "reinvestment_rate": 1.62,
            "research_to_sale_ratio": 4.02,
            "price_fair": 8.94,
            "eps_avg_yearly": 2.98,
            "eps_latest_yearly": 0.48,
            "eps_growth_yearly": -42.29
        },
        "20172": {
            "year_quarter": 20172,
            "year": 2017,
            "quarter": 2,
            "eps": -2.71,
            "eps_growth_year": -974.19,
            "eps_4q": -2.31,
            "eps_4q_growth_year": -239.04,
            "roe": -7.15,
            "roe_4q": -10.190000000000001,
            "gross_profit": 47334,
            "gross_margin": 15.66,
            "gross_margin_4q_avg": 14.29,
            "net_income": -71862,
            "net_income_4q": null,
            "revenue": 302178,
            "revenue_4q": null,
            "common_shares": 266022,
            "book_valuer_per_share": 24.47,
            "book_valuer_per_share_4q_avg": 21.6,
            "equity": 1103293,
            "current_ratio": 186.56,
            "debt_ratio": 53,
            "inventory_turnover_ratio": null,
            "account_receivable_turnover_ratio": 18.48,
            "reinvestment_rate": 4.57,
            "research_to_sale_ratio": 4.88,
            "price_fair": 8.59,
            "eps_avg_yearly": 2.86,
            "eps_latest_yearly": 0.48,
            "eps_growth_yearly": -46.34
        },
        "20173": {
            "year_quarter": 20173,
            "year": 2017,
            "quarter": 3,
            "eps": -12.64,
            "eps_growth_year": -10633.33,
            "eps_4q": -13.7,
            "eps_4q_growth_year": -1139.12,
            "roe": -33.07,
            "roe_4q": -42.69,
            "gross_profit": 33555,
            "gross_margin": 11.66,
            "gross_margin_4q_avg": 13.65,
            "net_income": -313097,
            "net_income_4q": null,
            "revenue": 287893,
            "revenue_4q": null,
            "common_shares": 266022,
            "book_valuer_per_share": 13.18,
            "book_valuer_per_share_4q_avg": 19.73,
            "equity": 790196,
            "current_ratio": 149.53,
            "debt_ratio": 66.34,
            "inventory_turnover_ratio": null,
            "account_receivable_turnover_ratio": 16.94,
            "reinvestment_rate": null,
            "research_to_sale_ratio": 5.38,
            "price_fair": 8.19,
            "eps_avg_yearly": 2.73,
            "eps_latest_yearly": 0.48,
            "eps_growth_yearly": -49.91
        },
        "20174": {
            "year_quarter": 20174,
            "year": 2017,
            "quarter": 4,
            "eps": -20.18,
            "eps_growth_year": -16453.76,
            "eps_4q": -30.84,
            "eps_4q_growth_year": -3641.11,
            "roe": -110.87,
            "roe_4q": -152.88,
            "gross_profit": 35168,
            "gross_margin": 11.14,
            "gross_margin_4q_avg": 12.89,
            "net_income": -706616,
            "net_income_4q": null,
            "revenue": 315659,
            "revenue_4q": null,
            "common_shares": 344452,
            "book_valuer_per_share": 1.63,
            "book_valuer_per_share_4q_avg": 14.94,
            "equity": 484432,
            "current_ratio": 117.99,
            "debt_ratio": 84.11,
            "inventory_turnover_ratio": 2025.21,
            "account_receivable_turnover_ratio": 12.42,
            "reinvestment_rate": null,
            "research_to_sale_ratio": 5.29,
            "price_fair": 7.57,
            "eps_avg_yearly": 2.52,
            "eps_latest_yearly": 0.48,
            "eps_growth_yearly": -58.41
        },
        "20181": {
            "year_quarter": 20181,
            "year": 2018,
            "quarter": 1,
            "eps": -26.94,
            "eps_growth_year": null,
            "eps_4q": -57.59,
            "eps_4q_growth_year": -22379.95,
            "roe": -6640.81,
            "roe_4q": -6791.9,
            "gross_profit": 29333,
            "gross_margin": 8.96,
            "gross_margin_4q_avg": 11.86,
            "net_income": -940538,
            "net_income_4q": null,
            "revenue": 327498,
            "revenue_4q": null,
            "common_shares": 344452,
            "book_valuer_per_share": -25.3,
            "book_valuer_per_share_4q_avg": 3.5,
            "equity": -456106,
            "current_ratio": 86.93,
            "debt_ratio": 113.86,
            "inventory_turnover_ratio": 392.32,
            "account_receivable_turnover_ratio": 11.3,
            "reinvestment_rate": null,
            "research_to_sale_ratio": 5.56,
            "price_fair": 7.16,
            "eps_avg_yearly": 2.39,
            "eps_latest_yearly": 0.48,
            "eps_growth_yearly": -55.61
        }
    },
    "months": {
        "2010-10": {
            "month": "2010-10",
            "price": "189.61",
            "revenue": 47807
        },
        "2010-11": {
            "month": "2010-11",
            "price": "186.26",
            "revenue": 47395
        },
        "2010-12": {
            "month": "2010-12",
            "price": "241.73",
            "revenue": 47297
        },
        "2011-01": {
            "month": "2011-01",
            "price": "209.46",
            "revenue": 48648
        },
        "2011-02": {
            "month": "2011-02",
            "price": "200.33",
            "revenue": 33976
        },
        "2011-03": {
            "month": "2011-03",
            "price": "215.96",
            "revenue": 51846
        },
        "2011-04": {
            "month": "2011-04",
            "price": "218.25",
            "revenue": 48269
        },
        "2011-05": {
            "month": "2011-05",
            "price": "185.24",
            "revenue": 52272
        },
        "2011-06": {
            "month": "2011-06",
            "price": "164.12",
            "revenue": 45401
        },
        "2011-07": {
            "month": "2011-07",
            "price": "149.36",
            "revenue": 45391
        },
        "2011-08": {
            "month": "2011-08",
            "price": "142.48",
            "revenue": 47694
        },
        "2011-09": {
            "month": "2011-09",
            "price": "139.90",
            "revenue": 48492
        },
        "2011-10": {
            "month": "2011-10",
            "price": "117.72",
            "revenue": 46385
        },
        "2011-11": {
            "month": "2011-11",
            "price": "107.75",
            "revenue": 52616
        },
        "2011-12": {
            "month": "2011-12",
            "price": "105.19",
            "revenue": 56583
        },
        "2012-01": {
            "month": "2012-01",
            "price": "104.43",
            "revenue": 51399
        },
        "2012-02": {
            "month": "2012-02",
            "price": "123.05",
            "revenue": 51812
        },
        "2012-03": {
            "month": "2012-03",
            "price": "121.61",
            "revenue": 58742
        },
        "2012-04": {
            "month": "2012-04",
            "price": "113.70",
            "revenue": 58133
        },
        "2012-05": {
            "month": "2012-05",
            "price": "106.95",
            "revenue": 55687
        },
        "2012-06": {
            "month": "2012-06",
            "price": "98.77",
            "revenue": 49092
        },
        "2012-07": {
            "month": "2012-07",
            "price": "95.85",
            "revenue": 58197
        },
        "2012-08": {
            "month": "2012-08",
            "price": "94.19",
            "revenue": 58788
        },
        "2012-09": {
            "month": "2012-09",
            "price": "95.79",
            "revenue": 53395
        },
        "2012-10": {
            "month": "2012-10",
            "price": "91.25",
            "revenue": 60797
        },
        "2012-11": {
            "month": "2012-11",
            "price": "93.68",
            "revenue": 58681
        },
        "2012-12": {
            "month": "2012-12",
            "price": "103.02",
            "revenue": 55700
        },
        "2013-01": {
            "month": "2013-01",
            "price": "103.52",
            "revenue": 59022
        },
        "2013-02": {
            "month": "2013-02",
            "price": "100.83",
            "revenue": 41354
        },
        "2013-03": {
            "month": "2013-03",
            "price": "96.80",
            "revenue": 53218
        },
        "2013-04": {
            "month": "2013-04",
            "price": "103.41",
            "revenue": 51689
        },
        "2013-05": {
            "month": "2013-05",
            "price": "129.61",
            "revenue": 56088
        },
        "2013-06": {
            "month": "2013-06",
            "price": "128.50",
            "revenue": 50223
        },
        "2013-07": {
            "month": "2013-07",
            "price": "142.35",
            "revenue": 57097
        },
        "2013-08": {
            "month": "2013-08",
            "price": "195.38",
            "revenue": 64465
        },
        "2013-09": {
            "month": "2013-09",
            "price": "168.52",
            "revenue": 61835
        },
        "2013-10": {
            "month": "2013-10",
            "price": "154.77",
            "revenue": 68540
        },
        "2013-11": {
            "month": "2013-11",
            "price": "179.62",
            "revenue": 75946
        },
        "2013-12": {
            "month": "2013-12",
            "price": "245.66",
            "revenue": 84017
        },
        "2014-01": {
            "month": "2014-01",
            "price": "229.00",
            "revenue": 79805
        },
        "2014-02": {
            "month": "2014-02",
            "price": "238.26",
            "revenue": 67802
        },
        "2014-03": {
            "month": "2014-03",
            "price": "241.43",
            "revenue": 82453
        },
        "2014-04": {
            "month": "2014-04",
            "price": "216.05",
            "revenue": 80870
        },
        "2014-05": {
            "month": "2014-05",
            "price": "209.48",
            "revenue": 81578
        },
        "2014-06": {
            "month": "2014-06",
            "price": "232.58",
            "revenue": 77367
        },
        "2014-07": {
            "month": "2014-07",
            "price": "226.05",
            "revenue": 80386
        },
        "2014-08": {
            "month": "2014-08",
            "price": "206.67",
            "revenue": 77959
        },
        "2014-09": {
            "month": "2014-09",
            "price": "214.69",
            "revenue": 82558
        },
        "2014-10": {
            "month": "2014-10",
            "price": "196.07",
            "revenue": 88728
        },
        "2014-11": {
            "month": "2014-11",
            "price": "209.05",
            "revenue": 91280
        },
        "2014-12": {
            "month": "2014-12",
            "price": "211.46",
            "revenue": 103549
        },
        "2015-01": {
            "month": "2015-01",
            "price": "204.80",
            "revenue": 97200
        },
        "2015-02": {
            "month": "2015-02",
            "price": "203.92",
            "revenue": 78252
        },
        "2015-03": {
            "month": "2015-03",
            "price": "191.30",
            "revenue": 114527
        },
        "2015-04": {
            "month": "2015-04",
            "price": "183.52",
            "revenue": 106305
        },
        "2015-05": {
            "month": "2015-05",
            "price": "180.80",
            "revenue": 108273
        },
        "2015-06": {
            "month": "2015-06",
            "price": "172.67",
            "revenue": 111352
        },
        "2015-07": {
            "month": "2015-07",
            "price": "152.27",
            "revenue": 114584
        },
        "2015-08": {
            "month": "2015-08",
            "price": "115.31",
            "revenue": 121023
        },
        "2015-09": {
            "month": "2015-09",
            "price": "121.95",
            "revenue": 119767
        },
        "2015-10": {
            "month": "2015-10",
            "price": "138.00",
            "revenue": 126874
        },
        "2015-11": {
            "month": "2015-11",
            "price": "129.98",
            "revenue": 138672
        },
        "2015-12": {
            "month": "2015-12",
            "price": "118.26",
            "revenue": 154495
        },
        "2016-01": {
            "month": "2016-01",
            "price": "105.67",
            "revenue": 151613
        },
        "2016-02": {
            "month": "2016-02",
            "price": "111.23",
            "revenue": 123788
        },
        "2016-03": {
            "month": "2016-03",
            "price": "111.46",
            "revenue": 155692
        },
        "2016-04": {
            "month": "2016-04",
            "price": "109.05",
            "revenue": 129662
        },
        "2016-05": {
            "month": "2016-05",
            "price": "101.88",
            "revenue": 150735
        },
        "2016-06": {
            "month": "2016-06",
            "price": "94.30",
            "revenue": 124040
        },
        "2016-07": {
            "month": "2016-07",
            "price": "91.62",
            "revenue": 130365
        },
        "2016-08": {
            "month": "2016-08",
            "price": "87.54",
            "revenue": 139309
        },
        "2016-09": {
            "month": "2016-09",
            "price": "94.69",
            "revenue": 127028
        },
        "2016-10": {
            "month": "2016-10",
            "price": "99.37",
            "revenue": 117477
        },
        "2016-11": {
            "month": "2016-11",
            "price": "86.58",
            "revenue": 137156
        },
        "2016-12": {
            "month": "2016-12",
            "price": "82.05",
            "revenue": 135078
        },
        "2017-01": {
            "month": "2017-01",
            "price": "80.61",
            "revenue": 122285
        },
        "2017-02": {
            "month": "2017-02",
            "price": "73.26",
            "revenue": 111353
        },
        "2017-03": {
            "month": "2017-03",
            "price": "69.44",
            "revenue": 130586
        },
        "2017-04": {
            "month": "2017-04",
            "price": "63.36",
            "revenue": 96948
        },
        "2017-05": {
            "month": "2017-05",
            "price": "60.60",
            "revenue": 106046
        },
        "2017-06": {
            "month": "2017-06",
            "price": "57.39",
            "revenue": 99185
        },
        "2017-07": {
            "month": "2017-07",
            "price": "54.65",
            "revenue": 94310
        },
        "2017-08": {
            "month": "2017-08",
            "price": "65.30",
            "revenue": 93992
        },
        "2017-09": {
            "month": "2017-09",
            "price": "60.50",
            "revenue": 99590
        },
        "2017-10": {
            "month": "2017-10",
            "price": "59.84",
            "revenue": 97946
        },
        "2017-11": {
            "month": "2017-11",
            "price": "53.24",
            "revenue": 111992
        },
        "2017-12": {
            "month": "2017-12",
            "price": "49.16",
            "revenue": 105721
        },
        "2018-01": {
            "month": "2018-01",
            "price": "49.50",
            "revenue": 109774
        },
        "2018-02": {
            "month": "2018-02",
            "price": "49.23",
            "revenue": 101926
        },
        "2018-03": {
            "month": "2018-03",
            "price": "48.28",
            "revenue": 115798
        },
        "2018-04": {
            "month": "2018-04",
            "price": "39.81",
            "revenue": 109577
        },
        "2018-05": {
            "month": "2018-05",
            "price": "43.35",
            "revenue": 137802
        },
        "2018-06": {
            "month": "2018-06",
            "price": "43.48",
            "revenue": 124980
        }
    }
}
