{
    "summary": {
        "stock_name": "譜瑞-KY",
        "stock_id": "4966",
        "category": "半導體",
        "main_business": "高速訊號傳輸介面及顯示與觸控晶片之研發設計及銷售",
        "website_url": "http://www.paradetech.com",
        "ceo": "曲明",
        "pe_ratio": 20,
        "report_year_from": 2010,
        "report_year_to": 2023,
        "age": 13,
        "eps_negative_percentage": 0,
        "eps_growth_avg": {
            "last_all": 23.86,
            "last_2y": 27.94,
            "last_4y": 21.45,
            "last_8y": 24.68,
            "last_12y": null,
            "last_16y": null,
            "last_20y": null,
            "at_2006_last_3y": null,
            "at_2007_last_3y": null,
            "at_2008_last_3y": null,
            "at_2009_last_3y": null,
            "at_2010_last_3y": null,
            "at_2011_last_3y": null,
            "at_2012_last_3y": null,
            "at_2013_last_3y": null,
            "at_2014_last_3y": null,
            "at_2015_last_3y": 24.09,
            "at_2016_last_3y": 3.5,
            "at_2017_last_3y": 28.71,
            "at_2018_last_3y": 13.06,
            "at_2019_last_3y": 20.57,
            "at_2020_last_3y": 26.68,
            "at_2021_last_3y": 28.54,
            "at_2022_last_3y": 26.66,
            "at_2023_last_3y": 26.66,
            "at_2006_last_all": null,
            "at_2007_last_all": null,
            "at_2008_last_all": null,
            "at_2009_last_all": null,
            "at_2010_last_all": null,
            "at_2011_last_all": null,
            "at_2012_last_all": null,
            "at_2013_last_all": 20.17,
            "at_2014_last_all": 34.53,
            "at_2015_last_all": 24.09,
            "at_2016_last_all": 22.8,
            "at_2017_last_all": 25.87,
            "at_2018_last_all": 22.26,
            "at_2019_last_all": 22.33,
            "at_2020_last_all": 24.52,
            "at_2021_last_all": 26.94,
            "at_2022_last_all": 23.86,
            "at_2023_last_all": 23.86
        },
        "latest_eps": 45.43,
        "latest_price": 926,
        "latest_roe": 20.26,
        "latest_gross_margin": 44.05,
        "latest_equity": 18287761,
        "latest_revenue": 3039712,
        "latest_gross_profit": 1338915,
        "latest_net_income": 353291,
        "latest_debt_ratio": 10.76,
        "latest_current_ratio": 557.4,
        "latest_account_receivable_turnover_ratio": 2.41,
        "latest_inventory_turnover_ratio": 0.4,
        "latest_reinvestment_rate": 1.13,
        "latest_research_to_sale_ratio": 19.89
    },
    "eps_dividends": {
        "2001": {
            "cash": 0,
            "stock": 0,
            "eps": 0
        },
        "2002": {
            "cash": 0,
            "stock": 0,
            "eps": 0
        },
        "2003": {
            "cash": 0,
            "stock": 0,
            "eps": 0
        },
        "2004": {
            "cash": 0,
            "stock": 0,
            "eps": 0
        },
        "2005": {
            "cash": 0,
            "stock": 0,
            "eps": 0
        },
        "2006": {
            "cash": 0,
            "stock": 0,
            "eps": 0
        },
        "2007": {
            "cash": 0,
            "stock": 0,
            "eps": 0
        },
        "2008": {
            "cash": 0,
            "stock": 0,
            "eps": 0
        },
        "2009": {
            "cash": 0,
            "stock": 0,
            "eps": 0
        },
        "2010": {
            "cash": 0,
            "stock": 0,
            "eps": 0
        },
        "2011": {
            "cash": 0,
            "stock": 0,
            "eps": 7.65
        },
        "2012": {
            "cash": 4,
            "stock": 0,
            "eps": 24.96
        },
        "2013": {
            "cash": 4,
            "stock": 4,
            "eps": 10.07
        },
        "2014": {
            "cash": 3,
            "stock": 0,
            "eps": 16.44
        },
        "2015": {
            "cash": 5,
            "stock": 0,
            "eps": 15.25
        },
        "2016": {
            "cash": 5,
            "stock": 0,
            "eps": 17.94
        },
        "2017": {
            "cash": 9,
            "stock": 0,
            "eps": 25.33
        },
        "2018": {
            "cash": 12,
            "stock": 0,
            "eps": 25.49
        },
        "2019": {
            "cash": 12,
            "stock": 0,
            "eps": 31.31
        },
        "2020": {
            "cash": 15,
            "stock": 0,
            "eps": 44.48
        },
        "2021": {
            "cash": 22,
            "stock": 0,
            "eps": 66.11
        },
        "2022": {
            "cash": 32,
            "stock": 0,
            "eps": 61.56
        },
        "2023": {
            "cash": 30,
            "stock": 0,
            "eps": 4.51
        }
    },
    "dividends": {
        "2012-06-22": {
            "cash": 3.5,
            "stock": 0
        },
        "2013-06-19": {
            "cash": 3.5,
            "stock": 4.12
        },
        "2014-09-19": {
            "cash": 2.8,
            "stock": 0
        },
        "2015-09-18": {
            "cash": 4.98,
            "stock": 0
        },
        "2016-09-19": {
            "cash": 4.94,
            "stock": 0
        },
        "2017-09-26": {
            "cash": 8.88,
            "stock": 0
        },
        "2018-09-26": {
            "cash": 12.22,
            "stock": 0
        },
        "2019-09-25": {
            "cash": 12.31,
            "stock": 0
        },
        "2020-03-11": {
            "cash": 15.23,
            "stock": 0
        },
        "2021-03-31": {
            "cash": 9.17,
            "stock": 0
        },
        "2021-09-17": {
            "cash": 12.61,
            "stock": 0
        },
        "2022-03-31": {
            "cash": 14.19,
            "stock": 0
        },
        "2022-09-20": {
            "cash": 18.23,
            "stock": 0
        },
        "2023-03-31": {
            "cash": 21.24,
            "stock": 0
        },
        "2023-04-26": {
            "cash": 8.8,
            "stock": 0
        }
    },
    "prices": {
        "200101": "無",
        "200102": "無",
        "200103": "無",
        "200104": "無",
        "200105": "無",
        "200106": "無",
        "200107": "無",
        "200108": "無",
        "200109": "無",
        "200110": "無",
        "200111": "無",
        "200112": "無",
        "200201": "無",
        "200202": "無",
        "200203": "無",
        "200204": "無",
        "200205": "無",
        "200206": "無",
        "200207": "無",
        "200208": "無",
        "200209": "無",
        "200210": "無",
        "200211": "無",
        "200212": "無",
        "200301": "無",
        "200302": "無",
        "200303": "無",
        "200304": "無",
        "200305": "無",
        "200306": "無",
        "200307": "無",
        "200308": "無",
        "200309": "無",
        "200310": "無",
        "200311": "無",
        "200312": "無",
        "200401": "無",
        "200402": "無",
        "200403": "無",
        "200404": "無",
        "200405": "無",
        "200406": "無",
        "200407": "無",
        "200408": "無",
        "200409": "無",
        "200410": "無",
        "200411": "無",
        "200412": "無",
        "200501": "無",
        "200502": "無",
        "200503": "無",
        "200504": "無",
        "200505": "無",
        "200506": "無",
        "200507": "無",
        "200508": "無",
        "200509": "無",
        "200510": "無",
        "200511": "無",
        "200512": "無",
        "200601": "無",
        "200602": "無",
        "200603": "無",
        "200604": "無",
        "200605": "無",
        "200606": "無",
        "200607": "無",
        "200608": "無",
        "200609": "無",
        "200610": "無",
        "200611": "無",
        "200612": "無",
        "200701": "無",
        "200702": "無",
        "200703": "無",
        "200704": "無",
        "200705": "無",
        "200706": "無",
        "200707": "無",
        "200708": "無",
        "200709": "無",
        "200710": "無",
        "200711": "無",
        "200712": "無",
        "200801": "無",
        "200802": "無",
        "200803": "無",
        "200804": "無",
        "200805": "無",
        "200806": "無",
        "200807": "無",
        "200808": "無",
        "200809": "無",
        "200810": "無",
        "200811": "無",
        "200812": "無",
        "200901": "無",
        "200902": "無",
        "200903": "無",
        "200904": "無",
        "200905": "無",
        "200906": "無",
        "200907": "無",
        "200908": "無",
        "200909": "無",
        "200910": "無",
        "200911": "無",
        "200912": "無",
        "201001": "無",
        "201002": "無",
        "201003": "無",
        "201004": "無",
        "201005": "無",
        "201006": "無",
        "201007": "無",
        "201008": "無",
        "201009": "無",
        "201010": "無",
        "201011": "無",
        "201012": "無",
        "201101": "無",
        "201102": "無",
        "201103": "無",
        "201104": "無",
        "201105": "無",
        "201106": "無",
        "201107": "無",
        "201108": "無",
        "201109": "280.61",
        "201110": "309.15",
        "201111": "275.07",
        "201112": "326.36",
        "201201": "376.97",
        "201202": "427.38",
        "201203": "424.46",
        "201204": "355.85",
        "201205": "386.11",
        "201206": "396.67",
        "201207": "370.18",
        "201208": "331.59",
        "201209": "353.85",
        "201210": "310.89",
        "201211": "233.02",
        "201212": "226.81",
        "201301": "248.86",
        "201302": "250.81",
        "201303": "279.81",
        "201304": "267.05",
        "201305": "284.20",
        "201306": "259.97",
        "201307": "235.02",
        "201308": "262.67",
        "201309": "213.52",
        "201310": "213.45",
        "201311": "177.93",
        "201312": "195.02",
        "201401": "235.00",
        "201402": "216.79",
        "201403": "259.67",
        "201404": "257.93",
        "201405": "280.26",
        "201406": "390.42",
        "201407": "379.41",
        "201408": "342.17",
        "201409": "342.81",
        "201410": "315.91",
        "201411": "290.95",
        "201412": "305.94",
        "201501": "295.00",
        "201502": "299.15",
        "201503": "303.66",
        "201504": "299.40",
        "201505": "317.32",
        "201506": "355.83",
        "201507": "335.95",
        "201508": "223.19",
        "201509": "248.45",
        "201510": "260.45",
        "201511": "237.33",
        "201512": "227.15",
        "201601": "229.79",
        "201602": "296.81",
        "201603": "316.11",
        "201604": "332.24",
        "201605": "315.05",
        "201606": "316.69",
        "201607": "299.55",
        "201608": "300.85",
        "201609": "332.89",
        "201610": "335.32",
        "201611": "337.75",
        "201612": "315.86",
        "201701": "314.19",
        "201702": "330.58",
        "201703": "333.33",
        "201704": "339.47",
        "201705": "342.78",
        "201706": "378.80",
        "201707": "430.02",
        "201708": "448.28",
        "201709": "483.57",
        "201710": "479.71",
        "201711": "562.09",
        "201712": "579.76",
        "201801": "589.36",
        "201802": "555.23",
        "201803": "568.87",
        "201804": "504.42",
        "201805": "465.93",
        "201806": "510.28",
        "201807": "483.80",
        "201808": "466.85",
        "201809": "454.76",
        "201810": "418.59",
        "201811": "435.52",
        "201812": "451.17",
        "201901": "478.02",
        "201902": "532.69",
        "201903": "528.70",
        "201904": "530.15",
        "201905": "503.84",
        "201906": "498.84",
        "201907": "530.65",
        "201908": "536.81",
        "201909": "543.74",
        "201910": "565.81",
        "201911": "592.71",
        "201912": "599.41",
        "202001": "616.60",
        "202002": "691.42",
        "202003": "628.36",
        "202004": "690.16",
        "202005": "836.75",
        "202006": "931.70",
        "202007": "1085.87",
        "202008": "1125.95",
        "202009": "1092.95",
        "202010": "1122.89",
        "202011": "1078.81",
        "202012": "1103.70",
        "202101": "1260.50",
        "202102": "1296.92",
        "202103": "1205.91",
        "202104": "1206.58",
        "202105": "1380.71",
        "202106": "1444.29",
        "202107": "1567.73",
        "202108": "1682.73",
        "202109": "1839.50",
        "202110": "1726.50",
        "202111": "1982.27",
        "202112": "2015.23",
        "202201": "1969.72",
        "202202": "1980.67",
        "202203": "1795.65",
        "202204": "1470.26",
        "202205": "1456.67",
        "202206": "1360.24",
        "202207": "1116.90",
        "202208": "928.65",
        "202209": "711.24",
        "202210": "680.45",
        "202211": "731.18",
        "202212": "819.55",
        "202301": "899.62",
        "202302": "937.00",
        "202303": "1032.78",
        "202304": "1043.00",
        "202305": "947.00"
    },
    "quarters": {
        "20011": {
            "year_quarter": 20011,
            "year": 2001,
            "quarter": 1,
            "eps": null,
            "eps_growth_year": null,
            "eps_4q": null,
            "eps_4q_growth_year": null,
            "roe": null,
            "gross_profit": null,
            "gross_margin": null,
            "net_income": null,
            "revenue": null,
            "common_shares": null,
            "equity": null,
            "current_ratio": null,
            "debt_ratio": null,
            "inventory_turnover_ratio": null,
            "account_receivable_turnover_ratio": null,
            "reinvestment_rate": null,
            "research_to_sale_ratio": null,
            "price_fair": 0,
            "eps_avg_yearly": 0,
            "eps_latest_yearly": 0,
            "eps_growth_yearly": 0
        },
        "20012": {
            "year_quarter": 20012,
            "year": 2001,
            "quarter": 2,
            "eps": null,
            "eps_growth_year": null,
            "eps_4q": null,
            "eps_4q_growth_year": null,
            "roe": null,
            "gross_profit": null,
            "gross_margin": null,
            "net_income": null,
            "revenue": null,
            "common_shares": null,
            "equity": null,
            "current_ratio": null,
            "debt_ratio": null,
            "inventory_turnover_ratio": null,
            "account_receivable_turnover_ratio": null,
            "reinvestment_rate": null,
            "research_to_sale_ratio": null,
            "price_fair": 0,
            "eps_avg_yearly": 0,
            "eps_latest_yearly": 0,
            "eps_growth_yearly": 0
        },
        "20013": {
            "year_quarter": 20013,
            "year": 2001,
            "quarter": 3,
            "eps": null,
            "eps_growth_year": null,
            "eps_4q": null,
            "eps_4q_growth_year": null,
            "roe": null,
            "gross_profit": null,
            "gross_margin": null,
            "net_income": null,
            "revenue": null,
            "common_shares": null,
            "equity": null,
            "current_ratio": null,
            "debt_ratio": null,
            "inventory_turnover_ratio": null,
            "account_receivable_turnover_ratio": null,
            "reinvestment_rate": null,
            "research_to_sale_ratio": null,
            "price_fair": 0,
            "eps_avg_yearly": 0,
            "eps_latest_yearly": 0,
            "eps_growth_yearly": 0
        },
        "20014": {
            "year_quarter": 20014,
            "year": 2001,
            "quarter": 4,
            "eps": null,
            "eps_growth_year": null,
            "eps_4q": null,
            "eps_4q_growth_year": null,
            "roe": null,
            "gross_profit": null,
            "gross_margin": null,
            "net_income": null,
            "revenue": null,
            "common_shares": null,
            "equity": null,
            "current_ratio": null,
            "debt_ratio": null,
            "inventory_turnover_ratio": null,
            "account_receivable_turnover_ratio": null,
            "reinvestment_rate": null,
            "research_to_sale_ratio": null,
            "price_fair": 0,
            "eps_avg_yearly": 0,
            "eps_latest_yearly": 0,
            "eps_growth_yearly": 0
        },
        "20021": {
            "year_quarter": 20021,
            "year": 2002,
            "quarter": 1,
            "eps": null,
            "eps_growth_year": null,
            "eps_4q": null,
            "eps_4q_growth_year": null,
            "roe": null,
            "gross_profit": null,
            "gross_margin": null,
            "net_income": null,
            "revenue": null,
            "common_shares": null,
            "equity": null,
            "current_ratio": null,
            "debt_ratio": null,
            "inventory_turnover_ratio": null,
            "account_receivable_turnover_ratio": null,
            "reinvestment_rate": null,
            "research_to_sale_ratio": null,
            "price_fair": 0,
            "eps_avg_yearly": 0,
            "eps_latest_yearly": 0,
            "eps_growth_yearly": 0
        },
        "20022": {
            "year_quarter": 20022,
            "year": 2002,
            "quarter": 2,
            "eps": null,
            "eps_growth_year": null,
            "eps_4q": null,
            "eps_4q_growth_year": null,
            "roe": null,
            "gross_profit": null,
            "gross_margin": null,
            "net_income": null,
            "revenue": null,
            "common_shares": null,
            "equity": null,
            "current_ratio": null,
            "debt_ratio": null,
            "inventory_turnover_ratio": null,
            "account_receivable_turnover_ratio": null,
            "reinvestment_rate": null,
            "research_to_sale_ratio": null,
            "price_fair": 0,
            "eps_avg_yearly": 0,
            "eps_latest_yearly": 0,
            "eps_growth_yearly": 0
        },
        "20023": {
            "year_quarter": 20023,
            "year": 2002,
            "quarter": 3,
            "eps": null,
            "eps_growth_year": null,
            "eps_4q": null,
            "eps_4q_growth_year": null,
            "roe": null,
            "gross_profit": null,
            "gross_margin": null,
            "net_income": null,
            "revenue": null,
            "common_shares": null,
            "equity": null,
            "current_ratio": null,
            "debt_ratio": null,
            "inventory_turnover_ratio": null,
            "account_receivable_turnover_ratio": null,
            "reinvestment_rate": null,
            "research_to_sale_ratio": null,
            "price_fair": 0,
            "eps_avg_yearly": 0,
            "eps_latest_yearly": 0,
            "eps_growth_yearly": 0
        },
        "20024": {
            "year_quarter": 20024,
            "year": 2002,
            "quarter": 4,
            "eps": null,
            "eps_growth_year": null,
            "eps_4q": null,
            "eps_4q_growth_year": null,
            "roe": null,
            "gross_profit": null,
            "gross_margin": null,
            "net_income": null,
            "revenue": null,
            "common_shares": null,
            "equity": null,
            "current_ratio": null,
            "debt_ratio": null,
            "inventory_turnover_ratio": null,
            "account_receivable_turnover_ratio": null,
            "reinvestment_rate": null,
            "research_to_sale_ratio": null,
            "price_fair": 0,
            "eps_avg_yearly": 0,
            "eps_latest_yearly": 0,
            "eps_growth_yearly": 0
        },
        "20031": {
            "year_quarter": 20031,
            "year": 2003,
            "quarter": 1,
            "eps": null,
            "eps_growth_year": null,
            "eps_4q": null,
            "eps_4q_growth_year": null,
            "roe": null,
            "gross_profit": null,
            "gross_margin": null,
            "net_income": null,
            "revenue": null,
            "common_shares": null,
            "equity": null,
            "current_ratio": null,
            "debt_ratio": null,
            "inventory_turnover_ratio": null,
            "account_receivable_turnover_ratio": null,
            "reinvestment_rate": null,
            "research_to_sale_ratio": null,
            "price_fair": 0,
            "eps_avg_yearly": 0,
            "eps_latest_yearly": 0,
            "eps_growth_yearly": 0
        },
        "20032": {
            "year_quarter": 20032,
            "year": 2003,
            "quarter": 2,
            "eps": null,
            "eps_growth_year": null,
            "eps_4q": null,
            "eps_4q_growth_year": null,
            "roe": null,
            "gross_profit": null,
            "gross_margin": null,
            "net_income": null,
            "revenue": null,
            "common_shares": null,
            "equity": null,
            "current_ratio": null,
            "debt_ratio": null,
            "inventory_turnover_ratio": null,
            "account_receivable_turnover_ratio": null,
            "reinvestment_rate": null,
            "research_to_sale_ratio": null,
            "price_fair": 0,
            "eps_avg_yearly": 0,
            "eps_latest_yearly": 0,
            "eps_growth_yearly": 0
        },
        "20033": {
            "year_quarter": 20033,
            "year": 2003,
            "quarter": 3,
            "eps": null,
            "eps_growth_year": null,
            "eps_4q": null,
            "eps_4q_growth_year": null,
            "roe": null,
            "gross_profit": null,
            "gross_margin": null,
            "net_income": null,
            "revenue": null,
            "common_shares": null,
            "equity": null,
            "current_ratio": null,
            "debt_ratio": null,
            "inventory_turnover_ratio": null,
            "account_receivable_turnover_ratio": null,
            "reinvestment_rate": null,
            "research_to_sale_ratio": null,
            "price_fair": 0,
            "eps_avg_yearly": 0,
            "eps_latest_yearly": 0,
            "eps_growth_yearly": 0
        },
        "20034": {
            "year_quarter": 20034,
            "year": 2003,
            "quarter": 4,
            "eps": null,
            "eps_growth_year": null,
            "eps_4q": null,
            "eps_4q_growth_year": null,
            "roe": null,
            "gross_profit": null,
            "gross_margin": null,
            "net_income": null,
            "revenue": null,
            "common_shares": null,
            "equity": null,
            "current_ratio": null,
            "debt_ratio": null,
            "inventory_turnover_ratio": null,
            "account_receivable_turnover_ratio": null,
            "reinvestment_rate": null,
            "research_to_sale_ratio": null,
            "price_fair": 0,
            "eps_avg_yearly": 0,
            "eps_latest_yearly": 0,
            "eps_growth_yearly": 0
        },
        "20041": {
            "year_quarter": 20041,
            "year": 2004,
            "quarter": 1,
            "eps": null,
            "eps_growth_year": null,
            "eps_4q": null,
            "eps_4q_growth_year": null,
            "roe": null,
            "gross_profit": null,
            "gross_margin": null,
            "net_income": null,
            "revenue": null,
            "common_shares": null,
            "equity": null,
            "current_ratio": null,
            "debt_ratio": null,
            "inventory_turnover_ratio": null,
            "account_receivable_turnover_ratio": null,
            "reinvestment_rate": null,
            "research_to_sale_ratio": null,
            "price_fair": 0,
            "eps_avg_yearly": 0,
            "eps_latest_yearly": 0,
            "eps_growth_yearly": 0
        },
        "20042": {
            "year_quarter": 20042,
            "year": 2004,
            "quarter": 2,
            "eps": null,
            "eps_growth_year": null,
            "eps_4q": null,
            "eps_4q_growth_year": null,
            "roe": null,
            "gross_profit": null,
            "gross_margin": null,
            "net_income": null,
            "revenue": null,
            "common_shares": null,
            "equity": null,
            "current_ratio": null,
            "debt_ratio": null,
            "inventory_turnover_ratio": null,
            "account_receivable_turnover_ratio": null,
            "reinvestment_rate": null,
            "research_to_sale_ratio": null,
            "price_fair": 0,
            "eps_avg_yearly": 0,
            "eps_latest_yearly": 0,
            "eps_growth_yearly": 0
        },
        "20043": {
            "year_quarter": 20043,
            "year": 2004,
            "quarter": 3,
            "eps": null,
            "eps_growth_year": null,
            "eps_4q": null,
            "eps_4q_growth_year": null,
            "roe": null,
            "gross_profit": null,
            "gross_margin": null,
            "net_income": null,
            "revenue": null,
            "common_shares": null,
            "equity": null,
            "current_ratio": null,
            "debt_ratio": null,
            "inventory_turnover_ratio": null,
            "account_receivable_turnover_ratio": null,
            "reinvestment_rate": null,
            "research_to_sale_ratio": null,
            "price_fair": 0,
            "eps_avg_yearly": 0,
            "eps_latest_yearly": 0,
            "eps_growth_yearly": 0
        },
        "20044": {
            "year_quarter": 20044,
            "year": 2004,
            "quarter": 4,
            "eps": null,
            "eps_growth_year": null,
            "eps_4q": null,
            "eps_4q_growth_year": null,
            "roe": null,
            "gross_profit": null,
            "gross_margin": null,
            "net_income": null,
            "revenue": null,
            "common_shares": null,
            "equity": null,
            "current_ratio": null,
            "debt_ratio": null,
            "inventory_turnover_ratio": null,
            "account_receivable_turnover_ratio": null,
            "reinvestment_rate": null,
            "research_to_sale_ratio": null,
            "price_fair": 0,
            "eps_avg_yearly": 0,
            "eps_latest_yearly": 0,
            "eps_growth_yearly": 0
        },
        "20051": {
            "year_quarter": 20051,
            "year": 2005,
            "quarter": 1,
            "eps": null,
            "eps_growth_year": null,
            "eps_4q": null,
            "eps_4q_growth_year": null,
            "roe": null,
            "gross_profit": null,
            "gross_margin": null,
            "net_income": null,
            "revenue": null,
            "common_shares": null,
            "equity": null,
            "current_ratio": null,
            "debt_ratio": null,
            "inventory_turnover_ratio": null,
            "account_receivable_turnover_ratio": null,
            "reinvestment_rate": null,
            "research_to_sale_ratio": null,
            "price_fair": 0,
            "eps_avg_yearly": 0,
            "eps_latest_yearly": 0,
            "eps_growth_yearly": 0
        },
        "20052": {
            "year_quarter": 20052,
            "year": 2005,
            "quarter": 2,
            "eps": null,
            "eps_growth_year": null,
            "eps_4q": null,
            "eps_4q_growth_year": null,
            "roe": null,
            "gross_profit": null,
            "gross_margin": null,
            "net_income": null,
            "revenue": null,
            "common_shares": null,
            "equity": null,
            "current_ratio": null,
            "debt_ratio": null,
            "inventory_turnover_ratio": null,
            "account_receivable_turnover_ratio": null,
            "reinvestment_rate": null,
            "research_to_sale_ratio": null,
            "price_fair": 0,
            "eps_avg_yearly": 0,
            "eps_latest_yearly": 0,
            "eps_growth_yearly": 0
        },
        "20053": {
            "year_quarter": 20053,
            "year": 2005,
            "quarter": 3,
            "eps": null,
            "eps_growth_year": null,
            "eps_4q": null,
            "eps_4q_growth_year": null,
            "roe": null,
            "gross_profit": null,
            "gross_margin": null,
            "net_income": null,
            "revenue": null,
            "common_shares": null,
            "equity": null,
            "current_ratio": null,
            "debt_ratio": null,
            "inventory_turnover_ratio": null,
            "account_receivable_turnover_ratio": null,
            "reinvestment_rate": null,
            "research_to_sale_ratio": null,
            "price_fair": 0,
            "eps_avg_yearly": 0,
            "eps_latest_yearly": 0,
            "eps_growth_yearly": 0
        },
        "20054": {
            "year_quarter": 20054,
            "year": 2005,
            "quarter": 4,
            "eps": null,
            "eps_growth_year": null,
            "eps_4q": null,
            "eps_4q_growth_year": null,
            "roe": null,
            "gross_profit": null,
            "gross_margin": null,
            "net_income": null,
            "revenue": null,
            "common_shares": null,
            "equity": null,
            "current_ratio": null,
            "debt_ratio": null,
            "inventory_turnover_ratio": null,
            "account_receivable_turnover_ratio": null,
            "reinvestment_rate": null,
            "research_to_sale_ratio": null,
            "price_fair": 0,
            "eps_avg_yearly": 0,
            "eps_latest_yearly": 0,
            "eps_growth_yearly": 0
        },
        "20061": {
            "year_quarter": 20061,
            "year": 2006,
            "quarter": 1,
            "eps": null,
            "eps_growth_year": null,
            "eps_4q": null,
            "eps_4q_growth_year": null,
            "roe": null,
            "gross_profit": null,
            "gross_margin": null,
            "net_income": null,
            "revenue": null,
            "common_shares": null,
            "equity": null,
            "current_ratio": null,
            "debt_ratio": null,
            "inventory_turnover_ratio": null,
            "account_receivable_turnover_ratio": null,
            "reinvestment_rate": null,
            "research_to_sale_ratio": null,
            "price_fair": 0,
            "eps_avg_yearly": 0,
            "eps_latest_yearly": 0,
            "eps_growth_yearly": 0
        },
        "20062": {
            "year_quarter": 20062,
            "year": 2006,
            "quarter": 2,
            "eps": null,
            "eps_growth_year": null,
            "eps_4q": null,
            "eps_4q_growth_year": null,
            "roe": null,
            "gross_profit": null,
            "gross_margin": null,
            "net_income": null,
            "revenue": null,
            "common_shares": null,
            "equity": null,
            "current_ratio": null,
            "debt_ratio": null,
            "inventory_turnover_ratio": null,
            "account_receivable_turnover_ratio": null,
            "reinvestment_rate": null,
            "research_to_sale_ratio": null,
            "price_fair": 0,
            "eps_avg_yearly": 0,
            "eps_latest_yearly": 0,
            "eps_growth_yearly": 0
        },
        "20063": {
            "year_quarter": 20063,
            "year": 2006,
            "quarter": 3,
            "eps": null,
            "eps_growth_year": null,
            "eps_4q": null,
            "eps_4q_growth_year": null,
            "roe": null,
            "gross_profit": null,
            "gross_margin": null,
            "net_income": null,
            "revenue": null,
            "common_shares": null,
            "equity": null,
            "current_ratio": null,
            "debt_ratio": null,
            "inventory_turnover_ratio": null,
            "account_receivable_turnover_ratio": null,
            "reinvestment_rate": null,
            "research_to_sale_ratio": null,
            "price_fair": 0,
            "eps_avg_yearly": 0,
            "eps_latest_yearly": 0,
            "eps_growth_yearly": 0
        },
        "20064": {
            "year_quarter": 20064,
            "year": 2006,
            "quarter": 4,
            "eps": null,
            "eps_growth_year": null,
            "eps_4q": null,
            "eps_4q_growth_year": null,
            "roe": null,
            "gross_profit": null,
            "gross_margin": null,
            "net_income": null,
            "revenue": null,
            "common_shares": null,
            "equity": null,
            "current_ratio": null,
            "debt_ratio": null,
            "inventory_turnover_ratio": null,
            "account_receivable_turnover_ratio": null,
            "reinvestment_rate": null,
            "research_to_sale_ratio": null,
            "price_fair": 0,
            "eps_avg_yearly": 0,
            "eps_latest_yearly": 0,
            "eps_growth_yearly": 0
        },
        "20071": {
            "year_quarter": 20071,
            "year": 2007,
            "quarter": 1,
            "eps": null,
            "eps_growth_year": null,
            "eps_4q": null,
            "eps_4q_growth_year": null,
            "roe": null,
            "gross_profit": null,
            "gross_margin": null,
            "net_income": null,
            "revenue": null,
            "common_shares": null,
            "equity": null,
            "current_ratio": null,
            "debt_ratio": null,
            "inventory_turnover_ratio": null,
            "account_receivable_turnover_ratio": null,
            "reinvestment_rate": null,
            "research_to_sale_ratio": null,
            "price_fair": 0,
            "eps_avg_yearly": 0,
            "eps_latest_yearly": 0,
            "eps_growth_yearly": 0
        },
        "20072": {
            "year_quarter": 20072,
            "year": 2007,
            "quarter": 2,
            "eps": null,
            "eps_growth_year": null,
            "eps_4q": null,
            "eps_4q_growth_year": null,
            "roe": null,
            "gross_profit": null,
            "gross_margin": null,
            "net_income": null,
            "revenue": null,
            "common_shares": null,
            "equity": null,
            "current_ratio": null,
            "debt_ratio": null,
            "inventory_turnover_ratio": null,
            "account_receivable_turnover_ratio": null,
            "reinvestment_rate": null,
            "research_to_sale_ratio": null,
            "price_fair": 0,
            "eps_avg_yearly": 0,
            "eps_latest_yearly": 0,
            "eps_growth_yearly": 0
        },
        "20073": {
            "year_quarter": 20073,
            "year": 2007,
            "quarter": 3,
            "eps": null,
            "eps_growth_year": null,
            "eps_4q": null,
            "eps_4q_growth_year": null,
            "roe": null,
            "gross_profit": null,
            "gross_margin": null,
            "net_income": null,
            "revenue": null,
            "common_shares": null,
            "equity": null,
            "current_ratio": null,
            "debt_ratio": null,
            "inventory_turnover_ratio": null,
            "account_receivable_turnover_ratio": null,
            "reinvestment_rate": null,
            "research_to_sale_ratio": null,
            "price_fair": 0,
            "eps_avg_yearly": 0,
            "eps_latest_yearly": 0,
            "eps_growth_yearly": 0
        },
        "20074": {
            "year_quarter": 20074,
            "year": 2007,
            "quarter": 4,
            "eps": null,
            "eps_growth_year": null,
            "eps_4q": null,
            "eps_4q_growth_year": null,
            "roe": null,
            "gross_profit": null,
            "gross_margin": null,
            "net_income": null,
            "revenue": null,
            "common_shares": null,
            "equity": null,
            "current_ratio": null,
            "debt_ratio": null,
            "inventory_turnover_ratio": null,
            "account_receivable_turnover_ratio": null,
            "reinvestment_rate": null,
            "research_to_sale_ratio": null,
            "price_fair": 0,
            "eps_avg_yearly": 0,
            "eps_latest_yearly": 0,
            "eps_growth_yearly": 0
        },
        "20081": {
            "year_quarter": 20081,
            "year": 2008,
            "quarter": 1,
            "eps": null,
            "eps_growth_year": null,
            "eps_4q": null,
            "eps_4q_growth_year": null,
            "roe": null,
            "gross_profit": null,
            "gross_margin": null,
            "net_income": null,
            "revenue": null,
            "common_shares": null,
            "equity": null,
            "current_ratio": null,
            "debt_ratio": null,
            "inventory_turnover_ratio": null,
            "account_receivable_turnover_ratio": null,
            "reinvestment_rate": null,
            "research_to_sale_ratio": null,
            "price_fair": 0,
            "eps_avg_yearly": 0,
            "eps_latest_yearly": 0,
            "eps_growth_yearly": 0
        },
        "20082": {
            "year_quarter": 20082,
            "year": 2008,
            "quarter": 2,
            "eps": null,
            "eps_growth_year": null,
            "eps_4q": null,
            "eps_4q_growth_year": null,
            "roe": null,
            "gross_profit": null,
            "gross_margin": null,
            "net_income": null,
            "revenue": null,
            "common_shares": null,
            "equity": null,
            "current_ratio": null,
            "debt_ratio": null,
            "inventory_turnover_ratio": null,
            "account_receivable_turnover_ratio": null,
            "reinvestment_rate": null,
            "research_to_sale_ratio": null,
            "price_fair": 0,
            "eps_avg_yearly": 0,
            "eps_latest_yearly": 0,
            "eps_growth_yearly": 0
        },
        "20083": {
            "year_quarter": 20083,
            "year": 2008,
            "quarter": 3,
            "eps": null,
            "eps_growth_year": null,
            "eps_4q": null,
            "eps_4q_growth_year": null,
            "roe": null,
            "gross_profit": null,
            "gross_margin": null,
            "net_income": null,
            "revenue": null,
            "common_shares": null,
            "equity": null,
            "current_ratio": null,
            "debt_ratio": null,
            "inventory_turnover_ratio": null,
            "account_receivable_turnover_ratio": null,
            "reinvestment_rate": null,
            "research_to_sale_ratio": null,
            "price_fair": 0,
            "eps_avg_yearly": 0,
            "eps_latest_yearly": 0,
            "eps_growth_yearly": 0
        },
        "20084": {
            "year_quarter": 20084,
            "year": 2008,
            "quarter": 4,
            "eps": null,
            "eps_growth_year": null,
            "eps_4q": null,
            "eps_4q_growth_year": null,
            "roe": null,
            "gross_profit": null,
            "gross_margin": null,
            "net_income": null,
            "revenue": null,
            "common_shares": 15,
            "equity": 354918,
            "current_ratio": 484.43,
            "debt_ratio": 18.97,
            "inventory_turnover_ratio": null,
            "account_receivable_turnover_ratio": null,
            "reinvestment_rate": null,
            "research_to_sale_ratio": null,
            "price_fair": 0,
            "eps_avg_yearly": 0,
            "eps_latest_yearly": 0,
            "eps_growth_yearly": 0
        },
        "20091": {
            "year_quarter": 20091,
            "year": 2009,
            "quarter": 1,
            "eps": null,
            "eps_growth_year": null,
            "eps_4q": null,
            "eps_4q_growth_year": null,
            "roe": null,
            "gross_profit": null,
            "gross_margin": null,
            "net_income": null,
            "revenue": null,
            "common_shares": null,
            "equity": null,
            "current_ratio": null,
            "debt_ratio": null,
            "inventory_turnover_ratio": null,
            "account_receivable_turnover_ratio": null,
            "reinvestment_rate": null,
            "research_to_sale_ratio": null,
            "price_fair": 0,
            "eps_avg_yearly": 0,
            "eps_latest_yearly": 0,
            "eps_growth_yearly": 0
        },
        "20092": {
            "year_quarter": 20092,
            "year": 2009,
            "quarter": 2,
            "eps": null,
            "eps_growth_year": null,
            "eps_4q": null,
            "eps_4q_growth_year": null,
            "roe": null,
            "gross_profit": null,
            "gross_margin": null,
            "net_income": null,
            "revenue": null,
            "common_shares": null,
            "equity": null,
            "current_ratio": null,
            "debt_ratio": null,
            "inventory_turnover_ratio": null,
            "account_receivable_turnover_ratio": null,
            "reinvestment_rate": null,
            "research_to_sale_ratio": null,
            "price_fair": 0,
            "eps_avg_yearly": 0,
            "eps_latest_yearly": 0,
            "eps_growth_yearly": 0
        },
        "20093": {
            "year_quarter": 20093,
            "year": 2009,
            "quarter": 3,
            "eps": null,
            "eps_growth_year": null,
            "eps_4q": null,
            "eps_4q_growth_year": null,
            "roe": null,
            "gross_profit": null,
            "gross_margin": null,
            "net_income": null,
            "revenue": null,
            "common_shares": null,
            "equity": null,
            "current_ratio": null,
            "debt_ratio": null,
            "inventory_turnover_ratio": null,
            "account_receivable_turnover_ratio": null,
            "reinvestment_rate": null,
            "research_to_sale_ratio": null,
            "price_fair": 0,
            "eps_avg_yearly": 0,
            "eps_latest_yearly": 0,
            "eps_growth_yearly": 0
        },
        "20094": {
            "year_quarter": 20094,
            "year": 2009,
            "quarter": 4,
            "eps": null,
            "eps_growth_year": null,
            "eps_4q": null,
            "eps_4q_growth_year": null,
            "roe": null,
            "gross_profit": null,
            "gross_margin": null,
            "net_income": null,
            "revenue": null,
            "common_shares": 18,
            "equity": 455541,
            "current_ratio": 364.28,
            "debt_ratio": 26.26,
            "inventory_turnover_ratio": null,
            "account_receivable_turnover_ratio": null,
            "reinvestment_rate": null,
            "research_to_sale_ratio": null,
            "price_fair": 0,
            "eps_avg_yearly": 0,
            "eps_latest_yearly": 0,
            "eps_growth_yearly": 0
        },
        "20101": {
            "year_quarter": 20101,
            "year": 2010,
            "quarter": 1,
            "eps": null,
            "eps_growth_year": null,
            "eps_4q": null,
            "eps_4q_growth_year": null,
            "roe": null,
            "gross_profit": 106036,
            "gross_margin": null,
            "net_income": 24808,
            "revenue": 264338,
            "common_shares": 22,
            "equity": 490002,
            "current_ratio": 401.96,
            "debt_ratio": 23.69,
            "inventory_turnover_ratio": null,
            "account_receivable_turnover_ratio": null,
            "reinvestment_rate": null,
            "research_to_sale_ratio": null,
            "price_fair": 0,
            "eps_avg_yearly": 0,
            "eps_latest_yearly": 0,
            "eps_growth_yearly": 0
        },
        "20102": {
            "year_quarter": 20102,
            "year": 2010,
            "quarter": 2,
            "eps": null,
            "eps_growth_year": null,
            "eps_4q": null,
            "eps_4q_growth_year": null,
            "roe": null,
            "gross_profit": 177050,
            "gross_margin": null,
            "net_income": 71375,
            "revenue": 410501,
            "common_shares": 25,
            "equity": 573751,
            "current_ratio": 298.86,
            "debt_ratio": 32.21,
            "inventory_turnover_ratio": null,
            "account_receivable_turnover_ratio": null,
            "reinvestment_rate": null,
            "research_to_sale_ratio": null,
            "price_fair": 0,
            "eps_avg_yearly": 0,
            "eps_latest_yearly": 0,
            "eps_growth_yearly": 0
        },
        "20103": {
            "year_quarter": 20103,
            "year": 2010,
            "quarter": 3,
            "eps": null,
            "eps_growth_year": null,
            "eps_4q": null,
            "eps_4q_growth_year": null,
            "roe": null,
            "gross_profit": 209087,
            "gross_margin": null,
            "net_income": 106897,
            "revenue": 482093,
            "common_shares": 26,
            "equity": 672339,
            "current_ratio": 348.11,
            "debt_ratio": 27.8,
            "inventory_turnover_ratio": null,
            "account_receivable_turnover_ratio": null,
            "reinvestment_rate": null,
            "research_to_sale_ratio": null,
            "price_fair": 0,
            "eps_avg_yearly": 0,
            "eps_latest_yearly": 0,
            "eps_growth_yearly": 0
        },
        "20104": {
            "year_quarter": 20104,
            "year": 2010,
            "quarter": 4,
            "eps": null,
            "eps_growth_year": null,
            "eps_4q": null,
            "eps_4q_growth_year": null,
            "roe": null,
            "gross_profit": 186898,
            "gross_margin": null,
            "net_income": 68516,
            "revenue": 435596,
            "common_shares": 129022,
            "equity": 694465,
            "current_ratio": 391.91,
            "debt_ratio": 24.65,
            "inventory_turnover_ratio": null,
            "account_receivable_turnover_ratio": null,
            "reinvestment_rate": null,
            "research_to_sale_ratio": null,
            "price_fair": 0,
            "eps_avg_yearly": 0,
            "eps_latest_yearly": 0,
            "eps_growth_yearly": 0
        },
        "20111": {
            "year_quarter": 20111,
            "year": 2011,
            "quarter": 1,
            "eps": null,
            "eps_growth_year": null,
            "eps_4q": null,
            "eps_4q_growth_year": null,
            "roe": null,
            "gross_profit": 205627,
            "gross_margin": null,
            "net_income": 82557,
            "revenue": 437508,
            "common_shares": 399411,
            "equity": 785958,
            "current_ratio": 418.75,
            "debt_ratio": 22.75,
            "inventory_turnover_ratio": null,
            "account_receivable_turnover_ratio": null,
            "reinvestment_rate": null,
            "research_to_sale_ratio": null,
            "price_fair": 0,
            "eps_avg_yearly": 0,
            "eps_latest_yearly": 0,
            "eps_growth_yearly": 0
        },
        "20112": {
            "year_quarter": 20112,
            "year": 2011,
            "quarter": 2,
            "eps": 2.13,
            "eps_growth_year": null,
            "eps_4q": 2.13,
            "eps_4q_growth_year": null,
            "roe": 10.61,
            "gross_profit": 234032,
            "gross_margin": 47.58,
            "net_income": 87718,
            "revenue": 491872,
            "common_shares": 411522,
            "equity": 867543,
            "current_ratio": 365.91,
            "debt_ratio": 26.08,
            "inventory_turnover_ratio": 2.84,
            "account_receivable_turnover_ratio": 3.24,
            "reinvestment_rate": null,
            "research_to_sale_ratio": null,
            "price_fair": 0,
            "eps_avg_yearly": 0,
            "eps_latest_yearly": 0,
            "eps_growth_yearly": 0
        },
        "20113": {
            "year_quarter": 20113,
            "year": 2011,
            "quarter": 3,
            "eps": 1.49,
            "eps_growth_year": null,
            "eps_4q": 3.21,
            "eps_4q_growth_year": null,
            "roe": 5.24,
            "gross_profit": 245681,
            "gross_margin": 47.68,
            "net_income": 76245,
            "revenue": 515233,
            "common_shares": 511578,
            "equity": 2041406,
            "current_ratio": 607.93,
            "debt_ratio": 15.99,
            "inventory_turnover_ratio": 2.13,
            "account_receivable_turnover_ratio": 1.67,
            "reinvestment_rate": null,
            "research_to_sale_ratio": 16.16,
            "price_fair": 17.88,
            "eps_avg_yearly": 5.96,
            "eps_latest_yearly": 5.96,
            "eps_growth_yearly": -120.19
        },
        "20114": {
            "year_quarter": 20114,
            "year": 2011,
            "quarter": 4,
            "eps": 4.03,
            "eps_growth_year": null,
            "eps_4q": 7.24,
            "eps_4q_growth_year": null,
            "roe": 9.62,
            "gross_profit": 432475,
            "gross_margin": 48.86,
            "net_income": 206167,
            "revenue": 885051,
            "common_shares": 511578,
            "equity": 2242614,
            "current_ratio": 448.72,
            "debt_ratio": 21.74,
            "inventory_turnover_ratio": 2.76,
            "account_receivable_turnover_ratio": 1.89,
            "reinvestment_rate": null,
            "research_to_sale_ratio": 11.08,
            "price_fair": 386.4,
            "eps_avg_yearly": 11.04,
            "eps_latest_yearly": 16.12,
            "eps_growth_yearly": 280.85
        },
        "20121": {
            "year_quarter": 20121,
            "year": 2012,
            "quarter": 1,
            "eps": 5.19,
            "eps_growth_year": null,
            "eps_4q": 12.42,
            "eps_4q_growth_year": null,
            "roe": 11.32,
            "gross_profit": 549966,
            "gross_margin": 52.07,
            "net_income": 265756,
            "revenue": 1056154,
            "common_shares": 512121,
            "equity": 2454514,
            "current_ratio": 427.26,
            "debt_ratio": 22.49,
            "inventory_turnover_ratio": 2.17,
            "account_receivable_turnover_ratio": 1.57,
            "reinvestment_rate": null,
            "research_to_sale_ratio": 12.37,
            "price_fair": 499.8,
            "eps_avg_yearly": 14.28,
            "eps_latest_yearly": 20.76,
            "eps_growth_yearly": 225.61
        },
        "20122": {
            "year_quarter": 20122,
            "year": 2012,
            "quarter": 2,
            "eps": 7.71,
            "eps_growth_year": 261.91,
            "eps_4q": 18.38,
            "eps_4q_growth_year": 762.42,
            "roe": 15.34,
            "gross_profit": 708380,
            "gross_margin": 51.92,
            "net_income": 396366,
            "revenue": 1364418,
            "common_shares": 513809,
            "equity": 2713401,
            "current_ratio": 332.35,
            "debt_ratio": 29,
            "inventory_turnover_ratio": 2.38,
            "account_receivable_turnover_ratio": 1.61,
            "reinvestment_rate": null,
            "research_to_sale_ratio": 9.11,
            "price_fair": 644.7,
            "eps_avg_yearly": 18.42,
            "eps_latest_yearly": 30.84,
            "eps_growth_yearly": 217.76
        },
        "20123": {
            "year_quarter": 20123,
            "year": 2012,
            "quarter": 3,
            "eps": 7.78,
            "eps_growth_year": 421.74,
            "eps_4q": 24.59,
            "eps_4q_growth_year": 667.25,
            "roe": 13.88,
            "gross_profit": 740328,
            "gross_margin": 51.56,
            "net_income": 401539,
            "revenue": 1435955,
            "common_shares": 516388,
            "equity": 3072746,
            "current_ratio": 391.6,
            "debt_ratio": 24.87,
            "inventory_turnover_ratio": 2.41,
            "account_receivable_turnover_ratio": 1.69,
            "reinvestment_rate": null,
            "research_to_sale_ratio": 10,
            "price_fair": 733.6,
            "eps_avg_yearly": 20.96,
            "eps_latest_yearly": 31.12,
            "eps_growth_yearly": 174.94
        },
        "20124": {
            "year_quarter": 20124,
            "year": 2012,
            "quarter": 4,
            "eps": 4.28,
            "eps_growth_year": 6.14,
            "eps_4q": 24.84,
            "eps_4q_growth_year": 243.36,
            "roe": 6.95,
            "gross_profit": 458273,
            "gross_margin": 49.59,
            "net_income": 221233,
            "revenue": 924149,
            "common_shares": 517215,
            "equity": 3289993,
            "current_ratio": 595.93,
            "debt_ratio": 16.33,
            "inventory_turnover_ratio": 1.85,
            "account_receivable_turnover_ratio": 1.31,
            "reinvestment_rate": null,
            "research_to_sale_ratio": 14.83,
            "price_fair": 711.2,
            "eps_avg_yearly": 20.32,
            "eps_latest_yearly": 17.12,
            "eps_growth_yearly": 115.79
        },
        "20131": {
            "year_quarter": 20131,
            "year": 2013,
            "quarter": 1,
            "eps": 0.95,
            "eps_growth_year": -81.7,
            "eps_4q": 20.51,
            "eps_4q_growth_year": 65.15,
            "roe": 1.46,
            "gross_profit": 287137,
            "gross_margin": 46.52,
            "net_income": 49161,
            "revenue": 617224,
            "common_shares": 521975,
            "equity": 3428837,
            "current_ratio": 637.06,
            "debt_ratio": 15.26,
            "inventory_turnover_ratio": 1.98,
            "account_receivable_turnover_ratio": 1.12,
            "reinvestment_rate": null,
            "research_to_sale_ratio": 23.51,
            "price_fair": 628.6,
            "eps_avg_yearly": 17.96,
            "eps_latest_yearly": 3.8,
            "eps_growth_yearly": 54.79
        },
        "20132": {
            "year_quarter": 20132,
            "year": 2013,
            "quarter": 2,
            "eps": 2.26,
            "eps_growth_year": -70.7,
            "eps_4q": 10.68,
            "eps_4q_growth_year": -41.9,
            "roe": 3.44,
            "gross_profit": 380275,
            "gross_margin": 46.9,
            "net_income": 118166,
            "revenue": 810770,
            "common_shares": 526386,
            "equity": 3438893,
            "current_ratio": 399.85,
            "debt_ratio": 24.1,
            "inventory_turnover_ratio": 2.51,
            "account_receivable_turnover_ratio": 1.67,
            "reinvestment_rate": null,
            "research_to_sale_ratio": 19.28,
            "price_fair": 589.58,
            "eps_avg_yearly": 16.85,
            "eps_latest_yearly": 9.04,
            "eps_growth_yearly": 116.89
        },
        "20133": {
            "year_quarter": 20133,
            "year": 2013,
            "quarter": 3,
            "eps": 2.34,
            "eps_growth_year": -69.91,
            "eps_4q": 7.53,
            "eps_4q_growth_year": -69.36,
            "roe": 4.96,
            "gross_profit": 502584,
            "gross_margin": 42.87,
            "net_income": 174039,
            "revenue": 1172210,
            "common_shares": 746765,
            "equity": 3584045,
            "current_ratio": 403.3,
            "debt_ratio": 23.98,
            "inventory_turnover_ratio": 2.63,
            "account_receivable_turnover_ratio": 1.67,
            "reinvestment_rate": null,
            "research_to_sale_ratio": 17.24,
            "price_fair": 560.47,
            "eps_avg_yearly": 16.01,
            "eps_latest_yearly": 9.36,
            "eps_growth_yearly": 105.47
        },
        "20134": {
            "year_quarter": 20134,
            "year": 2013,
            "quarter": 4,
            "eps": 4.52,
            "eps_growth_year": 5.68,
            "eps_4q": 9.09,
            "eps_4q_growth_year": -63.42,
            "roe": 8.92,
            "gross_profit": 661828,
            "gross_margin": 41.06,
            "net_income": 337784,
            "revenue": 1611824,
            "common_shares": 747257,
            "equity": 3993781,
            "current_ratio": 487.36,
            "debt_ratio": 19.84,
            "inventory_turnover_ratio": 3.56,
            "account_receivable_turnover_ratio": 1.72,
            "reinvestment_rate": 2.54,
            "research_to_sale_ratio": 10.48,
            "price_fair": 567.7,
            "eps_avg_yearly": 16.22,
            "eps_latest_yearly": 18.08,
            "eps_growth_yearly": 132.19
        },
        "20141": {
            "year_quarter": 20141,
            "year": 2014,
            "quarter": 1,
            "eps": 3.47,
            "eps_growth_year": 265.26,
            "eps_4q": 11.9,
            "eps_4q_growth_year": -41.99,
            "roe": 6.2,
            "gross_profit": 559211,
            "gross_margin": 41.49,
            "net_income": 257590,
            "revenue": 1347943,
            "common_shares": 747797,
            "equity": 4314903,
            "current_ratio": 452.44,
            "debt_ratio": 21.47,
            "inventory_turnover_ratio": 2.29,
            "account_receivable_turnover_ratio": 1.39,
            "reinvestment_rate": 2.12,
            "research_to_sale_ratio": 12.3,
            "price_fair": 560.25,
            "eps_avg_yearly": 16.01,
            "eps_latest_yearly": 13.88,
            "eps_growth_yearly": 111.73
        },
        "20142": {
            "year_quarter": 20142,
            "year": 2014,
            "quarter": 2,
            "eps": 3.75,
            "eps_growth_year": 65.93,
            "eps_4q": 13.99,
            "eps_4q_growth_year": 30.94,
            "roe": 6.41,
            "gross_profit": 584810,
            "gross_margin": 41.47,
            "net_income": 277787,
            "revenue": 1410129,
            "common_shares": 748802,
            "equity": 4358439,
            "current_ratio": 365.34,
            "debt_ratio": 26.7,
            "inventory_turnover_ratio": 1.49,
            "account_receivable_turnover_ratio": 1.55,
            "reinvestment_rate": 1.76,
            "research_to_sale_ratio": 12.54,
            "price_fair": 557.32,
            "eps_avg_yearly": 15.92,
            "eps_latest_yearly": 15,
            "eps_growth_yearly": 105.1
        },
        "20143": {
            "year_quarter": 20143,
            "year": 2014,
            "quarter": 3,
            "eps": 5.13,
            "eps_growth_year": 119.23,
            "eps_4q": 16.65,
            "eps_4q_growth_year": 120.96,
            "roe": 8.27,
            "gross_profit": 737711,
            "gross_margin": 41.68,
            "net_income": 381761,
            "revenue": 1769977,
            "common_shares": 753865,
            "equity": 4871164,
            "current_ratio": 469.06,
            "debt_ratio": 20.7,
            "inventory_turnover_ratio": 1.46,
            "account_receivable_turnover_ratio": 1.65,
            "reinvestment_rate": 2.66,
            "research_to_sale_ratio": 10.87,
            "price_fair": 569.69,
            "eps_avg_yearly": 16.28,
            "eps_latest_yearly": 20.52,
            "eps_growth_yearly": 108.34
        },
        "20144": {
            "year_quarter": 20144,
            "year": 2014,
            "quarter": 4,
            "eps": 4.09,
            "eps_growth_year": -9.53,
            "eps_4q": 16.24,
            "eps_4q_growth_year": 78.72,
            "roe": 6,
            "gross_profit": 687465,
            "gross_margin": 40.5,
            "net_income": 308605,
            "revenue": 1697242,
            "common_shares": 754604,
            "equity": 5421505,
            "current_ratio": 574.9,
            "debt_ratio": 16.92,
            "inventory_turnover_ratio": 1.68,
            "account_receivable_turnover_ratio": 1.45,
            "reinvestment_rate": 2.59,
            "research_to_sale_ratio": 11.62,
            "price_fair": 569.9,
            "eps_avg_yearly": 16.28,
            "eps_latest_yearly": 16.36,
            "eps_growth_yearly": 94.81
        },
        "20151": {
            "year_quarter": 20151,
            "year": 2015,
            "quarter": 1,
            "eps": 3.42,
            "eps_growth_year": -1.44,
            "eps_4q": 16.25,
            "eps_4q_growth_year": 36.64,
            "roe": 4.65,
            "gross_profit": 612154,
            "gross_margin": 40.33,
            "net_income": 255254,
            "revenue": 1517857,
            "common_shares": 755192,
            "equity": 5565119,
            "current_ratio": 495.67,
            "debt_ratio": 19.6,
            "inventory_turnover_ratio": 1.95,
            "account_receivable_turnover_ratio": 1.43,
            "reinvestment_rate": 2.75,
            "research_to_sale_ratio": 12.72,
            "price_fair": 563.83,
            "eps_avg_yearly": 16.11,
            "eps_latest_yearly": 13.68,
            "eps_growth_yearly": 84.12
        },
        "20152": {
            "year_quarter": 20152,
            "year": 2015,
            "quarter": 2,
            "eps": 3.63,
            "eps_growth_year": -3.2,
            "eps_4q": 16.1,
            "eps_4q_growth_year": 15.15,
            "roe": 4.9,
            "gross_profit": 627360,
            "gross_margin": 41.26,
            "net_income": 270691,
            "revenue": 1520525,
            "common_shares": 755326,
            "equity": 5478940,
            "current_ratio": 417.15,
            "debt_ratio": 23.36,
            "inventory_turnover_ratio": 1.69,
            "account_receivable_turnover_ratio": 1.62,
            "reinvestment_rate": 2.17,
            "research_to_sale_ratio": 12.76,
            "price_fair": 560.35,
            "eps_avg_yearly": 16.01,
            "eps_latest_yearly": 14.52,
            "eps_growth_yearly": 80.4
        },
        "20153": {
            "year_quarter": 20153,
            "year": 2015,
            "quarter": 3,
            "eps": 4.28,
            "eps_growth_year": -16.57,
            "eps_4q": 15.2,
            "eps_4q_growth_year": -8.67,
            "roe": 5.5,
            "gross_profit": 777802,
            "gross_margin": 40,
            "net_income": 320935,
            "revenue": 1944347,
            "common_shares": 760553,
            "equity": 6181405,
            "current_ratio": 292.62,
            "debt_ratio": 19.76,
            "inventory_turnover_ratio": 1.78,
            "account_receivable_turnover_ratio": 1.86,
            "reinvestment_rate": 2.55,
            "research_to_sale_ratio": 15.18,
            "price_fair": 584.76,
            "eps_avg_yearly": 16.71,
            "eps_latest_yearly": 17.12,
            "eps_growth_yearly": 92.39
        },
        "20154": {
            "year_quarter": 20154,
            "year": 2015,
            "quarter": 4,
            "eps": 3.92,
            "eps_growth_year": -4.14,
            "eps_4q": 15.08,
            "eps_4q_growth_year": -7.15,
            "roe": 4.71,
            "gross_profit": 882902,
            "gross_margin": 40.01,
            "net_income": 297466,
            "revenue": 2206742,
            "common_shares": 760751,
            "equity": 6461246,
            "current_ratio": 281.86,
            "debt_ratio": 21.6,
            "inventory_turnover_ratio": 1.95,
            "account_receivable_turnover_ratio": 1.76,
            "reinvestment_rate": 2.18,
            "research_to_sale_ratio": 15.82,
            "price_fair": 583.8,
            "eps_avg_yearly": 16.68,
            "eps_latest_yearly": 15.68,
            "eps_growth_yearly": 47.67
        },
        "20161": {
            "year_quarter": 20161,
            "year": 2016,
            "quarter": 1,
            "eps": 4.77,
            "eps_growth_year": 39.47,
            "eps_4q": 16.43,
            "eps_4q_growth_year": 1.08,
            "roe": 5.43,
            "gross_profit": 962898,
            "gross_margin": 41.14,
            "net_income": 357544,
            "revenue": 2340738,
            "common_shares": 760750,
            "equity": 6715838,
            "current_ratio": 280.78,
            "debt_ratio": 22.85,
            "inventory_turnover_ratio": 1.89,
            "account_receivable_turnover_ratio": 1.8,
            "reinvestment_rate": 2.07,
            "research_to_sale_ratio": 15.34,
            "price_fair": 580.13,
            "eps_avg_yearly": 16.58,
            "eps_latest_yearly": 19.08,
            "eps_growth_yearly": 45.89
        },
        "20162": {
            "year_quarter": 20162,
            "year": 2016,
            "quarter": 2,
            "eps": 4.66,
            "eps_growth_year": 28.37,
            "eps_4q": 17.45,
            "eps_4q_growth_year": 8.37,
            "roe": 5.19,
            "gross_profit": 912994,
            "gross_margin": 40.94,
            "net_income": 348988,
            "revenue": 2229934,
            "common_shares": 761228,
            "equity": 6728857,
            "current_ratio": 256.5,
            "debt_ratio": 25.21,
            "inventory_turnover_ratio": 1.53,
            "account_receivable_turnover_ratio": 1.81,
            "reinvestment_rate": 1.72,
            "research_to_sale_ratio": 16.07,
            "price_fair": 553.44,
            "eps_avg_yearly": 15.81,
            "eps_latest_yearly": 18.64,
            "eps_growth_yearly": 33.18
        },
        "20163": {
            "year_quarter": 20163,
            "year": 2016,
            "quarter": 3,
            "eps": 4.03,
            "eps_growth_year": -5.84,
            "eps_4q": 16.91,
            "eps_4q_growth_year": 11.22,
            "roe": 4.44,
            "gross_profit": 876955,
            "gross_margin": 41.98,
            "net_income": 303315,
            "revenue": 2089160,
            "common_shares": 773188,
            "equity": 6924409,
            "current_ratio": 307.34,
            "debt_ratio": 20.46,
            "inventory_turnover_ratio": 1.46,
            "account_receivable_turnover_ratio": 1.75,
            "reinvestment_rate": 1.22,
            "research_to_sale_ratio": 17.16,
            "price_fair": 520.63,
            "eps_avg_yearly": 14.88,
            "eps_latest_yearly": 16.12,
            "eps_growth_yearly": 29.57
        },
        "20164": {
            "year_quarter": 20164,
            "year": 2016,
            "quarter": 4,
            "eps": 4.48,
            "eps_growth_year": 14.26,
            "eps_4q": 17.54,
            "eps_4q_growth_year": 16.32,
            "roe": 4.8,
            "gross_profit": 986573,
            "gross_margin": 40.32,
            "net_income": 346289,
            "revenue": 2446822,
            "common_shares": 773049,
            "equity": 7501832,
            "current_ratio": 282.52,
            "debt_ratio": 23.9,
            "inventory_turnover_ratio": 1.79,
            "account_receivable_turnover_ratio": 1.75,
            "reinvestment_rate": 1.28,
            "research_to_sale_ratio": 14.56,
            "price_fair": 522.38,
            "eps_avg_yearly": 14.93,
            "eps_latest_yearly": 17.92,
            "eps_growth_yearly": 43.61
        },
        "20171": {
            "year_quarter": 20171,
            "year": 2017,
            "quarter": 1,
            "eps": 4.92,
            "eps_growth_year": 3.14,
            "eps_4q": 17.72,
            "eps_4q_growth_year": 7.85,
            "roe": 4.97,
            "gross_profit": 940692,
            "gross_margin": 40,
            "net_income": 371567,
            "revenue": 2351687,
            "common_shares": 773321,
            "equity": 7460828,
            "current_ratio": 291.8,
            "debt_ratio": 23.68,
            "inventory_turnover_ratio": 1.38,
            "account_receivable_turnover_ratio": 1.63,
            "reinvestment_rate": 1.51,
            "research_to_sale_ratio": 14.59,
            "price_fair": 557.11,
            "eps_avg_yearly": 15.92,
            "eps_latest_yearly": 19.68,
            "eps_growth_yearly": 65.52
        },
        "20172": {
            "year_quarter": 20172,
            "year": 2017,
            "quarter": 2,
            "eps": 5.95,
            "eps_growth_year": 27.68,
            "eps_4q": 19.03,
            "eps_4q_growth_year": 9.08,
            "roe": 6.1,
            "gross_profit": 1043628,
            "gross_margin": 40.14,
            "net_income": 448603,
            "revenue": 2599780,
            "common_shares": 773946,
            "equity": 7237081,
            "current_ratio": 241.7,
            "debt_ratio": 29.38,
            "inventory_turnover_ratio": 1.27,
            "account_receivable_turnover_ratio": 1.99,
            "reinvestment_rate": 1.43,
            "research_to_sale_ratio": 13.13,
            "price_fair": 589.4,
            "eps_avg_yearly": 16.84,
            "eps_latest_yearly": 23.8,
            "eps_growth_yearly": 36.28
        },
        "20173": {
            "year_quarter": 20173,
            "year": 2017,
            "quarter": 3,
            "eps": 8.89,
            "eps_growth_year": 120.6,
            "eps_4q": 23.5,
            "eps_4q_growth_year": 38.96,
            "roe": 8.85,
            "gross_profit": 1127360,
            "gross_margin": 41.1,
            "net_income": 674597,
            "revenue": 2743199,
            "common_shares": 783562,
            "equity": 8011701,
            "current_ratio": 339.36,
            "debt_ratio": 20.64,
            "inventory_turnover_ratio": 1.38,
            "account_receivable_turnover_ratio": 2,
            "reinvestment_rate": 2.83,
            "research_to_sale_ratio": 12.47,
            "price_fair": 646.71,
            "eps_avg_yearly": 18.48,
            "eps_latest_yearly": 35.56,
            "eps_growth_yearly": 47.74
        },
        "20174": {
            "year_quarter": 20174,
            "year": 2017,
            "quarter": 4,
            "eps": 5.57,
            "eps_growth_year": 24.45,
            "eps_4q": 24.65,
            "eps_4q_growth_year": 40.49,
            "roe": 5.33,
            "gross_profit": 1075509,
            "gross_margin": 40.48,
            "net_income": 436942,
            "revenue": 2657137,
            "common_shares": 783766,
            "equity": 8378412,
            "current_ratio": 344.56,
            "debt_ratio": 20.9,
            "inventory_turnover_ratio": 1.5,
            "account_receivable_turnover_ratio": 1.75,
            "reinvestment_rate": 3.01,
            "research_to_sale_ratio": 13.64,
            "price_fair": 470.69,
            "eps_avg_yearly": 18.74,
            "eps_latest_yearly": 22.28,
            "eps_growth_yearly": 15.12
        },
        "20181": {
            "year_quarter": 20181,
            "year": 2018,
            "quarter": 1,
            "eps": 5.3,
            "eps_growth_year": 7.72,
            "eps_4q": 25.04,
            "eps_4q_growth_year": 41.33,
            "roe": 4.75,
            "gross_profit": 965104,
            "gross_margin": 40.84,
            "net_income": 404648,
            "revenue": 2363141,
            "common_shares": 784525,
            "equity": 8676721,
            "current_ratio": 398.44,
            "debt_ratio": 18.34,
            "inventory_turnover_ratio": 1.23,
            "account_receivable_turnover_ratio": 1.51,
            "reinvestment_rate": 2.77,
            "research_to_sale_ratio": 15.13,
            "price_fair": 570.41,
            "eps_avg_yearly": 19.2,
            "eps_latest_yearly": 21.2,
            "eps_growth_yearly": 19.71
        },
        "20182": {
            "year_quarter": 20182,
            "year": 2018,
            "quarter": 2,
            "eps": 4.8,
            "eps_growth_year": -19.33,
            "eps_4q": 24.05,
            "eps_4q_growth_year": 26.35,
            "roe": 4.29,
            "gross_profit": 924340,
            "gross_margin": 41.03,
            "net_income": 366818,
            "revenue": 2252718,
            "common_shares": 784606,
            "equity": 8440325,
            "current_ratio": 289.05,
            "debt_ratio": 25.68,
            "inventory_turnover_ratio": 1.05,
            "account_receivable_turnover_ratio": 1.54,
            "reinvestment_rate": 2.76,
            "research_to_sale_ratio": 16.98,
            "price_fair": 493.05,
            "eps_avg_yearly": 19.46,
            "eps_latest_yearly": 19.2,
            "eps_growth_yearly": 15.34
        },
        "20183": {
            "year_quarter": 20183,
            "year": 2018,
            "quarter": 3,
            "eps": 6.57,
            "eps_growth_year": -26.1,
            "eps_4q": 21.69,
            "eps_4q_growth_year": -7.68,
            "roe": 5.76,
            "gross_profit": 1100456,
            "gross_margin": 41.93,
            "net_income": 505556,
            "revenue": 2624695,
            "common_shares": 790158,
            "equity": 9111418,
            "current_ratio": 419.67,
            "debt_ratio": 17.54,
            "inventory_turnover_ratio": 1.37,
            "account_receivable_turnover_ratio": 1.72,
            "reinvestment_rate": 2.18,
            "research_to_sale_ratio": 15.11,
            "price_fair": 502.55,
            "eps_avg_yearly": 19.82,
            "eps_latest_yearly": 26.28,
            "eps_growth_yearly": 15.36
        },
        "20184": {
            "year_quarter": 20184,
            "year": 2018,
            "quarter": 4,
            "eps": 8.82,
            "eps_growth_year": 58.17,
            "eps_4q": 25.08,
            "eps_4q_growth_year": 1.77,
            "roe": 7.35,
            "gross_profit": 1308844,
            "gross_margin": 41.91,
            "net_income": 692340,
            "revenue": 3123334,
            "common_shares": 790147,
            "equity": 9721494,
            "current_ratio": 391.85,
            "debt_ratio": 19.22,
            "inventory_turnover_ratio": 1.77,
            "account_receivable_turnover_ratio": 2,
            "reinvestment_rate": 3.19,
            "research_to_sale_ratio": 12.54,
            "price_fair": 735.09,
            "eps_avg_yearly": 21,
            "eps_latest_yearly": 35.28,
            "eps_growth_yearly": 28.99
        },
        "20191": {
            "year_quarter": 20191,
            "year": 2019,
            "quarter": 1,
            "eps": 7.42,
            "eps_growth_year": 40,
            "eps_4q": 27.19,
            "eps_4q_growth_year": 8.56,
            "roe": 5.69,
            "gross_profit": 1209807,
            "gross_margin": 41.87,
            "net_income": 573137,
            "revenue": 2889378,
            "common_shares": 791299,
            "equity": 10411829,
            "current_ratio": 457.91,
            "debt_ratio": 17.47,
            "inventory_turnover_ratio": 1.53,
            "account_receivable_turnover_ratio": 1.92,
            "reinvestment_rate": 2.44,
            "research_to_sale_ratio": 13.64,
            "price_fair": 770.09,
            "eps_avg_yearly": 22,
            "eps_latest_yearly": 29.68,
            "eps_growth_yearly": 29.11
        },
        "20192": {
            "year_quarter": 20192,
            "year": 2019,
            "quarter": 2,
            "eps": 7.1,
            "eps_growth_year": 47.92,
            "eps_4q": 29.45,
            "eps_4q_growth_year": 22.44,
            "roe": 5.33,
            "gross_profit": 1186485,
            "gross_margin": 42.01,
            "net_income": 547014,
            "revenue": 2824499,
            "common_shares": 792144,
            "equity": 10119764,
            "current_ratio": 305.57,
            "debt_ratio": 26.32,
            "inventory_turnover_ratio": 1.46,
            "account_receivable_turnover_ratio": 1.91,
            "reinvestment_rate": 2.18,
            "research_to_sale_ratio": 14.72,
            "price_fair": 800.45,
            "eps_avg_yearly": 22.87,
            "eps_latest_yearly": 28.4,
            "eps_growth_yearly": 26.5
        },
        "20193": {
            "year_quarter": 20193,
            "year": 2019,
            "quarter": 3,
            "eps": 8.86,
            "eps_growth_year": 34.86,
            "eps_4q": 31.31,
            "eps_4q_growth_year": 44.35,
            "roe": 6.47,
            "gross_profit": 1359186,
            "gross_margin": 42.94,
            "net_income": 682191,
            "revenue": 3165157,
            "common_shares": 799222,
            "equity": 10974085,
            "current_ratio": 443.84,
            "debt_ratio": 18.4,
            "inventory_turnover_ratio": 1.71,
            "account_receivable_turnover_ratio": 2.17,
            "reinvestment_rate": 1.45,
            "research_to_sale_ratio": 13.33,
            "price_fair": 840.53,
            "eps_avg_yearly": 24.02,
            "eps_latest_yearly": 35.44,
            "eps_growth_yearly": 28.22
        },
        "20194": {
            "year_quarter": 20194,
            "year": 2019,
            "quarter": 4,
            "eps": 7.93,
            "eps_growth_year": -10.12,
            "eps_4q": 30.55,
            "eps_4q_growth_year": 21.79,
            "roe": 5.68,
            "gross_profit": 1288133,
            "gross_margin": 43.94,
            "net_income": 631417,
            "revenue": 2931558,
            "common_shares": 799205,
            "equity": 11259797,
            "current_ratio": 450.47,
            "debt_ratio": 18.24,
            "inventory_turnover_ratio": 1.73,
            "account_receivable_turnover_ratio": 2.12,
            "reinvestment_rate": 1.55,
            "research_to_sale_ratio": 14.52,
            "price_fair": 875.61,
            "eps_avg_yearly": 25.02,
            "eps_latest_yearly": 31.72,
            "eps_growth_yearly": 27.7
        },
        "20201": {
            "year_quarter": 20201,
            "year": 2020,
            "quarter": 1,
            "eps": 8,
            "eps_growth_year": 7.82,
            "eps_4q": 31.16,
            "eps_4q_growth_year": 14.59,
            "roe": 5.34,
            "gross_profit": 1321776,
            "gross_margin": 44.63,
            "net_income": 622891,
            "revenue": 2961629,
            "common_shares": 799611,
            "equity": 12066643,
            "current_ratio": 500.84,
            "debt_ratio": 16.67,
            "inventory_turnover_ratio": 1.73,
            "account_receivable_turnover_ratio": 2.29,
            "reinvestment_rate": 1.64,
            "research_to_sale_ratio": 14.13,
            "price_fair": 839.27,
            "eps_avg_yearly": 25.83,
            "eps_latest_yearly": 32,
            "eps_growth_yearly": 22.5
        },
        "20202": {
            "year_quarter": 20202,
            "year": 2020,
            "quarter": 2,
            "eps": 10.81,
            "eps_growth_year": 52.25,
            "eps_4q": 34.86,
            "eps_4q_growth_year": 18.36,
            "roe": 7.15,
            "gross_profit": 1608233,
            "gross_margin": 44.27,
            "net_income": 843563,
            "revenue": 3632919,
            "common_shares": 800100,
            "equity": 11520888,
            "current_ratio": 297.05,
            "debt_ratio": 25.56,
            "inventory_turnover_ratio": 2.09,
            "account_receivable_turnover_ratio": 2.35,
            "reinvestment_rate": 1.79,
            "research_to_sale_ratio": 12.5,
            "price_fair": 957.69,
            "eps_avg_yearly": 27.36,
            "eps_latest_yearly": 43.24,
            "eps_growth_yearly": 31.86
        },
        "20203": {
            "year_quarter": 20203,
            "year": 2020,
            "quarter": 3,
            "eps": 13.8,
            "eps_growth_year": 55.76,
            "eps_4q": 39.38,
            "eps_4q_growth_year": 25.76,
            "roe": 8.91,
            "gross_profit": 1945862,
            "gross_margin": 44.01,
            "net_income": 1082172,
            "revenue": 4421777,
            "common_shares": 807581,
            "equity": 12769229,
            "current_ratio": 418.36,
            "debt_ratio": 18.34,
            "inventory_turnover_ratio": 2.35,
            "account_receivable_turnover_ratio": 2.55,
            "reinvestment_rate": 2.52,
            "research_to_sale_ratio": 10.95,
            "price_fair": 1043.18,
            "eps_avg_yearly": 29.81,
            "eps_latest_yearly": 55.2,
            "eps_growth_yearly": 42.15
        },
        "20204": {
            "year_quarter": 20204,
            "year": 2020,
            "quarter": 4,
            "eps": 11.87,
            "eps_growth_year": 49.8,
            "eps_4q": 43.48,
            "eps_4q_growth_year": 42.34,
            "roe": 7.52,
            "gross_profit": 1856109,
            "gross_margin": 43.54,
            "net_income": 957170,
            "revenue": 4263263,
            "common_shares": 807803,
            "equity": 12683694,
            "current_ratio": 328.7,
            "debt_ratio": 23.45,
            "inventory_turnover_ratio": 1.76,
            "account_receivable_turnover_ratio": 2.55,
            "reinvestment_rate": 2.28,
            "research_to_sale_ratio": 11.53,
            "price_fair": 1107.84,
            "eps_avg_yearly": 31.65,
            "eps_latest_yearly": 47.48,
            "eps_growth_yearly": 35.86
        },
        "20211": {
            "year_quarter": 20211,
            "year": 2021,
            "quarter": 1,
            "eps": 13.13,
            "eps_growth_year": 64.12,
            "eps_4q": 48.69,
            "eps_4q_growth_year": 56.28,
            "roe": 7.87,
            "gross_profit": 1957418,
            "gross_margin": 45.06,
            "net_income": 1033659,
            "revenue": 4343653,
            "common_shares": 808125,
            "equity": 13594574,
            "current_ratio": 451.82,
            "debt_ratio": 17.26,
            "inventory_turnover_ratio": 1.43,
            "account_receivable_turnover_ratio": 2.71,
            "reinvestment_rate": 2.83,
            "research_to_sale_ratio": 11.43,
            "price_fair": 1179.68,
            "eps_avg_yearly": 33.71,
            "eps_latest_yearly": 52.52,
            "eps_growth_yearly": 36.06
        },
        "20212": {
            "year_quarter": 20212,
            "year": 2021,
            "quarter": 2,
            "eps": 15.98,
            "eps_growth_year": 47.83,
            "eps_4q": 53.67,
            "eps_4q_growth_year": 53.98,
            "roe": 9.16,
            "gross_profit": 2335965,
            "gross_margin": 47.64,
            "net_income": 1261026,
            "revenue": 4903589,
            "common_shares": 808705,
            "equity": 13950336,
            "current_ratio": 299.34,
            "debt_ratio": 22.94,
            "inventory_turnover_ratio": 1.51,
            "account_receivable_turnover_ratio": 3,
            "reinvestment_rate": 2.6,
            "research_to_sale_ratio": 10.89,
            "price_fair": 1267.44,
            "eps_avg_yearly": 36.21,
            "eps_latest_yearly": 63.92,
            "eps_growth_yearly": 36.25
        },
        "20213": {
            "year_quarter": 20213,
            "year": 2021,
            "quarter": 3,
            "eps": 18.71,
            "eps_growth_year": 35.58,
            "eps_4q": 58.67,
            "eps_4q_growth_year": 48.99,
            "roe": 10.08,
            "gross_profit": 2622638,
            "gross_margin": 49.1,
            "net_income": 1485974,
            "revenue": 5341284,
            "common_shares": 808705,
            "equity": 15523379,
            "current_ratio": 402.32,
            "debt_ratio": 17.58,
            "inventory_turnover_ratio": 1.57,
            "account_receivable_turnover_ratio": 3.17,
            "reinvestment_rate": 2.12,
            "research_to_sale_ratio": 10.37,
            "price_fair": 1353.36,
            "eps_avg_yearly": 38.67,
            "eps_latest_yearly": 74.84,
            "eps_growth_yearly": 28.17
        },
        "20214": {
            "year_quarter": 20214,
            "year": 2021,
            "quarter": 4,
            "eps": 18.29,
            "eps_growth_year": 54.04,
            "eps_4q": 65.52,
            "eps_4q_growth_year": 50.67,
            "roe": 9.76,
            "gross_profit": 2615346,
            "gross_margin": 48.38,
            "net_income": 1463848,
            "revenue": 5406120,
            "common_shares": 808638,
            "equity": 14462170,
            "current_ratio": 277.42,
            "debt_ratio": 25.4,
            "inventory_turnover_ratio": 1.44,
            "account_receivable_turnover_ratio": 3.46,
            "reinvestment_rate": 1.72,
            "research_to_sale_ratio": 10.51,
            "price_fair": 1464.66,
            "eps_avg_yearly": 41.85,
            "eps_latest_yearly": 73.16,
            "eps_growth_yearly": 36.95
        },
        "20221": {
            "year_quarter": 20221,
            "year": 2022,
            "quarter": 1,
            "eps": 20.91,
            "eps_growth_year": 59.25,
            "eps_4q": 72.85,
            "eps_4q_growth_year": 49.62,
            "roe": 10.47,
            "gross_profit": 2820692,
            "gross_margin": 47.82,
            "net_income": 1656635,
            "revenue": 5898143,
            "common_shares": 811956,
            "equity": 17196013,
            "current_ratio": 413.59,
            "debt_ratio": 17.49,
            "inventory_turnover_ratio": 1.29,
            "account_receivable_turnover_ratio": 3.93,
            "reinvestment_rate": 1.81,
            "research_to_sale_ratio": 10.07,
            "price_fair": 1601.25,
            "eps_avg_yearly": 45.75,
            "eps_latest_yearly": 83.64,
            "eps_growth_yearly": 41.74
        },
        "20222": {
            "year_quarter": 20222,
            "year": 2022,
            "quarter": 2,
            "eps": 22.51,
            "eps_growth_year": 40.86,
            "eps_4q": 79.16,
            "eps_4q_growth_year": 47.5,
            "roe": 10.01,
            "gross_profit": 3015494,
            "gross_margin": 47.24,
            "net_income": 1795223,
            "revenue": 6383951,
            "common_shares": 811895,
            "equity": 18681737,
            "current_ratio": 305.97,
            "debt_ratio": 24.53,
            "inventory_turnover_ratio": 1.14,
            "account_receivable_turnover_ratio": 3.42,
            "reinvestment_rate": 1.81,
            "research_to_sale_ratio": 9.91,
            "price_fair": 1756.21,
            "eps_avg_yearly": 50.18,
            "eps_latest_yearly": 90.04,
            "eps_growth_yearly": 46.01
        },
        "20223": {
            "year_quarter": 20223,
            "year": 2022,
            "quarter": 3,
            "eps": 12.38,
            "eps_growth_year": -33.83,
            "eps_4q": 73.05,
            "eps_4q_growth_year": 24.52,
            "roe": 4.99,
            "gross_profit": 2078533,
            "gross_margin": 45.27,
            "net_income": 992251,
            "revenue": 4591744,
            "common_shares": 811962,
            "equity": 21103061,
            "current_ratio": 392.25,
            "debt_ratio": 16.58,
            "inventory_turnover_ratio": 0.67,
            "account_receivable_turnover_ratio": 2.4,
            "reinvestment_rate": 1.79,
            "research_to_sale_ratio": 13.96,
            "price_fair": 1807.05,
            "eps_avg_yearly": 51.63,
            "eps_latest_yearly": 49.52,
            "eps_growth_yearly": 25.54
        },
        "20224": {
            "year_quarter": 20224,
            "year": 2022,
            "quarter": 4,
            "eps": 5.76,
            "eps_growth_year": -68.51,
            "eps_4q": 62.11,
            "eps_4q_growth_year": -5.2,
            "roe": 2.34,
            "gross_profit": 1401021,
            "gross_margin": 44.04,
            "net_income": 454210,
            "revenue": 3181446,
            "common_shares": 811913,
            "equity": 17731109,
            "current_ratio": 308.28,
            "debt_ratio": 19.67,
            "inventory_turnover_ratio": 0.41,
            "account_receivable_turnover_ratio": 2.3,
            "reinvestment_rate": 1.05,
            "research_to_sale_ratio": 19.79,
            "price_fair": 692.39,
            "eps_avg_yearly": 50.87,
            "eps_latest_yearly": 23.04,
            "eps_growth_yearly": 3.61
        },
        "20231": {
            "year_quarter": 20231,
            "year": 2023,
            "quarter": 1,
            "eps": 4.51,
            "eps_growth_year": -78.43,
            "eps_4q": 45.43,
            "eps_4q_growth_year": -37.64,
            "roe": 1.96,
            "gross_profit": 1338915,
            "gross_margin": 44.05,
            "net_income": 353291,
            "revenue": 3039712,
            "common_shares": 811832,
            "equity": 18287761,
            "current_ratio": 557.4,
            "debt_ratio": 10.76,
            "inventory_turnover_ratio": 0.4,
            "account_receivable_turnover_ratio": 2.41,
            "reinvestment_rate": 1.13,
            "research_to_sale_ratio": 19.89,
            "price_fair": 609.43,
            "eps_avg_yearly": 50.14,
            "eps_latest_yearly": 18.04,
            "eps_growth_yearly": 2.16
        }
    },
    "months": {
        "2011-09": {
            "month": "2011-09",
            "price": "280.61",
            "revenue": 215841
        },
        "2011-10": {
            "month": "2011-10",
            "price": "309.15",
            "revenue": 215055
        },
        "2011-11": {
            "month": "2011-11",
            "price": "275.07",
            "revenue": 318686
        },
        "2011-12": {
            "month": "2011-12",
            "price": "326.36",
            "revenue": 362371
        },
        "2012-01": {
            "month": "2012-01",
            "price": "376.97",
            "revenue": 339827
        },
        "2012-02": {
            "month": "2012-02",
            "price": "427.38",
            "revenue": 349048
        },
        "2012-03": {
            "month": "2012-03",
            "price": "424.46",
            "revenue": 366997
        },
        "2012-04": {
            "month": "2012-04",
            "price": "355.85",
            "revenue": 376669
        },
        "2012-05": {
            "month": "2012-05",
            "price": "386.11",
            "revenue": 445634
        },
        "2012-06": {
            "month": "2012-06",
            "price": "396.67",
            "revenue": 543685
        },
        "2012-07": {
            "month": "2012-07",
            "price": "370.18",
            "revenue": 549131
        },
        "2012-08": {
            "month": "2012-08",
            "price": "331.59",
            "revenue": 472381
        },
        "2012-09": {
            "month": "2012-09",
            "price": "353.85",
            "revenue": 415501
        },
        "2012-10": {
            "month": "2012-10",
            "price": "310.89",
            "revenue": 310776
        },
        "2012-11": {
            "month": "2012-11",
            "price": "233.02",
            "revenue": 351847
        },
        "2012-12": {
            "month": "2012-12",
            "price": "226.81",
            "revenue": 261643
        },
        "2013-01": {
            "month": "2013-01",
            "price": "248.86",
            "revenue": 211909
        },
        "2013-02": {
            "month": "2013-02",
            "price": "250.81",
            "revenue": 204474
        },
        "2013-03": {
            "month": "2013-03",
            "price": "279.81",
            "revenue": 200651
        },
        "2013-04": {
            "month": "2013-04",
            "price": "267.05",
            "revenue": 263294
        },
        "2013-05": {
            "month": "2013-05",
            "price": "284.20",
            "revenue": 274584
        },
        "2013-06": {
            "month": "2013-06",
            "price": "259.97",
            "revenue": 272982
        },
        "2013-07": {
            "month": "2013-07",
            "price": "235.02",
            "revenue": 296476
        },
        "2013-08": {
            "month": "2013-08",
            "price": "262.67",
            "revenue": 370317
        },
        "2013-09": {
            "month": "2013-09",
            "price": "213.52",
            "revenue": 504292
        },
        "2013-10": {
            "month": "2013-10",
            "price": "213.45",
            "revenue": 498700
        },
        "2013-11": {
            "month": "2013-11",
            "price": "177.93",
            "revenue": 565894
        },
        "2013-12": {
            "month": "2013-12",
            "price": "195.02",
            "revenue": 547596
        },
        "2014-01": {
            "month": "2014-01",
            "price": "235.00",
            "revenue": 549223
        },
        "2014-02": {
            "month": "2014-02",
            "price": "216.79",
            "revenue": 330398
        },
        "2014-03": {
            "month": "2014-03",
            "price": "259.67",
            "revenue": 467577
        },
        "2014-04": {
            "month": "2014-04",
            "price": "257.93",
            "revenue": 467119
        },
        "2014-05": {
            "month": "2014-05",
            "price": "280.26",
            "revenue": 495810
        },
        "2014-06": {
            "month": "2014-06",
            "price": "390.42",
            "revenue": 447436
        },
        "2014-07": {
            "month": "2014-07",
            "price": "379.41",
            "revenue": 560969
        },
        "2014-08": {
            "month": "2014-08",
            "price": "342.17",
            "revenue": 620155
        },
        "2014-09": {
            "month": "2014-09",
            "price": "342.81",
            "revenue": 588877
        },
        "2014-10": {
            "month": "2014-10",
            "price": "315.91",
            "revenue": 581128
        },
        "2014-11": {
            "month": "2014-11",
            "price": "290.95",
            "revenue": 590607
        },
        "2014-12": {
            "month": "2014-12",
            "price": "305.94",
            "revenue": 524107
        },
        "2015-01": {
            "month": "2015-01",
            "price": "295.00",
            "revenue": 443588
        },
        "2015-02": {
            "month": "2015-02",
            "price": "299.15",
            "revenue": 504302
        },
        "2015-03": {
            "month": "2015-03",
            "price": "303.66",
            "revenue": 569761
        },
        "2015-04": {
            "month": "2015-04",
            "price": "299.40",
            "revenue": 516783
        },
        "2015-05": {
            "month": "2015-05",
            "price": "317.32",
            "revenue": 497735
        },
        "2015-06": {
            "month": "2015-06",
            "price": "355.83",
            "revenue": 505920
        },
        "2015-07": {
            "month": "2015-07",
            "price": "335.95",
            "revenue": 471425
        },
        "2015-08": {
            "month": "2015-08",
            "price": "223.19",
            "revenue": 664975
        },
        "2015-09": {
            "month": "2015-09",
            "price": "248.45",
            "revenue": 815471
        },
        "2015-10": {
            "month": "2015-10",
            "price": "260.45",
            "revenue": 740341
        },
        "2015-11": {
            "month": "2015-11",
            "price": "237.33",
            "revenue": 726898
        },
        "2015-12": {
            "month": "2015-12",
            "price": "227.15",
            "revenue": 739931
        },
        "2016-01": {
            "month": "2016-01",
            "price": "229.79",
            "revenue": 781282
        },
        "2016-02": {
            "month": "2016-02",
            "price": "296.81",
            "revenue": 648957
        },
        "2016-03": {
            "month": "2016-03",
            "price": "316.11",
            "revenue": 908198
        },
        "2016-04": {
            "month": "2016-04",
            "price": "332.24",
            "revenue": 812088
        },
        "2016-05": {
            "month": "2016-05",
            "price": "315.05",
            "revenue": 706602
        },
        "2016-06": {
            "month": "2016-06",
            "price": "316.69",
            "revenue": 711143
        },
        "2016-07": {
            "month": "2016-07",
            "price": "299.55",
            "revenue": 506979
        },
        "2016-08": {
            "month": "2016-08",
            "price": "300.85",
            "revenue": 763414
        },
        "2016-09": {
            "month": "2016-09",
            "price": "332.89",
            "revenue": 814584
        },
        "2016-10": {
            "month": "2016-10",
            "price": "335.32",
            "revenue": 799656
        },
        "2016-11": {
            "month": "2016-11",
            "price": "337.75",
            "revenue": 852288
        },
        "2016-12": {
            "month": "2016-12",
            "price": "315.86",
            "revenue": 794484
        },
        "2017-01": {
            "month": "2017-01",
            "price": "314.19",
            "revenue": 706943
        },
        "2017-02": {
            "month": "2017-02",
            "price": "330.58",
            "revenue": 773692
        },
        "2017-03": {
            "month": "2017-03",
            "price": "333.33",
            "revenue": 868127
        },
        "2017-04": {
            "month": "2017-04",
            "price": "339.47",
            "revenue": 835332
        },
        "2017-05": {
            "month": "2017-05",
            "price": "342.78",
            "revenue": 878255
        },
        "2017-06": {
            "month": "2017-06",
            "price": "378.80",
            "revenue": 885701
        },
        "2017-07": {
            "month": "2017-07",
            "price": "430.02",
            "revenue": 935165
        },
        "2017-08": {
            "month": "2017-08",
            "price": "448.28",
            "revenue": 936365
        },
        "2017-09": {
            "month": "2017-09",
            "price": "483.57",
            "revenue": 871611
        },
        "2017-10": {
            "month": "2017-10",
            "price": "479.71",
            "revenue": 921157
        },
        "2017-11": {
            "month": "2017-11",
            "price": "562.09",
            "revenue": 919012
        },
        "2017-12": {
            "month": "2017-12",
            "price": "579.76",
            "revenue": 817109
        },
        "2018-01": {
            "month": "2018-01",
            "price": "589.36",
            "revenue": 791200
        },
        "2018-02": {
            "month": "2018-02",
            "price": "555.23",
            "revenue": 650788
        },
        "2018-03": {
            "month": "2018-03",
            "price": "568.87",
            "revenue": 920515
        },
        "2018-04": {
            "month": "2018-04",
            "price": "504.42",
            "revenue": 572062
        },
        "2018-05": {
            "month": "2018-05",
            "price": "465.93",
            "revenue": 844919
        },
        "2018-06": {
            "month": "2018-06",
            "price": "510.28",
            "revenue": 839544
        },
        "2018-07": {
            "month": "2018-07",
            "price": "483.80",
            "revenue": 640541
        },
        "2018-08": {
            "month": "2018-08",
            "price": "466.85",
            "revenue": 944947
        },
        "2018-09": {
            "month": "2018-09",
            "price": "454.76",
            "revenue": 1040599
        },
        "2018-10": {
            "month": "2018-10",
            "price": "418.59",
            "revenue": 1014618
        },
        "2018-11": {
            "month": "2018-11",
            "price": "435.52",
            "revenue": 1142746
        },
        "2018-12": {
            "month": "2018-12",
            "price": "451.17",
            "revenue": 966343
        },
        "2019-01": {
            "month": "2019-01",
            "price": "478.02",
            "revenue": 1191453
        },
        "2019-02": {
            "month": "2019-02",
            "price": "532.69",
            "revenue": 766891
        },
        "2019-03": {
            "month": "2019-03",
            "price": "528.70",
            "revenue": 930753
        },
        "2019-04": {
            "month": "2019-04",
            "price": "530.15",
            "revenue": 961388
        },
        "2019-05": {
            "month": "2019-05",
            "price": "503.84",
            "revenue": 934428
        },
        "2019-06": {
            "month": "2019-06",
            "price": "498.84",
            "revenue": 927970
        },
        "2019-07": {
            "month": "2019-07",
            "price": "530.65",
            "revenue": 992981
        },
        "2019-08": {
            "month": "2019-08",
            "price": "536.81",
            "revenue": 1088692
        },
        "2019-09": {
            "month": "2019-09",
            "price": "543.74",
            "revenue": 1083799
        },
        "2019-10": {
            "month": "2019-10",
            "price": "565.81",
            "revenue": 990397
        },
        "2019-11": {
            "month": "2019-11",
            "price": "592.71",
            "revenue": 1032489
        },
        "2019-12": {
            "month": "2019-12",
            "price": "599.41",
            "revenue": 909441
        },
        "2020-01": {
            "month": "2020-01",
            "price": "616.60",
            "revenue": 963446
        },
        "2020-02": {
            "month": "2020-02",
            "price": "691.42",
            "revenue": 982258
        },
        "2020-03": {
            "month": "2020-03",
            "price": "628.36",
            "revenue": 1015702
        },
        "2020-04": {
            "month": "2020-04",
            "price": "690.16",
            "revenue": 1084927
        },
        "2020-05": {
            "month": "2020-05",
            "price": "836.75",
            "revenue": 1202992
        },
        "2020-06": {
            "month": "2020-06",
            "price": "931.70",
            "revenue": 1344240
        },
        "2020-07": {
            "month": "2020-07",
            "price": "1085.87",
            "revenue": 1470775
        },
        "2020-08": {
            "month": "2020-08",
            "price": "1125.95",
            "revenue": 1463508
        },
        "2020-09": {
            "month": "2020-09",
            "price": "1092.95",
            "revenue": 1486871
        },
        "2020-10": {
            "month": "2020-10",
            "price": "1122.89",
            "revenue": 1473245
        },
        "2020-11": {
            "month": "2020-11",
            "price": "1078.81",
            "revenue": 1494471
        },
        "2020-12": {
            "month": "2020-12",
            "price": "1103.70",
            "revenue": 1295915
        },
        "2021-01": {
            "month": "2021-01",
            "price": "1260.50",
            "revenue": 1622557
        },
        "2021-02": {
            "month": "2021-02",
            "price": "1296.92",
            "revenue": 1231758
        },
        "2021-03": {
            "month": "2021-03",
            "price": "1205.91",
            "revenue": 1489447
        },
        "2021-04": {
            "month": "2021-04",
            "price": "1206.58",
            "revenue": 1689523
        },
        "2021-05": {
            "month": "2021-05",
            "price": "1380.71",
            "revenue": 1672951
        },
        "2021-06": {
            "month": "2021-06",
            "price": "1444.29",
            "revenue": 1541370
        },
        "2021-07": {
            "month": "2021-07",
            "price": "1567.73",
            "revenue": 1817360
        },
        "2021-08": {
            "month": "2021-08",
            "price": "1682.73",
            "revenue": 1714344
        },
        "2021-09": {
            "month": "2021-09",
            "price": "1839.50",
            "revenue": 1809497
        },
        "2021-10": {
            "month": "2021-10",
            "price": "1726.50",
            "revenue": 1726479
        },
        "2021-11": {
            "month": "2021-11",
            "price": "1982.27",
            "revenue": 1726365
        },
        "2021-12": {
            "month": "2021-12",
            "price": "2015.23",
            "revenue": 1953290
        },
        "2022-01": {
            "month": "2022-01",
            "price": "1969.72",
            "revenue": 1951060
        },
        "2022-02": {
            "month": "2022-02",
            "price": "1980.67",
            "revenue": 1932201
        },
        "2022-03": {
            "month": "2022-03",
            "price": "1795.65",
            "revenue": 2016603
        },
        "2022-04": {
            "month": "2022-04",
            "price": "1470.26",
            "revenue": 1997507
        },
        "2022-05": {
            "month": "2022-05",
            "price": "1456.67",
            "revenue": 2188742
        },
        "2022-06": {
            "month": "2022-06",
            "price": "1360.24",
            "revenue": 2198690
        },
        "2022-07": {
            "month": "2022-07",
            "price": "1116.90",
            "revenue": 1755693
        },
        "2022-08": {
            "month": "2022-08",
            "price": "928.65",
            "revenue": 1478680
        },
        "2022-09": {
            "month": "2022-09",
            "price": "711.24",
            "revenue": 1347640
        },
        "2022-10": {
            "month": "2022-10",
            "price": "680.45",
            "revenue": 1155274
        },
        "2022-11": {
            "month": "2022-11",
            "price": "731.18",
            "revenue": 1088002
        },
        "2022-12": {
            "month": "2022-12",
            "price": "819.55",
            "revenue": 942131
        },
        "2023-01": {
            "month": "2023-01",
            "price": "899.62",
            "revenue": 1154227
        },
        "2023-02": {
            "month": "2023-02",
            "price": "937.00",
            "revenue": 841526
        },
        "2023-03": {
            "month": "2023-03",
            "price": "1032.78",
            "revenue": 1045192
        },
        "2023-04": {
            "month": "2023-04",
            "price": "1043.00",
            "revenue": 962911
        }
    }
}
