{
    "summary": {
        "stock_name": "十銓",
        "stock_id": "4967",
        "category": "半導體",
        "main_business": "電子零組件製造業<br>電腦及其週邊設備之買賣業務<br>一般電子材料,電子產品之買賣業務",
        "website_url": "http://www.teamgroupinc.com",
        "ceo": "陳慶文",
        "pe_ratio": 50,
        "report_year_from": 2010,
        "report_year_to": 2023,
        "age": 14,
        "eps_negative_percentage": 14,
        "eps_growth_avg": {
            "last_all": 2.25,
            "last_2y": 0,
            "last_4y": 2.25,
            "last_8y": null,
            "last_12y": null,
            "last_16y": null,
            "last_20y": null,
            "at_2006_last_3y": null,
            "at_2007_last_3y": null,
            "at_2008_last_3y": null,
            "at_2009_last_3y": null,
            "at_2010_last_3y": null,
            "at_2011_last_3y": null,
            "at_2012_last_3y": null,
            "at_2013_last_3y": null,
            "at_2014_last_3y": null,
            "at_2015_last_3y": null,
            "at_2016_last_3y": null,
            "at_2017_last_3y": null,
            "at_2018_last_3y": null,
            "at_2019_last_3y": null,
            "at_2020_last_3y": null,
            "at_2021_last_3y": null,
            "at_2022_last_3y": -30.33,
            "at_2023_last_3y": 33.33,
            "at_2024_last_3y": 33.33,
            "at_2006_last_all": null,
            "at_2007_last_all": null,
            "at_2008_last_all": null,
            "at_2009_last_all": null,
            "at_2010_last_all": null,
            "at_2011_last_all": null,
            "at_2012_last_all": null,
            "at_2013_last_all": null,
            "at_2014_last_all": null,
            "at_2015_last_all": null,
            "at_2016_last_all": null,
            "at_2017_last_all": null,
            "at_2018_last_all": null,
            "at_2019_last_all": -90.98,
            "at_2020_last_all": 4.51,
            "at_2021_last_all": -30.33,
            "at_2022_last_all": -30.33,
            "at_2023_last_all": 2.25,
            "at_2024_last_all": 2.25
        },
        "latest_eps": 1.59,
        "latest_price": 79.8,
        "latest_roe": 5.58,
        "latest_gross_margin": 9.53,
        "latest_equity": 2013163,
        "latest_revenue": 3647504,
        "latest_gross_profit": 347651,
        "latest_net_income": 37863,
        "latest_debt_ratio": 77.93,
        "latest_current_ratio": 126.04,
        "latest_account_receivable_turnover_ratio": 2.61,
        "latest_inventory_turnover_ratio": 0.61,
        "latest_reinvestment_rate": 350.45,
        "latest_research_to_sale_ratio": 0.34
    },
    "eps_dividends": {
        "2001": {
            "cash": 0,
            "stock": 0,
            "eps": 0
        },
        "2002": {
            "cash": 0,
            "stock": 0,
            "eps": 0
        },
        "2003": {
            "cash": 0,
            "stock": 0,
            "eps": 0
        },
        "2004": {
            "cash": 0,
            "stock": 0,
            "eps": 0
        },
        "2005": {
            "cash": 0,
            "stock": 0,
            "eps": 0
        },
        "2006": {
            "cash": 0,
            "stock": 0,
            "eps": 0
        },
        "2007": {
            "cash": 0,
            "stock": 0,
            "eps": 0
        },
        "2008": {
            "cash": 0,
            "stock": 0,
            "eps": 0
        },
        "2009": {
            "cash": 0,
            "stock": 0,
            "eps": 0
        },
        "2010": {
            "cash": 0,
            "stock": 0,
            "eps": 0
        },
        "2011": {
            "cash": 0.35,
            "stock": 0.44999999999999996,
            "eps": 0
        },
        "2012": {
            "cash": 0,
            "stock": 0,
            "eps": 0
        },
        "2013": {
            "cash": 0.1,
            "stock": 0,
            "eps": 0
        },
        "2014": {
            "cash": 1,
            "stock": 0,
            "eps": 0
        },
        "2015": {
            "cash": 0.5,
            "stock": 0,
            "eps": 0
        },
        "2016": {
            "cash": 0,
            "stock": 0,
            "eps": 0
        },
        "2017": {
            "cash": 0,
            "stock": 0,
            "eps": 0
        },
        "2018": {
            "cash": 1,
            "stock": 1,
            "eps": 1.22
        },
        "2019": {
            "cash": 2,
            "stock": 0,
            "eps": 0.11
        },
        "2020": {
            "cash": 1,
            "stock": 0,
            "eps": 2.14
        },
        "2021": {
            "cash": 1.1,
            "stock": 0,
            "eps": -0.2
        },
        "2022": {
            "cash": 0,
            "stock": 0,
            "eps": 0.11
        },
        "2023": {
            "cash": 1,
            "stock": 0,
            "eps": 0.49
        }
    },
    "dividends": {
        "2011-01-01": {
            "cash": 0.15,
            "stock": 0.15
        },
        "2011-08-26": {
            "cash": 0.2,
            "stock": 0.3
        },
        "2013-06-25": {
            "cash": 0.1,
            "stock": 0
        },
        "2014-09-30": {
            "cash": 1,
            "stock": 0
        },
        "2015-09-25": {
            "cash": 0.5,
            "stock": 0
        },
        "2018-09-10": {
            "cash": 1,
            "stock": 1
        },
        "2019-10-30": {
            "cash": 2,
            "stock": 0
        },
        "2020-10-28": {
            "cash": 1,
            "stock": 0
        },
        "2021-10-29": {
            "cash": 1.1,
            "stock": 0
        },
        "2023-10-27": {
            "cash": 1,
            "stock": 0
        }
    },
    "prices": {
        "200101": "無",
        "200102": "無",
        "200103": "無",
        "200104": "無",
        "200105": "無",
        "200106": "無",
        "200107": "無",
        "200108": "無",
        "200109": "無",
        "200110": "無",
        "200111": "無",
        "200112": "無",
        "200201": "無",
        "200202": "無",
        "200203": "無",
        "200204": "無",
        "200205": "無",
        "200206": "無",
        "200207": "無",
        "200208": "無",
        "200209": "無",
        "200210": "無",
        "200211": "無",
        "200212": "無",
        "200301": "無",
        "200302": "無",
        "200303": "無",
        "200304": "無",
        "200305": "無",
        "200306": "無",
        "200307": "無",
        "200308": "無",
        "200309": "無",
        "200310": "無",
        "200311": "無",
        "200312": "無",
        "200401": "無",
        "200402": "無",
        "200403": "無",
        "200404": "無",
        "200405": "無",
        "200406": "無",
        "200407": "無",
        "200408": "無",
        "200409": "無",
        "200410": "無",
        "200411": "無",
        "200412": "無",
        "200501": "無",
        "200502": "無",
        "200503": "無",
        "200504": "無",
        "200505": "無",
        "200506": "無",
        "200507": "無",
        "200508": "無",
        "200509": "無",
        "200510": "無",
        "200511": "無",
        "200512": "無",
        "200601": "無",
        "200602": "無",
        "200603": "無",
        "200604": "無",
        "200605": "無",
        "200606": "無",
        "200607": "無",
        "200608": "無",
        "200609": "無",
        "200610": "無",
        "200611": "無",
        "200612": "無",
        "200701": "無",
        "200702": "無",
        "200703": "無",
        "200704": "無",
        "200705": "無",
        "200706": "無",
        "200707": "無",
        "200708": "無",
        "200709": "無",
        "200710": "無",
        "200711": "無",
        "200712": "無",
        "200801": "無",
        "200802": "無",
        "200803": "無",
        "200804": "無",
        "200805": "無",
        "200806": "無",
        "200807": "無",
        "200808": "無",
        "200809": "無",
        "200810": "無",
        "200811": "無",
        "200812": "無",
        "200901": "無",
        "200902": "無",
        "200903": "無",
        "200904": "無",
        "200905": "無",
        "200906": "無",
        "200907": "無",
        "200908": "無",
        "200909": "無",
        "200910": "無",
        "200911": "無",
        "200912": "無",
        "201001": "無",
        "201002": "無",
        "201003": "無",
        "201004": "無",
        "201005": "無",
        "201006": "無",
        "201007": "無",
        "201008": "無",
        "201009": "無",
        "201010": "27.46",
        "201011": "26.00",
        "201012": "26.48",
        "201101": "26.82",
        "201102": "28.60",
        "201103": "28.23",
        "201104": "27.75",
        "201105": "23.69",
        "201106": "25.40",
        "201107": "24.45",
        "201108": "21.83",
        "201109": "20.90",
        "201110": "22.78",
        "201111": "18.95",
        "201112": "17.16",
        "201201": "16.79",
        "201202": "16.96",
        "201203": "17.35",
        "201204": "16.93",
        "201205": "16.23",
        "201206": "16.28",
        "201207": "14.81",
        "201208": "14.20",
        "201209": "13.28",
        "201210": "13.83",
        "201211": "14.13",
        "201212": "12.20",
        "201301": "10.46",
        "201302": "10.30",
        "201303": "11.60",
        "201304": "10.82",
        "201305": "11.72",
        "201306": "11.26",
        "201307": "10.76",
        "201308": "12.02",
        "201309": "12.57",
        "201310": "13.01",
        "201311": "11.41",
        "201312": "10.95",
        "201401": "12.20",
        "201402": "15.17",
        "201403": "14.47",
        "201404": "13.11",
        "201405": "14.33",
        "201406": "16.38",
        "201407": "14.94",
        "201408": "17.64",
        "201409": "17.09",
        "201410": "17.12",
        "201411": "17.31",
        "201412": "20.36",
        "201501": "21.17",
        "201502": "19.55",
        "201503": "19.21",
        "201504": "18.22",
        "201505": "14.59",
        "201506": "14.02",
        "201507": "11.79",
        "201508": "9.07",
        "201509": "9.11",
        "201510": "8.59",
        "201511": "7.33",
        "201512": "7.30",
        "201601": "7.50",
        "201602": "7.45",
        "201603": "5.90",
        "201604": "4.91",
        "201605": "4.69",
        "201606": "5.77",
        "201607": "6.40",
        "201608": "6.13",
        "201609": "5.88",
        "201610": "5.96",
        "201611": "6.34",
        "201612": "7.14",
        "201701": "7.08",
        "201702": "7.65",
        "201703": "11.35",
        "201704": "16.29",
        "201705": "14.97",
        "201706": "17.06",
        "201707": "20.97",
        "201708": "22.32",
        "201709": "22.18",
        "201710": "22.33",
        "201711": "21.71",
        "201712": "19.57",
        "201801": "23.08",
        "201802": "29.29",
        "201803": "30.21",
        "201804": "29.65",
        "201805": "29.72",
        "201806": "36.95",
        "201807": "36.99",
        "201808": "34.89",
        "201809": "31.01",
        "201810": "27.93",
        "201811": "27.37",
        "201812": "29.59",
        "201901": "28.90",
        "201902": "27.14",
        "201903": "27.88",
        "201904": "27.76",
        "201905": "26.57",
        "201906": "26.96",
        "201907": "28.57",
        "201908": "25.20",
        "201909": "25.36",
        "201910": "23.43",
        "201911": "25.15",
        "201912": "29.43",
        "202001": "32.19",
        "202002": "37.98",
        "202003": "36.52",
        "202004": "39.92",
        "202005": "40.66",
        "202006": "39.99",
        "202007": "40.40",
        "202008": "38.10",
        "202009": "35.91",
        "202010": "34.15",
        "202011": "32.08",
        "202012": "40.07",
        "202101": "48.62",
        "202102": "50.57",
        "202103": "50.40",
        "202104": "57.18",
        "202105": "54.77",
        "202106": "63.56",
        "202107": "73.12",
        "202108": "58.90",
        "202109": "49.93",
        "202110": "42.43",
        "202111": "44.31",
        "202112": "47.21",
        "202201": "44.24",
        "202202": "44.01",
        "202203": "40.89",
        "202204": "36.74",
        "202205": "31.53",
        "202206": "29.73",
        "202207": "27.44",
        "202208": "29.06",
        "202209": "29.12",
        "202210": "30.20",
        "202211": "30.74",
        "202212": "30.46",
        "202301": "31.79",
        "202302": "39.04",
        "202303": "62.80",
        "202304": "73.89",
        "202305": "62.44",
        "202306": "67.14",
        "202307": "63.74",
        "202308": "62.05",
        "202309": "67.76",
        "202310": "73.66",
        "202311": "89.20",
        "202312": "87.94"
    },
    "quarters": {
        "20011": {
            "year_quarter": 20011,
            "year": 2001,
            "quarter": 1,
            "eps": null,
            "eps_growth_year": null,
            "eps_4q": null,
            "eps_4q_growth_year": null,
            "roe": null,
            "roe_4q": 0,
            "gross_profit": null,
            "gross_margin": null,
            "gross_margin_4q_avg": 0,
            "net_income": null,
            "net_income_4q": null,
            "revenue": null,
            "revenue_4q": null,
            "common_shares": null,
            "book_valuer_per_share": null,
            "book_valuer_per_share_4q_avg": 0,
            "equity": null,
            "current_ratio": null,
            "debt_ratio": null,
            "inventory_turnover_ratio": null,
            "account_receivable_turnover_ratio": null,
            "reinvestment_rate": null,
            "research_to_sale_ratio": null,
            "price_fair": 0,
            "eps_avg_yearly": 0,
            "eps_latest_yearly": 0,
            "eps_growth_yearly": 0
        },
        "20012": {
            "year_quarter": 20012,
            "year": 2001,
            "quarter": 2,
            "eps": null,
            "eps_growth_year": null,
            "eps_4q": null,
            "eps_4q_growth_year": null,
            "roe": null,
            "roe_4q": 0,
            "gross_profit": null,
            "gross_margin": null,
            "gross_margin_4q_avg": 0,
            "net_income": null,
            "net_income_4q": null,
            "revenue": null,
            "revenue_4q": null,
            "common_shares": null,
            "book_valuer_per_share": null,
            "book_valuer_per_share_4q_avg": 0,
            "equity": null,
            "current_ratio": null,
            "debt_ratio": null,
            "inventory_turnover_ratio": null,
            "account_receivable_turnover_ratio": null,
            "reinvestment_rate": null,
            "research_to_sale_ratio": null,
            "price_fair": 0,
            "eps_avg_yearly": 0,
            "eps_latest_yearly": 0,
            "eps_growth_yearly": 0
        },
        "20013": {
            "year_quarter": 20013,
            "year": 2001,
            "quarter": 3,
            "eps": null,
            "eps_growth_year": null,
            "eps_4q": null,
            "eps_4q_growth_year": null,
            "roe": null,
            "roe_4q": 0,
            "gross_profit": null,
            "gross_margin": null,
            "gross_margin_4q_avg": 0,
            "net_income": null,
            "net_income_4q": null,
            "revenue": null,
            "revenue_4q": null,
            "common_shares": null,
            "book_valuer_per_share": null,
            "book_valuer_per_share_4q_avg": 0,
            "equity": null,
            "current_ratio": null,
            "debt_ratio": null,
            "inventory_turnover_ratio": null,
            "account_receivable_turnover_ratio": null,
            "reinvestment_rate": null,
            "research_to_sale_ratio": null,
            "price_fair": 0,
            "eps_avg_yearly": 0,
            "eps_latest_yearly": 0,
            "eps_growth_yearly": 0
        },
        "20014": {
            "year_quarter": 20014,
            "year": 2001,
            "quarter": 4,
            "eps": null,
            "eps_growth_year": null,
            "eps_4q": null,
            "eps_4q_growth_year": null,
            "roe": null,
            "roe_4q": 0,
            "gross_profit": null,
            "gross_margin": null,
            "gross_margin_4q_avg": 0,
            "net_income": null,
            "net_income_4q": null,
            "revenue": null,
            "revenue_4q": null,
            "common_shares": null,
            "book_valuer_per_share": null,
            "book_valuer_per_share_4q_avg": 0,
            "equity": null,
            "current_ratio": null,
            "debt_ratio": null,
            "inventory_turnover_ratio": null,
            "account_receivable_turnover_ratio": null,
            "reinvestment_rate": null,
            "research_to_sale_ratio": null,
            "price_fair": 0,
            "eps_avg_yearly": 0,
            "eps_latest_yearly": 0,
            "eps_growth_yearly": 0
        },
        "20021": {
            "year_quarter": 20021,
            "year": 2002,
            "quarter": 1,
            "eps": null,
            "eps_growth_year": null,
            "eps_4q": null,
            "eps_4q_growth_year": null,
            "roe": null,
            "roe_4q": 0,
            "gross_profit": null,
            "gross_margin": null,
            "gross_margin_4q_avg": 0,
            "net_income": null,
            "net_income_4q": null,
            "revenue": null,
            "revenue_4q": null,
            "common_shares": null,
            "book_valuer_per_share": null,
            "book_valuer_per_share_4q_avg": 0,
            "equity": null,
            "current_ratio": null,
            "debt_ratio": null,
            "inventory_turnover_ratio": null,
            "account_receivable_turnover_ratio": null,
            "reinvestment_rate": null,
            "research_to_sale_ratio": null,
            "price_fair": 0,
            "eps_avg_yearly": 0,
            "eps_latest_yearly": 0,
            "eps_growth_yearly": 0
        },
        "20022": {
            "year_quarter": 20022,
            "year": 2002,
            "quarter": 2,
            "eps": null,
            "eps_growth_year": null,
            "eps_4q": null,
            "eps_4q_growth_year": null,
            "roe": null,
            "roe_4q": 0,
            "gross_profit": null,
            "gross_margin": null,
            "gross_margin_4q_avg": 0,
            "net_income": null,
            "net_income_4q": null,
            "revenue": null,
            "revenue_4q": null,
            "common_shares": null,
            "book_valuer_per_share": null,
            "book_valuer_per_share_4q_avg": 0,
            "equity": null,
            "current_ratio": null,
            "debt_ratio": null,
            "inventory_turnover_ratio": null,
            "account_receivable_turnover_ratio": null,
            "reinvestment_rate": null,
            "research_to_sale_ratio": null,
            "price_fair": 0,
            "eps_avg_yearly": 0,
            "eps_latest_yearly": 0,
            "eps_growth_yearly": 0
        },
        "20023": {
            "year_quarter": 20023,
            "year": 2002,
            "quarter": 3,
            "eps": null,
            "eps_growth_year": null,
            "eps_4q": null,
            "eps_4q_growth_year": null,
            "roe": null,
            "roe_4q": 0,
            "gross_profit": null,
            "gross_margin": null,
            "gross_margin_4q_avg": 0,
            "net_income": null,
            "net_income_4q": null,
            "revenue": null,
            "revenue_4q": null,
            "common_shares": null,
            "book_valuer_per_share": null,
            "book_valuer_per_share_4q_avg": 0,
            "equity": null,
            "current_ratio": null,
            "debt_ratio": null,
            "inventory_turnover_ratio": null,
            "account_receivable_turnover_ratio": null,
            "reinvestment_rate": null,
            "research_to_sale_ratio": null,
            "price_fair": 0,
            "eps_avg_yearly": 0,
            "eps_latest_yearly": 0,
            "eps_growth_yearly": 0
        },
        "20024": {
            "year_quarter": 20024,
            "year": 2002,
            "quarter": 4,
            "eps": null,
            "eps_growth_year": null,
            "eps_4q": null,
            "eps_4q_growth_year": null,
            "roe": null,
            "roe_4q": 0,
            "gross_profit": null,
            "gross_margin": null,
            "gross_margin_4q_avg": 0,
            "net_income": null,
            "net_income_4q": null,
            "revenue": null,
            "revenue_4q": null,
            "common_shares": null,
            "book_valuer_per_share": null,
            "book_valuer_per_share_4q_avg": 0,
            "equity": null,
            "current_ratio": null,
            "debt_ratio": null,
            "inventory_turnover_ratio": null,
            "account_receivable_turnover_ratio": null,
            "reinvestment_rate": null,
            "research_to_sale_ratio": null,
            "price_fair": 0,
            "eps_avg_yearly": 0,
            "eps_latest_yearly": 0,
            "eps_growth_yearly": 0
        },
        "20031": {
            "year_quarter": 20031,
            "year": 2003,
            "quarter": 1,
            "eps": null,
            "eps_growth_year": null,
            "eps_4q": null,
            "eps_4q_growth_year": null,
            "roe": null,
            "roe_4q": 0,
            "gross_profit": null,
            "gross_margin": null,
            "gross_margin_4q_avg": 0,
            "net_income": null,
            "net_income_4q": null,
            "revenue": null,
            "revenue_4q": null,
            "common_shares": null,
            "book_valuer_per_share": null,
            "book_valuer_per_share_4q_avg": 0,
            "equity": null,
            "current_ratio": null,
            "debt_ratio": null,
            "inventory_turnover_ratio": null,
            "account_receivable_turnover_ratio": null,
            "reinvestment_rate": null,
            "research_to_sale_ratio": null,
            "price_fair": 0,
            "eps_avg_yearly": 0,
            "eps_latest_yearly": 0,
            "eps_growth_yearly": 0
        },
        "20032": {
            "year_quarter": 20032,
            "year": 2003,
            "quarter": 2,
            "eps": null,
            "eps_growth_year": null,
            "eps_4q": null,
            "eps_4q_growth_year": null,
            "roe": null,
            "roe_4q": 0,
            "gross_profit": null,
            "gross_margin": null,
            "gross_margin_4q_avg": 0,
            "net_income": null,
            "net_income_4q": null,
            "revenue": null,
            "revenue_4q": null,
            "common_shares": null,
            "book_valuer_per_share": null,
            "book_valuer_per_share_4q_avg": 0,
            "equity": null,
            "current_ratio": null,
            "debt_ratio": null,
            "inventory_turnover_ratio": null,
            "account_receivable_turnover_ratio": null,
            "reinvestment_rate": null,
            "research_to_sale_ratio": null,
            "price_fair": 0,
            "eps_avg_yearly": 0,
            "eps_latest_yearly": 0,
            "eps_growth_yearly": 0
        },
        "20033": {
            "year_quarter": 20033,
            "year": 2003,
            "quarter": 3,
            "eps": null,
            "eps_growth_year": null,
            "eps_4q": null,
            "eps_4q_growth_year": null,
            "roe": null,
            "roe_4q": 0,
            "gross_profit": null,
            "gross_margin": null,
            "gross_margin_4q_avg": 0,
            "net_income": null,
            "net_income_4q": null,
            "revenue": null,
            "revenue_4q": null,
            "common_shares": null,
            "book_valuer_per_share": null,
            "book_valuer_per_share_4q_avg": 0,
            "equity": null,
            "current_ratio": null,
            "debt_ratio": null,
            "inventory_turnover_ratio": null,
            "account_receivable_turnover_ratio": null,
            "reinvestment_rate": null,
            "research_to_sale_ratio": null,
            "price_fair": 0,
            "eps_avg_yearly": 0,
            "eps_latest_yearly": 0,
            "eps_growth_yearly": 0
        },
        "20034": {
            "year_quarter": 20034,
            "year": 2003,
            "quarter": 4,
            "eps": null,
            "eps_growth_year": null,
            "eps_4q": null,
            "eps_4q_growth_year": null,
            "roe": null,
            "roe_4q": 0,
            "gross_profit": null,
            "gross_margin": null,
            "gross_margin_4q_avg": 0,
            "net_income": null,
            "net_income_4q": null,
            "revenue": null,
            "revenue_4q": null,
            "common_shares": null,
            "book_valuer_per_share": null,
            "book_valuer_per_share_4q_avg": 0,
            "equity": null,
            "current_ratio": null,
            "debt_ratio": null,
            "inventory_turnover_ratio": null,
            "account_receivable_turnover_ratio": null,
            "reinvestment_rate": null,
            "research_to_sale_ratio": null,
            "price_fair": 0,
            "eps_avg_yearly": 0,
            "eps_latest_yearly": 0,
            "eps_growth_yearly": 0
        },
        "20041": {
            "year_quarter": 20041,
            "year": 2004,
            "quarter": 1,
            "eps": null,
            "eps_growth_year": null,
            "eps_4q": null,
            "eps_4q_growth_year": null,
            "roe": null,
            "roe_4q": 0,
            "gross_profit": null,
            "gross_margin": null,
            "gross_margin_4q_avg": 0,
            "net_income": null,
            "net_income_4q": null,
            "revenue": null,
            "revenue_4q": null,
            "common_shares": null,
            "book_valuer_per_share": null,
            "book_valuer_per_share_4q_avg": 0,
            "equity": null,
            "current_ratio": null,
            "debt_ratio": null,
            "inventory_turnover_ratio": null,
            "account_receivable_turnover_ratio": null,
            "reinvestment_rate": null,
            "research_to_sale_ratio": null,
            "price_fair": 0,
            "eps_avg_yearly": 0,
            "eps_latest_yearly": 0,
            "eps_growth_yearly": 0
        },
        "20042": {
            "year_quarter": 20042,
            "year": 2004,
            "quarter": 2,
            "eps": null,
            "eps_growth_year": null,
            "eps_4q": null,
            "eps_4q_growth_year": null,
            "roe": null,
            "roe_4q": 0,
            "gross_profit": null,
            "gross_margin": null,
            "gross_margin_4q_avg": 0,
            "net_income": null,
            "net_income_4q": null,
            "revenue": null,
            "revenue_4q": null,
            "common_shares": null,
            "book_valuer_per_share": null,
            "book_valuer_per_share_4q_avg": 0,
            "equity": null,
            "current_ratio": null,
            "debt_ratio": null,
            "inventory_turnover_ratio": null,
            "account_receivable_turnover_ratio": null,
            "reinvestment_rate": null,
            "research_to_sale_ratio": null,
            "price_fair": 0,
            "eps_avg_yearly": 0,
            "eps_latest_yearly": 0,
            "eps_growth_yearly": 0
        },
        "20043": {
            "year_quarter": 20043,
            "year": 2004,
            "quarter": 3,
            "eps": null,
            "eps_growth_year": null,
            "eps_4q": null,
            "eps_4q_growth_year": null,
            "roe": null,
            "roe_4q": 0,
            "gross_profit": null,
            "gross_margin": null,
            "gross_margin_4q_avg": 0,
            "net_income": null,
            "net_income_4q": null,
            "revenue": null,
            "revenue_4q": null,
            "common_shares": null,
            "book_valuer_per_share": null,
            "book_valuer_per_share_4q_avg": 0,
            "equity": null,
            "current_ratio": null,
            "debt_ratio": null,
            "inventory_turnover_ratio": null,
            "account_receivable_turnover_ratio": null,
            "reinvestment_rate": null,
            "research_to_sale_ratio": null,
            "price_fair": 0,
            "eps_avg_yearly": 0,
            "eps_latest_yearly": 0,
            "eps_growth_yearly": 0
        },
        "20044": {
            "year_quarter": 20044,
            "year": 2004,
            "quarter": 4,
            "eps": null,
            "eps_growth_year": null,
            "eps_4q": null,
            "eps_4q_growth_year": null,
            "roe": null,
            "roe_4q": 0,
            "gross_profit": null,
            "gross_margin": null,
            "gross_margin_4q_avg": 0,
            "net_income": null,
            "net_income_4q": null,
            "revenue": null,
            "revenue_4q": null,
            "common_shares": null,
            "book_valuer_per_share": null,
            "book_valuer_per_share_4q_avg": 0,
            "equity": null,
            "current_ratio": null,
            "debt_ratio": null,
            "inventory_turnover_ratio": null,
            "account_receivable_turnover_ratio": null,
            "reinvestment_rate": null,
            "research_to_sale_ratio": null,
            "price_fair": 0,
            "eps_avg_yearly": 0,
            "eps_latest_yearly": 0,
            "eps_growth_yearly": 0
        },
        "20051": {
            "year_quarter": 20051,
            "year": 2005,
            "quarter": 1,
            "eps": null,
            "eps_growth_year": null,
            "eps_4q": null,
            "eps_4q_growth_year": null,
            "roe": null,
            "roe_4q": 0,
            "gross_profit": null,
            "gross_margin": null,
            "gross_margin_4q_avg": 0,
            "net_income": null,
            "net_income_4q": null,
            "revenue": null,
            "revenue_4q": null,
            "common_shares": null,
            "book_valuer_per_share": null,
            "book_valuer_per_share_4q_avg": 0,
            "equity": null,
            "current_ratio": null,
            "debt_ratio": null,
            "inventory_turnover_ratio": null,
            "account_receivable_turnover_ratio": null,
            "reinvestment_rate": null,
            "research_to_sale_ratio": null,
            "price_fair": 0,
            "eps_avg_yearly": 0,
            "eps_latest_yearly": 0,
            "eps_growth_yearly": 0
        },
        "20052": {
            "year_quarter": 20052,
            "year": 2005,
            "quarter": 2,
            "eps": null,
            "eps_growth_year": null,
            "eps_4q": null,
            "eps_4q_growth_year": null,
            "roe": null,
            "roe_4q": 0,
            "gross_profit": null,
            "gross_margin": null,
            "gross_margin_4q_avg": 0,
            "net_income": null,
            "net_income_4q": null,
            "revenue": null,
            "revenue_4q": null,
            "common_shares": null,
            "book_valuer_per_share": null,
            "book_valuer_per_share_4q_avg": 0,
            "equity": null,
            "current_ratio": null,
            "debt_ratio": null,
            "inventory_turnover_ratio": null,
            "account_receivable_turnover_ratio": null,
            "reinvestment_rate": null,
            "research_to_sale_ratio": null,
            "price_fair": 0,
            "eps_avg_yearly": 0,
            "eps_latest_yearly": 0,
            "eps_growth_yearly": 0
        },
        "20053": {
            "year_quarter": 20053,
            "year": 2005,
            "quarter": 3,
            "eps": null,
            "eps_growth_year": null,
            "eps_4q": null,
            "eps_4q_growth_year": null,
            "roe": null,
            "roe_4q": 0,
            "gross_profit": null,
            "gross_margin": null,
            "gross_margin_4q_avg": 0,
            "net_income": null,
            "net_income_4q": null,
            "revenue": null,
            "revenue_4q": null,
            "common_shares": null,
            "book_valuer_per_share": null,
            "book_valuer_per_share_4q_avg": 0,
            "equity": null,
            "current_ratio": null,
            "debt_ratio": null,
            "inventory_turnover_ratio": null,
            "account_receivable_turnover_ratio": null,
            "reinvestment_rate": null,
            "research_to_sale_ratio": null,
            "price_fair": 0,
            "eps_avg_yearly": 0,
            "eps_latest_yearly": 0,
            "eps_growth_yearly": 0
        },
        "20054": {
            "year_quarter": 20054,
            "year": 2005,
            "quarter": 4,
            "eps": null,
            "eps_growth_year": null,
            "eps_4q": null,
            "eps_4q_growth_year": null,
            "roe": null,
            "roe_4q": 0,
            "gross_profit": null,
            "gross_margin": null,
            "gross_margin_4q_avg": 0,
            "net_income": null,
            "net_income_4q": null,
            "revenue": null,
            "revenue_4q": null,
            "common_shares": null,
            "book_valuer_per_share": null,
            "book_valuer_per_share_4q_avg": 0,
            "equity": null,
            "current_ratio": null,
            "debt_ratio": null,
            "inventory_turnover_ratio": null,
            "account_receivable_turnover_ratio": null,
            "reinvestment_rate": null,
            "research_to_sale_ratio": null,
            "price_fair": 0,
            "eps_avg_yearly": 0,
            "eps_latest_yearly": 0,
            "eps_growth_yearly": 0
        },
        "20061": {
            "year_quarter": 20061,
            "year": 2006,
            "quarter": 1,
            "eps": null,
            "eps_growth_year": null,
            "eps_4q": null,
            "eps_4q_growth_year": null,
            "roe": null,
            "roe_4q": 0,
            "gross_profit": null,
            "gross_margin": null,
            "gross_margin_4q_avg": 0,
            "net_income": null,
            "net_income_4q": null,
            "revenue": null,
            "revenue_4q": null,
            "common_shares": null,
            "book_valuer_per_share": null,
            "book_valuer_per_share_4q_avg": 0,
            "equity": null,
            "current_ratio": null,
            "debt_ratio": null,
            "inventory_turnover_ratio": null,
            "account_receivable_turnover_ratio": null,
            "reinvestment_rate": null,
            "research_to_sale_ratio": null,
            "price_fair": 0,
            "eps_avg_yearly": 0,
            "eps_latest_yearly": 0,
            "eps_growth_yearly": 0
        },
        "20062": {
            "year_quarter": 20062,
            "year": 2006,
            "quarter": 2,
            "eps": null,
            "eps_growth_year": null,
            "eps_4q": null,
            "eps_4q_growth_year": null,
            "roe": null,
            "roe_4q": 0,
            "gross_profit": null,
            "gross_margin": null,
            "gross_margin_4q_avg": 0,
            "net_income": null,
            "net_income_4q": null,
            "revenue": null,
            "revenue_4q": null,
            "common_shares": null,
            "book_valuer_per_share": null,
            "book_valuer_per_share_4q_avg": 0,
            "equity": null,
            "current_ratio": null,
            "debt_ratio": null,
            "inventory_turnover_ratio": null,
            "account_receivable_turnover_ratio": null,
            "reinvestment_rate": null,
            "research_to_sale_ratio": null,
            "price_fair": 0,
            "eps_avg_yearly": 0,
            "eps_latest_yearly": 0,
            "eps_growth_yearly": 0
        },
        "20063": {
            "year_quarter": 20063,
            "year": 2006,
            "quarter": 3,
            "eps": null,
            "eps_growth_year": null,
            "eps_4q": null,
            "eps_4q_growth_year": null,
            "roe": null,
            "roe_4q": 0,
            "gross_profit": null,
            "gross_margin": null,
            "gross_margin_4q_avg": 0,
            "net_income": null,
            "net_income_4q": null,
            "revenue": null,
            "revenue_4q": null,
            "common_shares": null,
            "book_valuer_per_share": null,
            "book_valuer_per_share_4q_avg": 0,
            "equity": null,
            "current_ratio": null,
            "debt_ratio": null,
            "inventory_turnover_ratio": null,
            "account_receivable_turnover_ratio": null,
            "reinvestment_rate": null,
            "research_to_sale_ratio": null,
            "price_fair": 0,
            "eps_avg_yearly": 0,
            "eps_latest_yearly": 0,
            "eps_growth_yearly": 0
        },
        "20064": {
            "year_quarter": 20064,
            "year": 2006,
            "quarter": 4,
            "eps": null,
            "eps_growth_year": null,
            "eps_4q": null,
            "eps_4q_growth_year": null,
            "roe": null,
            "roe_4q": 0,
            "gross_profit": null,
            "gross_margin": null,
            "gross_margin_4q_avg": 0,
            "net_income": null,
            "net_income_4q": null,
            "revenue": null,
            "revenue_4q": null,
            "common_shares": null,
            "book_valuer_per_share": null,
            "book_valuer_per_share_4q_avg": 0,
            "equity": null,
            "current_ratio": null,
            "debt_ratio": null,
            "inventory_turnover_ratio": null,
            "account_receivable_turnover_ratio": null,
            "reinvestment_rate": null,
            "research_to_sale_ratio": null,
            "price_fair": 0,
            "eps_avg_yearly": 0,
            "eps_latest_yearly": 0,
            "eps_growth_yearly": 0
        },
        "20071": {
            "year_quarter": 20071,
            "year": 2007,
            "quarter": 1,
            "eps": null,
            "eps_growth_year": null,
            "eps_4q": null,
            "eps_4q_growth_year": null,
            "roe": null,
            "roe_4q": 0,
            "gross_profit": null,
            "gross_margin": null,
            "gross_margin_4q_avg": 0,
            "net_income": null,
            "net_income_4q": null,
            "revenue": null,
            "revenue_4q": null,
            "common_shares": null,
            "book_valuer_per_share": null,
            "book_valuer_per_share_4q_avg": 0,
            "equity": null,
            "current_ratio": null,
            "debt_ratio": null,
            "inventory_turnover_ratio": null,
            "account_receivable_turnover_ratio": null,
            "reinvestment_rate": null,
            "research_to_sale_ratio": null,
            "price_fair": 0,
            "eps_avg_yearly": 0,
            "eps_latest_yearly": 0,
            "eps_growth_yearly": 0
        },
        "20072": {
            "year_quarter": 20072,
            "year": 2007,
            "quarter": 2,
            "eps": null,
            "eps_growth_year": null,
            "eps_4q": null,
            "eps_4q_growth_year": null,
            "roe": null,
            "roe_4q": 0,
            "gross_profit": null,
            "gross_margin": null,
            "gross_margin_4q_avg": 0,
            "net_income": null,
            "net_income_4q": null,
            "revenue": null,
            "revenue_4q": null,
            "common_shares": null,
            "book_valuer_per_share": null,
            "book_valuer_per_share_4q_avg": 0,
            "equity": null,
            "current_ratio": null,
            "debt_ratio": null,
            "inventory_turnover_ratio": null,
            "account_receivable_turnover_ratio": null,
            "reinvestment_rate": null,
            "research_to_sale_ratio": null,
            "price_fair": 0,
            "eps_avg_yearly": 0,
            "eps_latest_yearly": 0,
            "eps_growth_yearly": 0
        },
        "20073": {
            "year_quarter": 20073,
            "year": 2007,
            "quarter": 3,
            "eps": null,
            "eps_growth_year": null,
            "eps_4q": null,
            "eps_4q_growth_year": null,
            "roe": null,
            "roe_4q": 0,
            "gross_profit": null,
            "gross_margin": null,
            "gross_margin_4q_avg": 0,
            "net_income": null,
            "net_income_4q": null,
            "revenue": null,
            "revenue_4q": null,
            "common_shares": null,
            "book_valuer_per_share": null,
            "book_valuer_per_share_4q_avg": 0,
            "equity": null,
            "current_ratio": null,
            "debt_ratio": null,
            "inventory_turnover_ratio": null,
            "account_receivable_turnover_ratio": null,
            "reinvestment_rate": null,
            "research_to_sale_ratio": null,
            "price_fair": 0,
            "eps_avg_yearly": 0,
            "eps_latest_yearly": 0,
            "eps_growth_yearly": 0
        },
        "20074": {
            "year_quarter": 20074,
            "year": 2007,
            "quarter": 4,
            "eps": null,
            "eps_growth_year": null,
            "eps_4q": null,
            "eps_4q_growth_year": null,
            "roe": null,
            "roe_4q": 0,
            "gross_profit": null,
            "gross_margin": null,
            "gross_margin_4q_avg": 0,
            "net_income": null,
            "net_income_4q": null,
            "revenue": null,
            "revenue_4q": null,
            "common_shares": null,
            "book_valuer_per_share": null,
            "book_valuer_per_share_4q_avg": 0,
            "equity": null,
            "current_ratio": null,
            "debt_ratio": null,
            "inventory_turnover_ratio": null,
            "account_receivable_turnover_ratio": null,
            "reinvestment_rate": null,
            "research_to_sale_ratio": null,
            "price_fair": 0,
            "eps_avg_yearly": 0,
            "eps_latest_yearly": 0,
            "eps_growth_yearly": 0
        },
        "20081": {
            "year_quarter": 20081,
            "year": 2008,
            "quarter": 1,
            "eps": null,
            "eps_growth_year": null,
            "eps_4q": null,
            "eps_4q_growth_year": null,
            "roe": null,
            "roe_4q": 0,
            "gross_profit": null,
            "gross_margin": null,
            "gross_margin_4q_avg": 0,
            "net_income": null,
            "net_income_4q": null,
            "revenue": null,
            "revenue_4q": null,
            "common_shares": null,
            "book_valuer_per_share": null,
            "book_valuer_per_share_4q_avg": 0,
            "equity": null,
            "current_ratio": null,
            "debt_ratio": null,
            "inventory_turnover_ratio": null,
            "account_receivable_turnover_ratio": null,
            "reinvestment_rate": null,
            "research_to_sale_ratio": null,
            "price_fair": 0,
            "eps_avg_yearly": 0,
            "eps_latest_yearly": 0,
            "eps_growth_yearly": 0
        },
        "20082": {
            "year_quarter": 20082,
            "year": 2008,
            "quarter": 2,
            "eps": null,
            "eps_growth_year": null,
            "eps_4q": null,
            "eps_4q_growth_year": null,
            "roe": null,
            "roe_4q": 0,
            "gross_profit": null,
            "gross_margin": null,
            "gross_margin_4q_avg": 0,
            "net_income": null,
            "net_income_4q": null,
            "revenue": null,
            "revenue_4q": null,
            "common_shares": null,
            "book_valuer_per_share": null,
            "book_valuer_per_share_4q_avg": 0,
            "equity": null,
            "current_ratio": null,
            "debt_ratio": null,
            "inventory_turnover_ratio": null,
            "account_receivable_turnover_ratio": null,
            "reinvestment_rate": null,
            "research_to_sale_ratio": null,
            "price_fair": 0,
            "eps_avg_yearly": 0,
            "eps_latest_yearly": 0,
            "eps_growth_yearly": 0
        },
        "20083": {
            "year_quarter": 20083,
            "year": 2008,
            "quarter": 3,
            "eps": null,
            "eps_growth_year": null,
            "eps_4q": null,
            "eps_4q_growth_year": null,
            "roe": null,
            "roe_4q": 0,
            "gross_profit": null,
            "gross_margin": null,
            "gross_margin_4q_avg": 0,
            "net_income": null,
            "net_income_4q": null,
            "revenue": null,
            "revenue_4q": null,
            "common_shares": null,
            "book_valuer_per_share": null,
            "book_valuer_per_share_4q_avg": 0,
            "equity": null,
            "current_ratio": null,
            "debt_ratio": null,
            "inventory_turnover_ratio": null,
            "account_receivable_turnover_ratio": null,
            "reinvestment_rate": null,
            "research_to_sale_ratio": null,
            "price_fair": 0,
            "eps_avg_yearly": 0,
            "eps_latest_yearly": 0,
            "eps_growth_yearly": 0
        },
        "20084": {
            "year_quarter": 20084,
            "year": 2008,
            "quarter": 4,
            "eps": null,
            "eps_growth_year": null,
            "eps_4q": null,
            "eps_4q_growth_year": null,
            "roe": null,
            "roe_4q": 0,
            "gross_profit": null,
            "gross_margin": null,
            "gross_margin_4q_avg": 0,
            "net_income": null,
            "net_income_4q": null,
            "revenue": null,
            "revenue_4q": null,
            "common_shares": null,
            "book_valuer_per_share": null,
            "book_valuer_per_share_4q_avg": 0,
            "equity": null,
            "current_ratio": null,
            "debt_ratio": null,
            "inventory_turnover_ratio": null,
            "account_receivable_turnover_ratio": null,
            "reinvestment_rate": null,
            "research_to_sale_ratio": null,
            "price_fair": 0,
            "eps_avg_yearly": 0,
            "eps_latest_yearly": 0,
            "eps_growth_yearly": 0
        },
        "20091": {
            "year_quarter": 20091,
            "year": 2009,
            "quarter": 1,
            "eps": null,
            "eps_growth_year": null,
            "eps_4q": null,
            "eps_4q_growth_year": null,
            "roe": null,
            "roe_4q": 0,
            "gross_profit": null,
            "gross_margin": null,
            "gross_margin_4q_avg": 0,
            "net_income": null,
            "net_income_4q": null,
            "revenue": null,
            "revenue_4q": null,
            "common_shares": null,
            "book_valuer_per_share": null,
            "book_valuer_per_share_4q_avg": 0,
            "equity": null,
            "current_ratio": null,
            "debt_ratio": null,
            "inventory_turnover_ratio": null,
            "account_receivable_turnover_ratio": null,
            "reinvestment_rate": null,
            "research_to_sale_ratio": null,
            "price_fair": 0,
            "eps_avg_yearly": 0,
            "eps_latest_yearly": 0,
            "eps_growth_yearly": 0
        },
        "20092": {
            "year_quarter": 20092,
            "year": 2009,
            "quarter": 2,
            "eps": null,
            "eps_growth_year": null,
            "eps_4q": null,
            "eps_4q_growth_year": null,
            "roe": null,
            "roe_4q": 0,
            "gross_profit": null,
            "gross_margin": null,
            "gross_margin_4q_avg": 0,
            "net_income": null,
            "net_income_4q": null,
            "revenue": null,
            "revenue_4q": null,
            "common_shares": null,
            "book_valuer_per_share": null,
            "book_valuer_per_share_4q_avg": 0,
            "equity": null,
            "current_ratio": null,
            "debt_ratio": null,
            "inventory_turnover_ratio": null,
            "account_receivable_turnover_ratio": null,
            "reinvestment_rate": null,
            "research_to_sale_ratio": null,
            "price_fair": 0,
            "eps_avg_yearly": 0,
            "eps_latest_yearly": 0,
            "eps_growth_yearly": 0
        },
        "20093": {
            "year_quarter": 20093,
            "year": 2009,
            "quarter": 3,
            "eps": null,
            "eps_growth_year": null,
            "eps_4q": null,
            "eps_4q_growth_year": null,
            "roe": null,
            "roe_4q": 0,
            "gross_profit": null,
            "gross_margin": null,
            "gross_margin_4q_avg": 0,
            "net_income": null,
            "net_income_4q": null,
            "revenue": null,
            "revenue_4q": null,
            "common_shares": null,
            "book_valuer_per_share": null,
            "book_valuer_per_share_4q_avg": 0,
            "equity": null,
            "current_ratio": null,
            "debt_ratio": null,
            "inventory_turnover_ratio": null,
            "account_receivable_turnover_ratio": null,
            "reinvestment_rate": null,
            "research_to_sale_ratio": null,
            "price_fair": 0,
            "eps_avg_yearly": 0,
            "eps_latest_yearly": 0,
            "eps_growth_yearly": 0
        },
        "20094": {
            "year_quarter": 20094,
            "year": 2009,
            "quarter": 4,
            "eps": null,
            "eps_growth_year": null,
            "eps_4q": null,
            "eps_4q_growth_year": null,
            "roe": null,
            "roe_4q": 0,
            "gross_profit": null,
            "gross_margin": null,
            "gross_margin_4q_avg": 0,
            "net_income": null,
            "net_income_4q": null,
            "revenue": null,
            "revenue_4q": null,
            "common_shares": 0,
            "book_valuer_per_share": null,
            "book_valuer_per_share_4q_avg": 0,
            "equity": 0,
            "current_ratio": null,
            "debt_ratio": null,
            "inventory_turnover_ratio": null,
            "account_receivable_turnover_ratio": null,
            "reinvestment_rate": null,
            "research_to_sale_ratio": null,
            "price_fair": 0,
            "eps_avg_yearly": 0,
            "eps_latest_yearly": 0,
            "eps_growth_yearly": 0
        },
        "20101": {
            "year_quarter": 20101,
            "year": 2010,
            "quarter": 1,
            "eps": null,
            "eps_growth_year": null,
            "eps_4q": null,
            "eps_4q_growth_year": null,
            "roe": null,
            "roe_4q": 0,
            "gross_profit": null,
            "gross_margin": null,
            "gross_margin_4q_avg": 0,
            "net_income": null,
            "net_income_4q": null,
            "revenue": null,
            "revenue_4q": null,
            "common_shares": null,
            "book_valuer_per_share": null,
            "book_valuer_per_share_4q_avg": 0,
            "equity": null,
            "current_ratio": null,
            "debt_ratio": null,
            "inventory_turnover_ratio": null,
            "account_receivable_turnover_ratio": null,
            "reinvestment_rate": null,
            "research_to_sale_ratio": null,
            "price_fair": 0,
            "eps_avg_yearly": 0,
            "eps_latest_yearly": 0,
            "eps_growth_yearly": 0
        },
        "20102": {
            "year_quarter": 20102,
            "year": 2010,
            "quarter": 2,
            "eps": null,
            "eps_growth_year": null,
            "eps_4q": null,
            "eps_4q_growth_year": null,
            "roe": null,
            "roe_4q": 0,
            "gross_profit": null,
            "gross_margin": null,
            "gross_margin_4q_avg": 0,
            "net_income": null,
            "net_income_4q": null,
            "revenue": null,
            "revenue_4q": null,
            "common_shares": 0,
            "book_valuer_per_share": null,
            "book_valuer_per_share_4q_avg": 0,
            "equity": 0,
            "current_ratio": null,
            "debt_ratio": null,
            "inventory_turnover_ratio": null,
            "account_receivable_turnover_ratio": null,
            "reinvestment_rate": null,
            "research_to_sale_ratio": null,
            "price_fair": 0,
            "eps_avg_yearly": 0,
            "eps_latest_yearly": 0,
            "eps_growth_yearly": 0
        },
        "20103": {
            "year_quarter": 20103,
            "year": 2010,
            "quarter": 3,
            "eps": null,
            "eps_growth_year": null,
            "eps_4q": null,
            "eps_4q_growth_year": null,
            "roe": null,
            "roe_4q": 0,
            "gross_profit": null,
            "gross_margin": null,
            "gross_margin_4q_avg": 0,
            "net_income": null,
            "net_income_4q": null,
            "revenue": null,
            "revenue_4q": null,
            "common_shares": null,
            "book_valuer_per_share": null,
            "book_valuer_per_share_4q_avg": 0,
            "equity": null,
            "current_ratio": null,
            "debt_ratio": null,
            "inventory_turnover_ratio": null,
            "account_receivable_turnover_ratio": null,
            "reinvestment_rate": null,
            "research_to_sale_ratio": null,
            "price_fair": 0,
            "eps_avg_yearly": 0,
            "eps_latest_yearly": 0,
            "eps_growth_yearly": 0
        },
        "20104": {
            "year_quarter": 20104,
            "year": 2010,
            "quarter": 4,
            "eps": null,
            "eps_growth_year": null,
            "eps_4q": null,
            "eps_4q_growth_year": null,
            "roe": null,
            "roe_4q": 0,
            "gross_profit": null,
            "gross_margin": null,
            "gross_margin_4q_avg": 0,
            "net_income": null,
            "net_income_4q": null,
            "revenue": null,
            "revenue_4q": null,
            "common_shares": 483722,
            "book_valuer_per_share": 12.13,
            "book_valuer_per_share_4q_avg": 3.03,
            "equity": 586906,
            "current_ratio": 173.77,
            "debt_ratio": 55.29,
            "inventory_turnover_ratio": null,
            "account_receivable_turnover_ratio": null,
            "reinvestment_rate": null,
            "research_to_sale_ratio": null,
            "price_fair": 0,
            "eps_avg_yearly": 0,
            "eps_latest_yearly": 0,
            "eps_growth_yearly": 0
        },
        "20111": {
            "year_quarter": 20111,
            "year": 2011,
            "quarter": 1,
            "eps": null,
            "eps_growth_year": null,
            "eps_4q": null,
            "eps_4q_growth_year": null,
            "roe": null,
            "roe_4q": 0,
            "gross_profit": null,
            "gross_margin": null,
            "gross_margin_4q_avg": 0,
            "net_income": null,
            "net_income_4q": null,
            "revenue": null,
            "revenue_4q": null,
            "common_shares": null,
            "book_valuer_per_share": null,
            "book_valuer_per_share_4q_avg": 3.03,
            "equity": null,
            "current_ratio": null,
            "debt_ratio": null,
            "inventory_turnover_ratio": null,
            "account_receivable_turnover_ratio": null,
            "reinvestment_rate": null,
            "research_to_sale_ratio": null,
            "price_fair": 0,
            "eps_avg_yearly": 0,
            "eps_latest_yearly": 0,
            "eps_growth_yearly": 0
        },
        "20112": {
            "year_quarter": 20112,
            "year": 2011,
            "quarter": 2,
            "eps": null,
            "eps_growth_year": null,
            "eps_4q": null,
            "eps_4q_growth_year": null,
            "roe": null,
            "roe_4q": 0,
            "gross_profit": null,
            "gross_margin": null,
            "gross_margin_4q_avg": 0,
            "net_income": null,
            "net_income_4q": null,
            "revenue": null,
            "revenue_4q": null,
            "common_shares": 483722,
            "book_valuer_per_share": 12.89,
            "book_valuer_per_share_4q_avg": 6.26,
            "equity": 623726,
            "current_ratio": 168.16,
            "debt_ratio": 57.6,
            "inventory_turnover_ratio": null,
            "account_receivable_turnover_ratio": null,
            "reinvestment_rate": null,
            "research_to_sale_ratio": null,
            "price_fair": 0,
            "eps_avg_yearly": 0,
            "eps_latest_yearly": 0,
            "eps_growth_yearly": 0
        },
        "20113": {
            "year_quarter": 20113,
            "year": 2011,
            "quarter": 3,
            "eps": null,
            "eps_growth_year": null,
            "eps_4q": null,
            "eps_4q_growth_year": null,
            "roe": null,
            "roe_4q": 0,
            "gross_profit": null,
            "gross_margin": null,
            "gross_margin_4q_avg": 0,
            "net_income": null,
            "net_income_4q": null,
            "revenue": null,
            "revenue_4q": null,
            "common_shares": null,
            "book_valuer_per_share": null,
            "book_valuer_per_share_4q_avg": 6.26,
            "equity": null,
            "current_ratio": null,
            "debt_ratio": null,
            "inventory_turnover_ratio": null,
            "account_receivable_turnover_ratio": null,
            "reinvestment_rate": null,
            "research_to_sale_ratio": null,
            "price_fair": 0,
            "eps_avg_yearly": 0,
            "eps_latest_yearly": 0,
            "eps_growth_yearly": 0
        },
        "20114": {
            "year_quarter": 20114,
            "year": 2011,
            "quarter": 4,
            "eps": null,
            "eps_growth_year": null,
            "eps_4q": null,
            "eps_4q_growth_year": null,
            "roe": null,
            "roe_4q": 0,
            "gross_profit": null,
            "gross_margin": null,
            "gross_margin_4q_avg": 0,
            "net_income": null,
            "net_income_4q": null,
            "revenue": null,
            "revenue_4q": null,
            "common_shares": 498234,
            "book_valuer_per_share": 11.9,
            "book_valuer_per_share_4q_avg": 6.2,
            "equity": 592634,
            "current_ratio": 145.87,
            "debt_ratio": 65.78,
            "inventory_turnover_ratio": null,
            "account_receivable_turnover_ratio": null,
            "reinvestment_rate": null,
            "research_to_sale_ratio": null,
            "price_fair": 0,
            "eps_avg_yearly": 0,
            "eps_latest_yearly": 0,
            "eps_growth_yearly": 0
        },
        "20121": {
            "year_quarter": 20121,
            "year": 2012,
            "quarter": 1,
            "eps": null,
            "eps_growth_year": null,
            "eps_4q": null,
            "eps_4q_growth_year": null,
            "roe": null,
            "roe_4q": 0,
            "gross_profit": null,
            "gross_margin": null,
            "gross_margin_4q_avg": 0,
            "net_income": null,
            "net_income_4q": null,
            "revenue": null,
            "revenue_4q": null,
            "common_shares": null,
            "book_valuer_per_share": null,
            "book_valuer_per_share_4q_avg": 6.2,
            "equity": null,
            "current_ratio": null,
            "debt_ratio": null,
            "inventory_turnover_ratio": null,
            "account_receivable_turnover_ratio": null,
            "reinvestment_rate": null,
            "research_to_sale_ratio": null,
            "price_fair": 0,
            "eps_avg_yearly": 0,
            "eps_latest_yearly": 0,
            "eps_growth_yearly": 0
        },
        "20122": {
            "year_quarter": 20122,
            "year": 2012,
            "quarter": 2,
            "eps": null,
            "eps_growth_year": null,
            "eps_4q": null,
            "eps_4q_growth_year": null,
            "roe": null,
            "roe_4q": 0,
            "gross_profit": null,
            "gross_margin": null,
            "gross_margin_4q_avg": 0,
            "net_income": null,
            "net_income_4q": null,
            "revenue": null,
            "revenue_4q": null,
            "common_shares": 498234,
            "book_valuer_per_share": 12.04,
            "book_valuer_per_share_4q_avg": 5.99,
            "equity": 599793,
            "current_ratio": 148.88,
            "debt_ratio": 63.52,
            "inventory_turnover_ratio": null,
            "account_receivable_turnover_ratio": null,
            "reinvestment_rate": null,
            "research_to_sale_ratio": null,
            "price_fair": 0,
            "eps_avg_yearly": 0,
            "eps_latest_yearly": 0,
            "eps_growth_yearly": 0
        },
        "20123": {
            "year_quarter": 20123,
            "year": 2012,
            "quarter": 3,
            "eps": null,
            "eps_growth_year": null,
            "eps_4q": null,
            "eps_4q_growth_year": null,
            "roe": null,
            "roe_4q": 0,
            "gross_profit": null,
            "gross_margin": null,
            "gross_margin_4q_avg": 0,
            "net_income": null,
            "net_income_4q": null,
            "revenue": null,
            "revenue_4q": null,
            "common_shares": null,
            "book_valuer_per_share": null,
            "book_valuer_per_share_4q_avg": 5.99,
            "equity": null,
            "current_ratio": null,
            "debt_ratio": null,
            "inventory_turnover_ratio": null,
            "account_receivable_turnover_ratio": null,
            "reinvestment_rate": null,
            "research_to_sale_ratio": null,
            "price_fair": 0,
            "eps_avg_yearly": 0,
            "eps_latest_yearly": 0,
            "eps_growth_yearly": 0
        },
        "20124": {
            "year_quarter": 20124,
            "year": 2012,
            "quarter": 4,
            "eps": null,
            "eps_growth_year": null,
            "eps_4q": null,
            "eps_4q_growth_year": null,
            "roe": null,
            "roe_4q": 0,
            "gross_profit": null,
            "gross_margin": null,
            "gross_margin_4q_avg": 0,
            "net_income": null,
            "net_income_4q": null,
            "revenue": null,
            "revenue_4q": null,
            "common_shares": 505708,
            "book_valuer_per_share": 11.62,
            "book_valuer_per_share_4q_avg": 5.92,
            "equity": 587403,
            "current_ratio": 142.18,
            "debt_ratio": 64.94,
            "inventory_turnover_ratio": null,
            "account_receivable_turnover_ratio": null,
            "reinvestment_rate": null,
            "research_to_sale_ratio": null,
            "price_fair": 0,
            "eps_avg_yearly": 0,
            "eps_latest_yearly": 0,
            "eps_growth_yearly": 0
        },
        "20131": {
            "year_quarter": 20131,
            "year": 2013,
            "quarter": 1,
            "eps": null,
            "eps_growth_year": null,
            "eps_4q": null,
            "eps_4q_growth_year": null,
            "roe": null,
            "roe_4q": 0,
            "gross_profit": null,
            "gross_margin": null,
            "gross_margin_4q_avg": 0,
            "net_income": null,
            "net_income_4q": null,
            "revenue": null,
            "revenue_4q": null,
            "common_shares": null,
            "book_valuer_per_share": null,
            "book_valuer_per_share_4q_avg": 5.92,
            "equity": null,
            "current_ratio": null,
            "debt_ratio": null,
            "inventory_turnover_ratio": null,
            "account_receivable_turnover_ratio": null,
            "reinvestment_rate": null,
            "research_to_sale_ratio": null,
            "price_fair": 0,
            "eps_avg_yearly": 0,
            "eps_latest_yearly": 0,
            "eps_growth_yearly": 0
        },
        "20132": {
            "year_quarter": 20132,
            "year": 2013,
            "quarter": 2,
            "eps": 0,
            "eps_growth_year": null,
            "eps_4q": null,
            "eps_4q_growth_year": null,
            "roe": 14.54,
            "roe_4q": 14.54,
            "gross_profit": 229577,
            "gross_margin": 8.94,
            "gross_margin_4q_avg": 2.24,
            "net_income": 98037,
            "net_income_4q": null,
            "revenue": 2567986,
            "revenue_4q": null,
            "common_shares": 505708,
            "book_valuer_per_share": 13.33,
            "book_valuer_per_share_4q_avg": 6.24,
            "equity": 674331,
            "current_ratio": 149.1,
            "debt_ratio": 62.46,
            "inventory_turnover_ratio": 2.73,
            "account_receivable_turnover_ratio": 5.98,
            "reinvestment_rate": null,
            "research_to_sale_ratio": 0.89,
            "price_fair": 0,
            "eps_avg_yearly": 0,
            "eps_latest_yearly": 0,
            "eps_growth_yearly": 0
        },
        "20133": {
            "year_quarter": 20133,
            "year": 2013,
            "quarter": 3,
            "eps": null,
            "eps_growth_year": null,
            "eps_4q": null,
            "eps_4q_growth_year": null,
            "roe": null,
            "roe_4q": 14.54,
            "gross_profit": null,
            "gross_margin": null,
            "gross_margin_4q_avg": 2.24,
            "net_income": null,
            "net_income_4q": null,
            "revenue": null,
            "revenue_4q": null,
            "common_shares": null,
            "book_valuer_per_share": null,
            "book_valuer_per_share_4q_avg": 6.24,
            "equity": null,
            "current_ratio": null,
            "debt_ratio": null,
            "inventory_turnover_ratio": null,
            "account_receivable_turnover_ratio": null,
            "reinvestment_rate": null,
            "research_to_sale_ratio": null,
            "price_fair": 0,
            "eps_avg_yearly": 0,
            "eps_latest_yearly": 0,
            "eps_growth_yearly": 0
        },
        "20134": {
            "year_quarter": 20134,
            "year": 2013,
            "quarter": 4,
            "eps": null,
            "eps_growth_year": null,
            "eps_4q": null,
            "eps_4q_growth_year": null,
            "roe": null,
            "roe_4q": 14.54,
            "gross_profit": null,
            "gross_margin": null,
            "gross_margin_4q_avg": 2.24,
            "net_income": null,
            "net_income_4q": null,
            "revenue": null,
            "revenue_4q": null,
            "common_shares": 505708,
            "book_valuer_per_share": 13.36,
            "book_valuer_per_share_4q_avg": 6.67,
            "equity": 675839,
            "current_ratio": 163.89,
            "debt_ratio": 56.46,
            "inventory_turnover_ratio": null,
            "account_receivable_turnover_ratio": null,
            "reinvestment_rate": null,
            "research_to_sale_ratio": null,
            "price_fair": 0,
            "eps_avg_yearly": 0,
            "eps_latest_yearly": 0,
            "eps_growth_yearly": 0
        },
        "20141": {
            "year_quarter": 20141,
            "year": 2014,
            "quarter": 1,
            "eps": null,
            "eps_growth_year": null,
            "eps_4q": null,
            "eps_4q_growth_year": null,
            "roe": null,
            "roe_4q": 14.54,
            "gross_profit": null,
            "gross_margin": null,
            "gross_margin_4q_avg": 2.24,
            "net_income": null,
            "net_income_4q": null,
            "revenue": null,
            "revenue_4q": null,
            "common_shares": null,
            "book_valuer_per_share": null,
            "book_valuer_per_share_4q_avg": 6.67,
            "equity": null,
            "current_ratio": null,
            "debt_ratio": null,
            "inventory_turnover_ratio": null,
            "account_receivable_turnover_ratio": null,
            "reinvestment_rate": null,
            "research_to_sale_ratio": null,
            "price_fair": 0,
            "eps_avg_yearly": 0,
            "eps_latest_yearly": 0,
            "eps_growth_yearly": 0
        },
        "20142": {
            "year_quarter": 20142,
            "year": 2014,
            "quarter": 2,
            "eps": null,
            "eps_growth_year": null,
            "eps_4q": null,
            "eps_4q_growth_year": null,
            "roe": null,
            "roe_4q": 0,
            "gross_profit": null,
            "gross_margin": null,
            "gross_margin_4q_avg": 0,
            "net_income": null,
            "net_income_4q": null,
            "revenue": null,
            "revenue_4q": null,
            "common_shares": 505708,
            "book_valuer_per_share": 14.18,
            "book_valuer_per_share_4q_avg": 6.89,
            "equity": 716856,
            "current_ratio": 156.28,
            "debt_ratio": 59.8,
            "inventory_turnover_ratio": null,
            "account_receivable_turnover_ratio": null,
            "reinvestment_rate": null,
            "research_to_sale_ratio": null,
            "price_fair": 0,
            "eps_avg_yearly": 0,
            "eps_latest_yearly": 0,
            "eps_growth_yearly": 0
        },
        "20143": {
            "year_quarter": 20143,
            "year": 2014,
            "quarter": 3,
            "eps": null,
            "eps_growth_year": null,
            "eps_4q": null,
            "eps_4q_growth_year": null,
            "roe": null,
            "roe_4q": 0,
            "gross_profit": null,
            "gross_margin": null,
            "gross_margin_4q_avg": 0,
            "net_income": null,
            "net_income_4q": null,
            "revenue": null,
            "revenue_4q": null,
            "common_shares": null,
            "book_valuer_per_share": null,
            "book_valuer_per_share_4q_avg": 6.89,
            "equity": null,
            "current_ratio": null,
            "debt_ratio": null,
            "inventory_turnover_ratio": null,
            "account_receivable_turnover_ratio": null,
            "reinvestment_rate": null,
            "research_to_sale_ratio": null,
            "price_fair": 0,
            "eps_avg_yearly": 0,
            "eps_latest_yearly": 0,
            "eps_growth_yearly": 0
        },
        "20144": {
            "year_quarter": 20144,
            "year": 2014,
            "quarter": 4,
            "eps": null,
            "eps_growth_year": null,
            "eps_4q": null,
            "eps_4q_growth_year": null,
            "roe": null,
            "roe_4q": 0,
            "gross_profit": null,
            "gross_margin": null,
            "gross_margin_4q_avg": 0,
            "net_income": null,
            "net_income_4q": null,
            "revenue": null,
            "revenue_4q": null,
            "common_shares": 505977,
            "book_valuer_per_share": 14.21,
            "book_valuer_per_share_4q_avg": 7.1,
            "equity": 719194,
            "current_ratio": 167.11,
            "debt_ratio": 55.42,
            "inventory_turnover_ratio": null,
            "account_receivable_turnover_ratio": null,
            "reinvestment_rate": null,
            "research_to_sale_ratio": null,
            "price_fair": 0,
            "eps_avg_yearly": 0,
            "eps_latest_yearly": 0,
            "eps_growth_yearly": 0
        },
        "20151": {
            "year_quarter": 20151,
            "year": 2015,
            "quarter": 1,
            "eps": null,
            "eps_growth_year": null,
            "eps_4q": null,
            "eps_4q_growth_year": null,
            "roe": null,
            "roe_4q": 0,
            "gross_profit": null,
            "gross_margin": null,
            "gross_margin_4q_avg": 0,
            "net_income": null,
            "net_income_4q": null,
            "revenue": null,
            "revenue_4q": null,
            "common_shares": null,
            "book_valuer_per_share": null,
            "book_valuer_per_share_4q_avg": 7.1,
            "equity": null,
            "current_ratio": null,
            "debt_ratio": null,
            "inventory_turnover_ratio": null,
            "account_receivable_turnover_ratio": null,
            "reinvestment_rate": null,
            "research_to_sale_ratio": null,
            "price_fair": 0,
            "eps_avg_yearly": 0,
            "eps_latest_yearly": 0,
            "eps_growth_yearly": 0
        },
        "20152": {
            "year_quarter": 20152,
            "year": 2015,
            "quarter": 2,
            "eps": null,
            "eps_growth_year": null,
            "eps_4q": null,
            "eps_4q_growth_year": null,
            "roe": null,
            "roe_4q": 0,
            "gross_profit": null,
            "gross_margin": null,
            "gross_margin_4q_avg": 0,
            "net_income": null,
            "net_income_4q": null,
            "revenue": null,
            "revenue_4q": null,
            "common_shares": 505977,
            "book_valuer_per_share": 11.16,
            "book_valuer_per_share_4q_avg": 6.34,
            "equity": 564666,
            "current_ratio": 161.16,
            "debt_ratio": 55.92,
            "inventory_turnover_ratio": null,
            "account_receivable_turnover_ratio": null,
            "reinvestment_rate": null,
            "research_to_sale_ratio": null,
            "price_fair": 0,
            "eps_avg_yearly": 0,
            "eps_latest_yearly": 0,
            "eps_growth_yearly": 0
        },
        "20153": {
            "year_quarter": 20153,
            "year": 2015,
            "quarter": 3,
            "eps": null,
            "eps_growth_year": null,
            "eps_4q": null,
            "eps_4q_growth_year": null,
            "roe": null,
            "roe_4q": 0,
            "gross_profit": null,
            "gross_margin": null,
            "gross_margin_4q_avg": 0,
            "net_income": null,
            "net_income_4q": null,
            "revenue": null,
            "revenue_4q": null,
            "common_shares": null,
            "book_valuer_per_share": null,
            "book_valuer_per_share_4q_avg": 6.34,
            "equity": null,
            "current_ratio": null,
            "debt_ratio": null,
            "inventory_turnover_ratio": null,
            "account_receivable_turnover_ratio": null,
            "reinvestment_rate": null,
            "research_to_sale_ratio": null,
            "price_fair": 0,
            "eps_avg_yearly": 0,
            "eps_latest_yearly": 0,
            "eps_growth_yearly": 0
        },
        "20154": {
            "year_quarter": 20154,
            "year": 2015,
            "quarter": 4,
            "eps": null,
            "eps_growth_year": null,
            "eps_4q": null,
            "eps_4q_growth_year": null,
            "roe": null,
            "roe_4q": 0,
            "gross_profit": null,
            "gross_margin": null,
            "gross_margin_4q_avg": 0,
            "net_income": null,
            "net_income_4q": null,
            "revenue": null,
            "revenue_4q": null,
            "common_shares": 505977,
            "book_valuer_per_share": 8.55,
            "book_valuer_per_share_4q_avg": 4.93,
            "equity": 432519,
            "current_ratio": 139.94,
            "debt_ratio": 63.41,
            "inventory_turnover_ratio": null,
            "account_receivable_turnover_ratio": null,
            "reinvestment_rate": null,
            "research_to_sale_ratio": null,
            "price_fair": 0,
            "eps_avg_yearly": 0,
            "eps_latest_yearly": 0,
            "eps_growth_yearly": 0
        },
        "20161": {
            "year_quarter": 20161,
            "year": 2016,
            "quarter": 1,
            "eps": null,
            "eps_growth_year": null,
            "eps_4q": null,
            "eps_4q_growth_year": null,
            "roe": null,
            "roe_4q": 0,
            "gross_profit": null,
            "gross_margin": null,
            "gross_margin_4q_avg": 0,
            "net_income": null,
            "net_income_4q": null,
            "revenue": null,
            "revenue_4q": null,
            "common_shares": null,
            "book_valuer_per_share": null,
            "book_valuer_per_share_4q_avg": 4.93,
            "equity": null,
            "current_ratio": null,
            "debt_ratio": null,
            "inventory_turnover_ratio": null,
            "account_receivable_turnover_ratio": null,
            "reinvestment_rate": null,
            "research_to_sale_ratio": null,
            "price_fair": 0,
            "eps_avg_yearly": 0,
            "eps_latest_yearly": 0,
            "eps_growth_yearly": 0
        },
        "20162": {
            "year_quarter": 20162,
            "year": 2016,
            "quarter": 2,
            "eps": null,
            "eps_growth_year": null,
            "eps_4q": null,
            "eps_4q_growth_year": null,
            "roe": null,
            "roe_4q": 0,
            "gross_profit": null,
            "gross_margin": null,
            "gross_margin_4q_avg": 0,
            "net_income": null,
            "net_income_4q": null,
            "revenue": null,
            "revenue_4q": null,
            "common_shares": 505977,
            "book_valuer_per_share": 7.97,
            "book_valuer_per_share_4q_avg": 4.13,
            "equity": 403423,
            "current_ratio": 130.55,
            "debt_ratio": 68.25,
            "inventory_turnover_ratio": null,
            "account_receivable_turnover_ratio": null,
            "reinvestment_rate": null,
            "research_to_sale_ratio": null,
            "price_fair": 0,
            "eps_avg_yearly": 0,
            "eps_latest_yearly": 0,
            "eps_growth_yearly": 0
        },
        "20163": {
            "year_quarter": 20163,
            "year": 2016,
            "quarter": 3,
            "eps": null,
            "eps_growth_year": null,
            "eps_4q": null,
            "eps_4q_growth_year": null,
            "roe": null,
            "roe_4q": 0,
            "gross_profit": null,
            "gross_margin": null,
            "gross_margin_4q_avg": 0,
            "net_income": null,
            "net_income_4q": null,
            "revenue": null,
            "revenue_4q": null,
            "common_shares": null,
            "book_valuer_per_share": null,
            "book_valuer_per_share_4q_avg": 4.13,
            "equity": null,
            "current_ratio": null,
            "debt_ratio": null,
            "inventory_turnover_ratio": null,
            "account_receivable_turnover_ratio": null,
            "reinvestment_rate": null,
            "research_to_sale_ratio": null,
            "price_fair": 0,
            "eps_avg_yearly": 0,
            "eps_latest_yearly": 0,
            "eps_growth_yearly": 0
        },
        "20164": {
            "year_quarter": 20164,
            "year": 2016,
            "quarter": 4,
            "eps": null,
            "eps_growth_year": null,
            "eps_4q": null,
            "eps_4q_growth_year": null,
            "roe": null,
            "roe_4q": 0,
            "gross_profit": null,
            "gross_margin": null,
            "gross_margin_4q_avg": 0,
            "net_income": null,
            "net_income_4q": null,
            "revenue": null,
            "revenue_4q": null,
            "common_shares": null,
            "book_valuer_per_share": null,
            "book_valuer_per_share_4q_avg": 1.99,
            "equity": null,
            "current_ratio": null,
            "debt_ratio": null,
            "inventory_turnover_ratio": null,
            "account_receivable_turnover_ratio": null,
            "reinvestment_rate": null,
            "research_to_sale_ratio": null,
            "price_fair": 0,
            "eps_avg_yearly": 0,
            "eps_latest_yearly": 0,
            "eps_growth_yearly": 0
        },
        "20171": {
            "year_quarter": 20171,
            "year": 2017,
            "quarter": 1,
            "eps": null,
            "eps_growth_year": null,
            "eps_4q": null,
            "eps_4q_growth_year": null,
            "roe": null,
            "roe_4q": 0,
            "gross_profit": null,
            "gross_margin": null,
            "gross_margin_4q_avg": 0,
            "net_income": null,
            "net_income_4q": null,
            "revenue": null,
            "revenue_4q": null,
            "common_shares": null,
            "book_valuer_per_share": null,
            "book_valuer_per_share_4q_avg": 1.99,
            "equity": null,
            "current_ratio": null,
            "debt_ratio": null,
            "inventory_turnover_ratio": null,
            "account_receivable_turnover_ratio": null,
            "reinvestment_rate": null,
            "research_to_sale_ratio": null,
            "price_fair": 0,
            "eps_avg_yearly": 0,
            "eps_latest_yearly": 0,
            "eps_growth_yearly": 0
        },
        "20172": {
            "year_quarter": 20172,
            "year": 2017,
            "quarter": 2,
            "eps": null,
            "eps_growth_year": null,
            "eps_4q": null,
            "eps_4q_growth_year": null,
            "roe": null,
            "roe_4q": 0,
            "gross_profit": null,
            "gross_margin": null,
            "gross_margin_4q_avg": 0,
            "net_income": null,
            "net_income_4q": null,
            "revenue": null,
            "revenue_4q": null,
            "common_shares": 505977,
            "book_valuer_per_share": 13.18,
            "book_valuer_per_share_4q_avg": 3.3,
            "equity": 666892,
            "current_ratio": 164.73,
            "debt_ratio": 55.65,
            "inventory_turnover_ratio": null,
            "account_receivable_turnover_ratio": null,
            "reinvestment_rate": null,
            "research_to_sale_ratio": null,
            "price_fair": 0,
            "eps_avg_yearly": 0,
            "eps_latest_yearly": 0,
            "eps_growth_yearly": 0
        },
        "20173": {
            "year_quarter": 20173,
            "year": 2017,
            "quarter": 3,
            "eps": null,
            "eps_growth_year": null,
            "eps_4q": null,
            "eps_4q_growth_year": null,
            "roe": null,
            "roe_4q": 0,
            "gross_profit": null,
            "gross_margin": null,
            "gross_margin_4q_avg": 0,
            "net_income": null,
            "net_income_4q": null,
            "revenue": null,
            "revenue_4q": null,
            "common_shares": null,
            "book_valuer_per_share": null,
            "book_valuer_per_share_4q_avg": 3.3,
            "equity": null,
            "current_ratio": null,
            "debt_ratio": null,
            "inventory_turnover_ratio": null,
            "account_receivable_turnover_ratio": null,
            "reinvestment_rate": null,
            "research_to_sale_ratio": null,
            "price_fair": 0,
            "eps_avg_yearly": 0,
            "eps_latest_yearly": 0,
            "eps_growth_yearly": 0
        },
        "20174": {
            "year_quarter": 20174,
            "year": 2017,
            "quarter": 4,
            "eps": null,
            "eps_growth_year": null,
            "eps_4q": null,
            "eps_4q_growth_year": null,
            "roe": null,
            "roe_4q": 0,
            "gross_profit": null,
            "gross_margin": null,
            "gross_margin_4q_avg": 0,
            "net_income": null,
            "net_income_4q": null,
            "revenue": null,
            "revenue_4q": null,
            "common_shares": 505977,
            "book_valuer_per_share": 15.79,
            "book_valuer_per_share_4q_avg": 7.24,
            "equity": 798891,
            "current_ratio": 167.44,
            "debt_ratio": 55.74,
            "inventory_turnover_ratio": null,
            "account_receivable_turnover_ratio": null,
            "reinvestment_rate": null,
            "research_to_sale_ratio": null,
            "price_fair": 0,
            "eps_avg_yearly": 0,
            "eps_latest_yearly": 0,
            "eps_growth_yearly": 0
        },
        "20181": {
            "year_quarter": 20181,
            "year": 2018,
            "quarter": 1,
            "eps": null,
            "eps_growth_year": null,
            "eps_4q": null,
            "eps_4q_growth_year": null,
            "roe": null,
            "roe_4q": 0,
            "gross_profit": null,
            "gross_margin": null,
            "gross_margin_4q_avg": 0,
            "net_income": null,
            "net_income_4q": null,
            "revenue": null,
            "revenue_4q": null,
            "common_shares": null,
            "book_valuer_per_share": null,
            "book_valuer_per_share_4q_avg": 7.24,
            "equity": null,
            "current_ratio": null,
            "debt_ratio": null,
            "inventory_turnover_ratio": null,
            "account_receivable_turnover_ratio": null,
            "reinvestment_rate": null,
            "research_to_sale_ratio": null,
            "price_fair": 0,
            "eps_avg_yearly": 0,
            "eps_latest_yearly": 0,
            "eps_growth_yearly": 0
        },
        "20182": {
            "year_quarter": 20182,
            "year": 2018,
            "quarter": 2,
            "eps": null,
            "eps_growth_year": null,
            "eps_4q": null,
            "eps_4q_growth_year": null,
            "roe": null,
            "roe_4q": 0,
            "gross_profit": null,
            "gross_margin": null,
            "gross_margin_4q_avg": 0,
            "net_income": null,
            "net_income_4q": null,
            "revenue": null,
            "revenue_4q": null,
            "common_shares": 505977,
            "book_valuer_per_share": 16.79,
            "book_valuer_per_share_4q_avg": 8.15,
            "equity": 849679,
            "current_ratio": 182.61,
            "debt_ratio": 51.07,
            "inventory_turnover_ratio": null,
            "account_receivable_turnover_ratio": null,
            "reinvestment_rate": null,
            "research_to_sale_ratio": null,
            "price_fair": 0,
            "eps_avg_yearly": 0,
            "eps_latest_yearly": 0,
            "eps_growth_yearly": 0
        },
        "20183": {
            "year_quarter": 20183,
            "year": 2018,
            "quarter": 3,
            "eps": 0.9,
            "eps_growth_year": null,
            "eps_4q": null,
            "eps_4q_growth_year": null,
            "roe": 5.55,
            "roe_4q": 5.55,
            "gross_profit": 134950,
            "gross_margin": 6.9,
            "gross_margin_4q_avg": 1.73,
            "net_income": 51890,
            "net_income_4q": null,
            "revenue": 1956963,
            "revenue_4q": null,
            "common_shares": 601575,
            "book_valuer_per_share": 16.98,
            "book_valuer_per_share_4q_avg": 12.39,
            "equity": 1021183,
            "current_ratio": 207.63,
            "debt_ratio": 45.09,
            "inventory_turnover_ratio": 2.35,
            "account_receivable_turnover_ratio": 3.27,
            "reinvestment_rate": null,
            "research_to_sale_ratio": 0.55,
            "price_fair": 0,
            "eps_avg_yearly": 0,
            "eps_latest_yearly": 0,
            "eps_growth_yearly": 0
        },
        "20184": {
            "year_quarter": 20184,
            "year": 2018,
            "quarter": 4,
            "eps": 0.32,
            "eps_growth_year": null,
            "eps_4q": null,
            "eps_4q_growth_year": null,
            "roe": 1.89,
            "roe_4q": 7.4399999999999995,
            "gross_profit": 85475,
            "gross_margin": 4.58,
            "gross_margin_4q_avg": 2.87,
            "net_income": 19533,
            "net_income_4q": null,
            "revenue": 1867857,
            "revenue_4q": null,
            "common_shares": 601575,
            "book_valuer_per_share": 17.3,
            "book_valuer_per_share_4q_avg": 12.77,
            "equity": 1040755,
            "current_ratio": 293.07,
            "debt_ratio": 31.78,
            "inventory_turnover_ratio": 2.68,
            "account_receivable_turnover_ratio": 3.57,
            "reinvestment_rate": null,
            "research_to_sale_ratio": 0.51,
            "price_fair": 3.84,
            "eps_avg_yearly": 1.28,
            "eps_latest_yearly": 1.28,
            "eps_growth_yearly": -257.78
        },
        "20191": {
            "year_quarter": 20191,
            "year": 2019,
            "quarter": 1,
            "eps": 0.62,
            "eps_growth_year": null,
            "eps_4q": null,
            "eps_4q_growth_year": null,
            "roe": 3.57,
            "roe_4q": 11.01,
            "gross_profit": 114745,
            "gross_margin": 6.78,
            "gross_margin_4q_avg": 4.57,
            "net_income": 41511,
            "net_income_4q": null,
            "revenue": 1692267,
            "revenue_4q": null,
            "common_shares": 682575,
            "book_valuer_per_share": 18.84,
            "book_valuer_per_share_4q_avg": 17.48,
            "equity": 1286297,
            "current_ratio": 295.58,
            "debt_ratio": 31.43,
            "inventory_turnover_ratio": 2.11,
            "account_receivable_turnover_ratio": 4.13,
            "reinvestment_rate": null,
            "research_to_sale_ratio": 0.62,
            "price_fair": 65.8,
            "eps_avg_yearly": 1.88,
            "eps_latest_yearly": 2.48,
            "eps_growth_yearly": 58.61
        },
        "20192": {
            "year_quarter": 20192,
            "year": 2019,
            "quarter": 2,
            "eps": -0.83,
            "eps_growth_year": null,
            "eps_4q": 0.83,
            "eps_4q_growth_year": null,
            "roe": -4.75,
            "roe_4q": 6.26,
            "gross_profit": -5980,
            "gross_margin": -0.33,
            "gross_margin_4q_avg": 4.48,
            "net_income": -56503,
            "net_income_4q": null,
            "revenue": 1801444,
            "revenue_4q": null,
            "common_shares": 682575,
            "book_valuer_per_share": 16.03,
            "book_valuer_per_share_4q_avg": 17.29,
            "equity": 1094158,
            "current_ratio": 200.47,
            "debt_ratio": 45.94,
            "inventory_turnover_ratio": 1.97,
            "account_receivable_turnover_ratio": 3.6,
            "reinvestment_rate": null,
            "research_to_sale_ratio": 0.49,
            "price_fair": 65.8,
            "eps_avg_yearly": 1.88,
            "eps_latest_yearly": 2.48,
            "eps_growth_yearly": 58.61
        },
        "20193": {
            "year_quarter": 20193,
            "year": 2019,
            "quarter": 3,
            "eps": 0.73,
            "eps_growth_year": -18.89,
            "eps_4q": 0.79,
            "eps_4q_growth_year": null,
            "roe": 4.43,
            "roe_4q": 5.14,
            "gross_profit": 144550,
            "gross_margin": 9.27,
            "gross_margin_4q_avg": 5.08,
            "net_income": 49562,
            "net_income_4q": null,
            "revenue": 1558921,
            "revenue_4q": null,
            "common_shares": 682575,
            "book_valuer_per_share": 16.75,
            "book_valuer_per_share_4q_avg": 17.23,
            "equity": 1143329,
            "current_ratio": 195.8,
            "debt_ratio": 46.84,
            "inventory_turnover_ratio": 1.38,
            "account_receivable_turnover_ratio": 2.78,
            "reinvestment_rate": null,
            "research_to_sale_ratio": 0.74,
            "price_fair": 65.8,
            "eps_avg_yearly": 1.88,
            "eps_latest_yearly": 2.48,
            "eps_growth_yearly": 58.61
        },
        "20194": {
            "year_quarter": 20194,
            "year": 2019,
            "quarter": 4,
            "eps": -0.41,
            "eps_growth_year": -224.75,
            "eps_4q": 0.12,
            "eps_4q_growth_year": null,
            "roe": -2.43,
            "roe_4q": 0.8199999999999994,
            "gross_profit": 117334,
            "gross_margin": 6.33,
            "gross_margin_4q_avg": 5.51,
            "net_income": -26838,
            "net_income_4q": null,
            "revenue": 1852689,
            "revenue_4q": null,
            "common_shares": 682575,
            "book_valuer_per_share": 16.06,
            "book_valuer_per_share_4q_avg": 16.92,
            "equity": 1064293,
            "current_ratio": 163.08,
            "debt_ratio": 57.18,
            "inventory_turnover_ratio": 1.4,
            "account_receivable_turnover_ratio": 3.66,
            "reinvestment_rate": null,
            "research_to_sale_ratio": 0.41,
            "price_fair": 65.8,
            "eps_avg_yearly": 1.88,
            "eps_latest_yearly": 2.48,
            "eps_growth_yearly": 58.61
        },
        "20201": {
            "year_quarter": 20201,
            "year": 2020,
            "quarter": 1,
            "eps": 2.28,
            "eps_growth_year": 267.74,
            "eps_4q": 1.77,
            "eps_4q_growth_year": null,
            "roe": 12.86,
            "roe_4q": 10.11,
            "gross_profit": 282465,
            "gross_margin": 18.26,
            "gross_margin_4q_avg": 8.38,
            "net_income": 151182,
            "net_income_4q": null,
            "revenue": 1546903,
            "revenue_4q": null,
            "common_shares": 682575,
            "book_valuer_per_share": 19.43,
            "book_valuer_per_share_4q_avg": 17.07,
            "equity": 1287447,
            "current_ratio": 184.45,
            "debt_ratio": 65.29,
            "inventory_turnover_ratio": 0.69,
            "account_receivable_turnover_ratio": 2.71,
            "reinvestment_rate": null,
            "research_to_sale_ratio": 0.89,
            "price_fair": 65.8,
            "eps_avg_yearly": 1.88,
            "eps_latest_yearly": 2.48,
            "eps_growth_yearly": 58.61
        },
        "20202": {
            "year_quarter": 20202,
            "year": 2020,
            "quarter": 2,
            "eps": 0.55,
            "eps_growth_year": null,
            "eps_4q": 3.12,
            "eps_4q_growth_year": 276.98,
            "roe": 2.84,
            "roe_4q": 17.7,
            "gross_profit": 162038,
            "gross_margin": 7.35,
            "gross_margin_4q_avg": 10.3,
            "net_income": 36694,
            "net_income_4q": null,
            "revenue": 2205950,
            "revenue_4q": null,
            "common_shares": 695731,
            "book_valuer_per_share": 19.24,
            "book_valuer_per_share_4q_avg": 17.87,
            "equity": 1300400,
            "current_ratio": 178.5,
            "debt_ratio": 64.23,
            "inventory_turnover_ratio": 0.99,
            "account_receivable_turnover_ratio": 3.55,
            "reinvestment_rate": null,
            "research_to_sale_ratio": 0.45,
            "price_fair": 5.96,
            "eps_avg_yearly": 1.99,
            "eps_latest_yearly": 2.2,
            "eps_growth_yearly": -62.1
        },
        "20203": {
            "year_quarter": 20203,
            "year": 2020,
            "quarter": 3,
            "eps": -1.01,
            "eps_growth_year": -238.36,
            "eps_4q": 1.28,
            "eps_4q_growth_year": 61.3,
            "roe": -5.25,
            "roe_4q": 8.02,
            "gross_profit": 14909,
            "gross_margin": 0.72,
            "gross_margin_4q_avg": 8.17,
            "net_income": -69781,
            "net_income_4q": null,
            "revenue": 2071069,
            "revenue_4q": null,
            "common_shares": 733754,
            "book_valuer_per_share": 18.99,
            "book_valuer_per_share_4q_avg": 18.43,
            "equity": 1355481,
            "current_ratio": 187.35,
            "debt_ratio": 59.29,
            "inventory_turnover_ratio": 1.11,
            "account_receivable_turnover_ratio": 3.3,
            "reinvestment_rate": null,
            "research_to_sale_ratio": 0.39,
            "price_fair": 5.96,
            "eps_avg_yearly": 1.99,
            "eps_latest_yearly": 2.2,
            "eps_growth_yearly": -62.1
        },
        "20204": {
            "year_quarter": 20204,
            "year": 2020,
            "quarter": 4,
            "eps": 0.32,
            "eps_growth_year": null,
            "eps_4q": 1.95,
            "eps_4q_growth_year": 1570.34,
            "roe": 1.64,
            "roe_4q": 12.09,
            "gross_profit": 176135,
            "gross_margin": 10.5,
            "gross_margin_4q_avg": 9.21,
            "net_income": 23197,
            "net_income_4q": null,
            "revenue": 1677992,
            "revenue_4q": null,
            "common_shares": 744865,
            "book_valuer_per_share": 20.41,
            "book_valuer_per_share_4q_avg": 19.52,
            "equity": 1479594,
            "current_ratio": 279.03,
            "debt_ratio": 60.19,
            "inventory_turnover_ratio": 0.71,
            "account_receivable_turnover_ratio": 2.88,
            "reinvestment_rate": null,
            "research_to_sale_ratio": 0.66,
            "price_fair": 5.96,
            "eps_avg_yearly": 1.99,
            "eps_latest_yearly": 2.2,
            "eps_growth_yearly": -62.1
        },
        "20211": {
            "year_quarter": 20211,
            "year": 2021,
            "quarter": 1,
            "eps": 2.16,
            "eps_growth_year": -5.26,
            "eps_4q": 1.97,
            "eps_4q_growth_year": 10.98,
            "roe": 9.9,
            "roe_4q": 9.13,
            "gross_profit": 356482,
            "gross_margin": 18.63,
            "gross_margin_4q_avg": 9.3,
            "net_income": 166227,
            "net_income_4q": null,
            "revenue": 1913349,
            "revenue_4q": null,
            "common_shares": 814990,
            "book_valuer_per_share": 23.64,
            "book_valuer_per_share_4q_avg": 20.57,
            "equity": 1879408,
            "current_ratio": 199.25,
            "debt_ratio": 61.22,
            "inventory_turnover_ratio": 0.57,
            "account_receivable_turnover_ratio": 3.3,
            "reinvestment_rate": null,
            "research_to_sale_ratio": 0.68,
            "price_fair": 127.75,
            "eps_avg_yearly": 3.65,
            "eps_latest_yearly": 8.64,
            "eps_growth_yearly": 528.43
        },
        "20212": {
            "year_quarter": 20212,
            "year": 2021,
            "quarter": 2,
            "eps": 1.72,
            "eps_growth_year": 212.73,
            "eps_4q": 2.96,
            "eps_4q_growth_year": -4.98,
            "roe": 6.92,
            "roe_4q": 13.21,
            "gross_profit": 308998,
            "gross_margin": 15.8,
            "gross_margin_4q_avg": 11.41,
            "net_income": 145031,
            "net_income_4q": null,
            "revenue": 1955111,
            "revenue_4q": null,
            "common_shares": 913697,
            "book_valuer_per_share": 25.9,
            "book_valuer_per_share_4q_avg": 22.24,
            "equity": 2314750,
            "current_ratio": 209.46,
            "debt_ratio": 53.58,
            "inventory_turnover_ratio": 0.51,
            "account_receivable_turnover_ratio": 3.03,
            "reinvestment_rate": null,
            "research_to_sale_ratio": 0.64,
            "price_fair": 150.36,
            "eps_avg_yearly": 4.3,
            "eps_latest_yearly": 6.88,
            "eps_growth_yearly": 406.45
        },
        "20213": {
            "year_quarter": 20213,
            "year": 2021,
            "quarter": 3,
            "eps": -2.08,
            "eps_growth_year": null,
            "eps_4q": 1.31,
            "eps_4q_growth_year": 2.79,
            "roe": -8.33,
            "roe_4q": 10.13,
            "gross_profit": -122771,
            "gross_margin": -6.9,
            "gross_margin_4q_avg": 9.51,
            "net_income": -202754,
            "net_income_4q": null,
            "revenue": 1778491,
            "revenue_4q": null,
            "common_shares": 1022124,
            "book_valuer_per_share": 25.5,
            "book_valuer_per_share_4q_avg": 23.86,
            "equity": 2555489,
            "current_ratio": 296.24,
            "debt_ratio": 31.98,
            "inventory_turnover_ratio": 0.67,
            "account_receivable_turnover_ratio": 2.83,
            "reinvestment_rate": null,
            "research_to_sale_ratio": 0.32,
            "price_fair": 150.36,
            "eps_avg_yearly": 4.3,
            "eps_latest_yearly": 6.88,
            "eps_growth_yearly": 406.45
        },
        "20214": {
            "year_quarter": 20214,
            "year": 2021,
            "quarter": 4,
            "eps": -2,
            "eps_growth_year": -723.6,
            "eps_4q": -0.91,
            "eps_4q_growth_year": -146.83,
            "roe": -8.15,
            "roe_4q": 0.33999999999999986,
            "gross_profit": -91151,
            "gross_margin": -4.55,
            "gross_margin_4q_avg": 5.75,
            "net_income": -199988,
            "net_income_4q": null,
            "revenue": 2004821,
            "revenue_4q": null,
            "common_shares": 1022124,
            "book_valuer_per_share": 23.49,
            "book_valuer_per_share_4q_avg": 24.63,
            "equity": 2353550,
            "current_ratio": 259.79,
            "debt_ratio": 36.66,
            "inventory_turnover_ratio": 0.92,
            "account_receivable_turnover_ratio": 3.34,
            "reinvestment_rate": null,
            "research_to_sale_ratio": 0.34,
            "price_fair": 150.36,
            "eps_avg_yearly": 4.3,
            "eps_latest_yearly": 6.88,
            "eps_growth_yearly": 406.45
        },
        "20221": {
            "year_quarter": 20221,
            "year": 2022,
            "quarter": 1,
            "eps": 0.39,
            "eps_growth_year": -81.94,
            "eps_4q": -2.18,
            "eps_4q_growth_year": -211.04,
            "roe": 1.64,
            "roe_4q": -7.92,
            "gross_profit": 169903,
            "gross_margin": 9.97,
            "gross_margin_4q_avg": 3.58,
            "net_income": 38887,
            "net_income_4q": null,
            "revenue": 1704875,
            "revenue_4q": null,
            "common_shares": 1022124,
            "book_valuer_per_share": 23.87,
            "book_valuer_per_share_4q_avg": 24.69,
            "equity": 2392559,
            "current_ratio": 295.07,
            "debt_ratio": 36.73,
            "inventory_turnover_ratio": 0.72,
            "account_receivable_turnover_ratio": 3.01,
            "reinvestment_rate": null,
            "research_to_sale_ratio": 0.76,
            "price_fair": 150.36,
            "eps_avg_yearly": 4.3,
            "eps_latest_yearly": 6.88,
            "eps_growth_yearly": 406.45
        },
        "20222": {
            "year_quarter": 20222,
            "year": 2022,
            "quarter": 2,
            "eps": -0.26,
            "eps_growth_year": -115.12,
            "eps_4q": -3.89,
            "eps_4q_growth_year": -231.45,
            "roe": -1.1,
            "roe_4q": -15.940000000000001,
            "gross_profit": 98388,
            "gross_margin": 6.27,
            "gross_margin_4q_avg": 1.2,
            "net_income": -26265,
            "net_income_4q": null,
            "revenue": 1568627,
            "revenue_4q": null,
            "common_shares": 1022124,
            "book_valuer_per_share": 23.57,
            "book_valuer_per_share_4q_avg": 24.11,
            "equity": 2361809,
            "current_ratio": 518.81,
            "debt_ratio": 25.91,
            "inventory_turnover_ratio": 0.88,
            "account_receivable_turnover_ratio": 3.14,
            "reinvestment_rate": 149.32,
            "research_to_sale_ratio": 0.67,
            "price_fair": 150.36,
            "eps_avg_yearly": 4.3,
            "eps_latest_yearly": 6.88,
            "eps_growth_yearly": 406.45
        },
        "20223": {
            "year_quarter": 20223,
            "year": 2022,
            "quarter": 3,
            "eps": -1.12,
            "eps_growth_year": null,
            "eps_4q": -3.94,
            "eps_4q_growth_year": -399.92,
            "roe": -4.11,
            "roe_4q": -11.720000000000002,
            "gross_profit": 73088,
            "gross_margin": 4.33,
            "gross_margin_4q_avg": 4.01,
            "net_income": -89137,
            "net_income_4q": null,
            "revenue": 1686110,
            "revenue_4q": null,
            "common_shares": 715487,
            "book_valuer_per_share": 28.15,
            "book_valuer_per_share_4q_avg": 24.77,
            "equity": 1974350,
            "current_ratio": 224.29,
            "debt_ratio": 46.75,
            "inventory_turnover_ratio": 1.13,
            "account_receivable_turnover_ratio": 3.38,
            "reinvestment_rate": 37560.75,
            "research_to_sale_ratio": 0.63,
            "price_fair": 150.36,
            "eps_avg_yearly": 4.3,
            "eps_latest_yearly": 6.88,
            "eps_growth_yearly": 406.45
        },
        "20224": {
            "year_quarter": 20224,
            "year": 2022,
            "quarter": 4,
            "eps": 1.1,
            "eps_growth_year": null,
            "eps_4q": 0.01,
            "eps_4q_growth_year": null,
            "roe": 3.82,
            "roe_4q": 0.24999999999999933,
            "gross_profit": 284282,
            "gross_margin": 16.12,
            "gross_margin_4q_avg": 9.17,
            "net_income": 76984,
            "net_income_4q": null,
            "revenue": 1763441,
            "revenue_4q": null,
            "common_shares": 715487,
            "book_valuer_per_share": 29.28,
            "book_valuer_per_share_4q_avg": 26.22,
            "equity": 2053617,
            "current_ratio": 193.26,
            "debt_ratio": 52.78,
            "inventory_turnover_ratio": 0.72,
            "account_receivable_turnover_ratio": 3.17,
            "reinvestment_rate": 361.59,
            "research_to_sale_ratio": 0.56,
            "price_fair": 176.75,
            "eps_avg_yearly": 5.05,
            "eps_latest_yearly": 6.88,
            "eps_growth_yearly": 572.5
        },
        "20231": {
            "year_quarter": 20231,
            "year": 2023,
            "quarter": 1,
            "eps": -0.54,
            "eps_growth_year": -238.46,
            "eps_4q": -1.09,
            "eps_4q_growth_year": null,
            "roe": -1.9,
            "roe_4q": -3.2900000000000005,
            "gross_profit": 117256,
            "gross_margin": 7.47,
            "gross_margin_4q_avg": 8.55,
            "net_income": -38060,
            "net_income_4q": null,
            "revenue": 1569616,
            "revenue_4q": null,
            "common_shares": 715487,
            "book_valuer_per_share": 27.73,
            "book_valuer_per_share_4q_avg": 27.18,
            "equity": 1945022,
            "current_ratio": 131.86,
            "debt_ratio": 74.73,
            "inventory_turnover_ratio": 0.34,
            "account_receivable_turnover_ratio": 2.86,
            "reinvestment_rate": null,
            "research_to_sale_ratio": 0.66,
            "price_fair": 206.73,
            "eps_avg_yearly": 5.91,
            "eps_latest_yearly": 6.88,
            "eps_growth_yearly": 638.34
        },
        "20232": {
            "year_quarter": 20232,
            "year": 2023,
            "quarter": 2,
            "eps": 0.49,
            "eps_growth_year": null,
            "eps_4q": -0.22,
            "eps_4q_growth_year": null,
            "roe": 1.76,
            "roe_4q": -0.4300000000000006,
            "gross_profit": 230118,
            "gross_margin": 4.07,
            "gross_margin_4q_avg": 8,
            "net_income": 34557,
            "net_income_4q": null,
            "revenue": 5655299,
            "revenue_4q": null,
            "common_shares": 715487,
            "book_valuer_per_share": 28.13,
            "book_valuer_per_share_4q_avg": 28.32,
            "equity": 1973470,
            "current_ratio": 131.53,
            "debt_ratio": 74.8,
            "inventory_turnover_ratio": 1.03,
            "account_receivable_turnover_ratio": 4.85,
            "reinvestment_rate": 297.17,
            "research_to_sale_ratio": 0.21,
            "price_fair": 206.73,
            "eps_avg_yearly": 5.91,
            "eps_latest_yearly": 6.88,
            "eps_growth_yearly": 638.34
        },
        "20233": {
            "year_quarter": 20233,
            "year": 2023,
            "quarter": 3,
            "eps": 0.54,
            "eps_growth_year": null,
            "eps_4q": 1.59,
            "eps_4q_growth_year": null,
            "roe": 1.9,
            "roe_4q": 5.58,
            "gross_profit": 347651,
            "gross_margin": 9.53,
            "gross_margin_4q_avg": 9.3,
            "net_income": 37863,
            "net_income_4q": null,
            "revenue": 3647504,
            "revenue_4q": null,
            "common_shares": 715487,
            "book_valuer_per_share": 28.7,
            "book_valuer_per_share_4q_avg": 28.46,
            "equity": 2013163,
            "current_ratio": 126.04,
            "debt_ratio": 77.93,
            "inventory_turnover_ratio": 0.61,
            "account_receivable_turnover_ratio": 2.61,
            "reinvestment_rate": 350.45,
            "research_to_sale_ratio": 0.34,
            "price_fair": 173.95,
            "eps_avg_yearly": 4.97,
            "eps_latest_yearly": 2.16,
            "eps_growth_yearly": 488.96
        }
    },
    "months": {
        "2010-10": {
            "month": "2010-10",
            "price": "27.46",
            "revenue": 602645
        },
        "2010-11": {
            "month": "2010-11",
            "price": "26.00",
            "revenue": 528076
        },
        "2010-12": {
            "month": "2010-12",
            "price": "26.48",
            "revenue": 559325
        },
        "2011-01": {
            "month": "2011-01",
            "price": "26.82",
            "revenue": 515224
        },
        "2011-02": {
            "month": "2011-02",
            "price": "28.60",
            "revenue": 292210
        },
        "2011-03": {
            "month": "2011-03",
            "price": "28.23",
            "revenue": 739339
        },
        "2011-04": {
            "month": "2011-04",
            "price": "27.75",
            "revenue": 392034
        },
        "2011-05": {
            "month": "2011-05",
            "price": "23.69",
            "revenue": 441769
        },
        "2011-06": {
            "month": "2011-06",
            "price": "25.40",
            "revenue": 598373
        },
        "2011-07": {
            "month": "2011-07",
            "price": "24.45",
            "revenue": 580796
        },
        "2011-08": {
            "month": "2011-08",
            "price": "21.83",
            "revenue": 588230
        },
        "2011-09": {
            "month": "2011-09",
            "price": "20.90",
            "revenue": 525888
        },
        "2011-10": {
            "month": "2011-10",
            "price": "22.78",
            "revenue": 443418
        },
        "2011-11": {
            "month": "2011-11",
            "price": "18.95",
            "revenue": 453702
        },
        "2011-12": {
            "month": "2011-12",
            "price": "17.16",
            "revenue": 494072
        },
        "2012-01": {
            "month": "2012-01",
            "price": "16.79",
            "revenue": 456515
        },
        "2012-02": {
            "month": "2012-02",
            "price": "16.96",
            "revenue": 451386
        },
        "2012-03": {
            "month": "2012-03",
            "price": "17.35",
            "revenue": 555781
        },
        "2012-04": {
            "month": "2012-04",
            "price": "16.93",
            "revenue": 371672
        },
        "2012-05": {
            "month": "2012-05",
            "price": "16.23",
            "revenue": 415031
        },
        "2012-06": {
            "month": "2012-06",
            "price": "16.28",
            "revenue": 483101
        },
        "2012-07": {
            "month": "2012-07",
            "price": "14.81",
            "revenue": 485953
        },
        "2012-08": {
            "month": "2012-08",
            "price": "14.20",
            "revenue": 518714
        },
        "2012-09": {
            "month": "2012-09",
            "price": "13.28",
            "revenue": 536912
        },
        "2012-10": {
            "month": "2012-10",
            "price": "13.83",
            "revenue": 420041
        },
        "2012-11": {
            "month": "2012-11",
            "price": "14.13",
            "revenue": 535394
        },
        "2012-12": {
            "month": "2012-12",
            "price": "12.20",
            "revenue": 616811
        },
        "2013-01": {
            "month": "2013-01",
            "price": "10.46",
            "revenue": 313249
        },
        "2013-02": {
            "month": "2013-02",
            "price": "10.30",
            "revenue": 347823
        },
        "2013-03": {
            "month": "2013-03",
            "price": "11.60",
            "revenue": 597177
        },
        "2013-04": {
            "month": "2013-04",
            "price": "10.82",
            "revenue": 398605
        },
        "2013-05": {
            "month": "2013-05",
            "price": "11.72",
            "revenue": 377113
        },
        "2013-06": {
            "month": "2013-06",
            "price": "11.26",
            "revenue": 534240
        },
        "2013-07": {
            "month": "2013-07",
            "price": "10.76",
            "revenue": 434892
        },
        "2013-08": {
            "month": "2013-08",
            "price": "12.02",
            "revenue": 363517
        },
        "2013-09": {
            "month": "2013-09",
            "price": "12.57",
            "revenue": 485532
        },
        "2013-10": {
            "month": "2013-10",
            "price": "13.01",
            "revenue": 569316
        },
        "2013-11": {
            "month": "2013-11",
            "price": "11.41",
            "revenue": 499607
        },
        "2013-12": {
            "month": "2013-12",
            "price": "10.95",
            "revenue": 630335
        },
        "2014-01": {
            "month": "2014-01",
            "price": "12.20",
            "revenue": 492594
        },
        "2014-02": {
            "month": "2014-02",
            "price": "15.17",
            "revenue": 425845
        },
        "2014-03": {
            "month": "2014-03",
            "price": "14.47",
            "revenue": 545951
        },
        "2014-04": {
            "month": "2014-04",
            "price": "13.11",
            "revenue": 616091
        },
        "2014-05": {
            "month": "2014-05",
            "price": "14.33",
            "revenue": 453253
        },
        "2014-06": {
            "month": "2014-06",
            "price": "16.38",
            "revenue": 551807
        },
        "2014-07": {
            "month": "2014-07",
            "price": "14.94",
            "revenue": 680667
        },
        "2014-08": {
            "month": "2014-08",
            "price": "17.64",
            "revenue": 477869
        },
        "2014-09": {
            "month": "2014-09",
            "price": "17.09",
            "revenue": 484466
        },
        "2014-10": {
            "month": "2014-10",
            "price": "17.12",
            "revenue": 744343
        },
        "2014-11": {
            "month": "2014-11",
            "price": "17.31",
            "revenue": 520232
        },
        "2014-12": {
            "month": "2014-12",
            "price": "20.36",
            "revenue": 676653
        },
        "2015-01": {
            "month": "2015-01",
            "price": "21.17",
            "revenue": 426423
        },
        "2015-02": {
            "month": "2015-02",
            "price": "19.55",
            "revenue": 299934
        },
        "2015-03": {
            "month": "2015-03",
            "price": "19.21",
            "revenue": 350413
        },
        "2015-04": {
            "month": "2015-04",
            "price": "18.22",
            "revenue": 297688
        },
        "2015-05": {
            "month": "2015-05",
            "price": "14.59",
            "revenue": 327725
        },
        "2015-06": {
            "month": "2015-06",
            "price": "14.02",
            "revenue": 337338
        },
        "2015-07": {
            "month": "2015-07",
            "price": "11.79",
            "revenue": 321417
        },
        "2015-08": {
            "month": "2015-08",
            "price": "9.07",
            "revenue": 388447
        },
        "2015-09": {
            "month": "2015-09",
            "price": "9.11",
            "revenue": 347384
        },
        "2015-10": {
            "month": "2015-10",
            "price": "8.59",
            "revenue": 383341
        },
        "2015-11": {
            "month": "2015-11",
            "price": "7.33",
            "revenue": 348745
        },
        "2015-12": {
            "month": "2015-12",
            "price": "7.30",
            "revenue": 329662
        },
        "2016-01": {
            "month": "2016-01",
            "price": "7.50",
            "revenue": 297595
        },
        "2016-02": {
            "month": "2016-02",
            "price": "7.45",
            "revenue": 190541
        },
        "2016-03": {
            "month": "2016-03",
            "price": "5.90",
            "revenue": 282081
        },
        "2016-04": {
            "month": "2016-04",
            "price": "4.91",
            "revenue": 271965
        },
        "2016-05": {
            "month": "2016-05",
            "price": "4.69",
            "revenue": 350402
        },
        "2016-06": {
            "month": "2016-06",
            "price": "5.77",
            "revenue": 356388
        },
        "2016-07": {
            "month": "2016-07",
            "price": "6.40",
            "revenue": 293326
        },
        "2016-08": {
            "month": "2016-08",
            "price": "6.13",
            "revenue": 279639
        },
        "2016-09": {
            "month": "2016-09",
            "price": "5.88",
            "revenue": 327906
        },
        "2016-10": {
            "month": "2016-10",
            "price": "5.96",
            "revenue": 346001
        },
        "2016-11": {
            "month": "2016-11",
            "price": "6.34",
            "revenue": 356144
        },
        "2016-12": {
            "month": "2016-12",
            "price": "7.14",
            "revenue": 382482
        },
        "2017-01": {
            "month": "2017-01",
            "price": "7.08",
            "revenue": 363569
        },
        "2017-02": {
            "month": "2017-02",
            "price": "7.65",
            "revenue": 408605
        },
        "2017-03": {
            "month": "2017-03",
            "price": "11.35",
            "revenue": 603052
        },
        "2017-04": {
            "month": "2017-04",
            "price": "16.29",
            "revenue": 443496
        },
        "2017-05": {
            "month": "2017-05",
            "price": "14.97",
            "revenue": 545889
        },
        "2017-06": {
            "month": "2017-06",
            "price": "17.06",
            "revenue": 602483
        },
        "2017-07": {
            "month": "2017-07",
            "price": "20.97",
            "revenue": 687124
        },
        "2017-08": {
            "month": "2017-08",
            "price": "22.32",
            "revenue": 634409
        },
        "2017-09": {
            "month": "2017-09",
            "price": "22.18",
            "revenue": 611020
        },
        "2017-10": {
            "month": "2017-10",
            "price": "22.33",
            "revenue": 643332
        },
        "2017-11": {
            "month": "2017-11",
            "price": "21.71",
            "revenue": 604277
        },
        "2017-12": {
            "month": "2017-12",
            "price": "19.57",
            "revenue": 724625
        },
        "2018-01": {
            "month": "2018-01",
            "price": "23.08",
            "revenue": 516030
        },
        "2018-02": {
            "month": "2018-02",
            "price": "29.29",
            "revenue": 444002
        },
        "2018-03": {
            "month": "2018-03",
            "price": "30.21",
            "revenue": 671042
        },
        "2018-04": {
            "month": "2018-04",
            "price": "29.65",
            "revenue": 507617
        },
        "2018-05": {
            "month": "2018-05",
            "price": "29.72",
            "revenue": 594268
        },
        "2018-06": {
            "month": "2018-06",
            "price": "36.95",
            "revenue": 638889
        },
        "2018-07": {
            "month": "2018-07",
            "price": "36.99",
            "revenue": 657458
        },
        "2018-08": {
            "month": "2018-08",
            "price": "34.89",
            "revenue": 624957
        },
        "2018-09": {
            "month": "2018-09",
            "price": "31.01",
            "revenue": 673523
        },
        "2018-10": {
            "month": "2018-10",
            "price": "27.93",
            "revenue": 670371
        },
        "2018-11": {
            "month": "2018-11",
            "price": "27.37",
            "revenue": 607248
        },
        "2018-12": {
            "month": "2018-12",
            "price": "29.59",
            "revenue": 577699
        },
        "2019-01": {
            "month": "2019-01",
            "price": "28.90",
            "revenue": 587106
        },
        "2019-02": {
            "month": "2019-02",
            "price": "27.14",
            "revenue": 484879
        },
        "2019-03": {
            "month": "2019-03",
            "price": "27.88",
            "revenue": 620772
        },
        "2019-04": {
            "month": "2019-04",
            "price": "27.76",
            "revenue": 522334
        },
        "2019-05": {
            "month": "2019-05",
            "price": "26.57",
            "revenue": 667425
        },
        "2019-06": {
            "month": "2019-06",
            "price": "26.96",
            "revenue": 609120
        },
        "2019-07": {
            "month": "2019-07",
            "price": "28.57",
            "revenue": 616231
        },
        "2019-08": {
            "month": "2019-08",
            "price": "25.20",
            "revenue": 501120
        },
        "2019-09": {
            "month": "2019-09",
            "price": "25.36",
            "revenue": 437767
        },
        "2019-10": {
            "month": "2019-10",
            "price": "23.43",
            "revenue": 574951
        },
        "2019-11": {
            "month": "2019-11",
            "price": "25.15",
            "revenue": 679707
        },
        "2019-12": {
            "month": "2019-12",
            "price": "29.43",
            "revenue": 602339
        },
        "2020-01": {
            "month": "2020-01",
            "price": "32.19",
            "revenue": 439406
        },
        "2020-02": {
            "month": "2020-02",
            "price": "37.98",
            "revenue": 441484
        },
        "2020-03": {
            "month": "2020-03",
            "price": "36.52",
            "revenue": 666013
        },
        "2020-04": {
            "month": "2020-04",
            "price": "39.92",
            "revenue": 541800
        },
        "2020-05": {
            "month": "2020-05",
            "price": "40.66",
            "revenue": 564922
        },
        "2020-06": {
            "month": "2020-06",
            "price": "39.99",
            "revenue": 1054069
        },
        "2020-07": {
            "month": "2020-07",
            "price": "40.40",
            "revenue": 607878
        },
        "2020-08": {
            "month": "2020-08",
            "price": "38.10",
            "revenue": 657472
        },
        "2020-09": {
            "month": "2020-09",
            "price": "35.91",
            "revenue": 805719
        },
        "2020-10": {
            "month": "2020-10",
            "price": "34.15",
            "revenue": 570017
        },
        "2020-11": {
            "month": "2020-11",
            "price": "32.08",
            "revenue": 556498
        },
        "2020-12": {
            "month": "2020-12",
            "price": "40.07",
            "revenue": 765185
        },
        "2021-01": {
            "month": "2021-01",
            "price": "48.62",
            "revenue": 684921
        },
        "2021-02": {
            "month": "2021-02",
            "price": "50.57",
            "revenue": 619365
        },
        "2021-03": {
            "month": "2021-03",
            "price": "50.40",
            "revenue": 609063
        },
        "2021-04": {
            "month": "2021-04",
            "price": "57.18",
            "revenue": 611842
        },
        "2021-05": {
            "month": "2021-05",
            "price": "54.77",
            "revenue": 625146
        },
        "2021-06": {
            "month": "2021-06",
            "price": "63.56",
            "revenue": 718123
        },
        "2021-07": {
            "month": "2021-07",
            "price": "73.12",
            "revenue": 518791
        },
        "2021-08": {
            "month": "2021-08",
            "price": "58.90",
            "revenue": 538421
        },
        "2021-09": {
            "month": "2021-09",
            "price": "49.93",
            "revenue": 721279
        },
        "2021-10": {
            "month": "2021-10",
            "price": "42.43",
            "revenue": 627945
        },
        "2021-11": {
            "month": "2021-11",
            "price": "44.31",
            "revenue": 740628
        },
        "2021-12": {
            "month": "2021-12",
            "price": "47.21",
            "revenue": 637937
        },
        "2022-01": {
            "month": "2022-01",
            "price": "44.24",
            "revenue": 585045
        },
        "2022-02": {
            "month": "2022-02",
            "price": "44.01",
            "revenue": 464793
        },
        "2022-03": {
            "month": "2022-03",
            "price": "40.89",
            "revenue": 655037
        },
        "2022-04": {
            "month": "2022-04",
            "price": "36.74",
            "revenue": 449686
        },
        "2022-05": {
            "month": "2022-05",
            "price": "31.53",
            "revenue": 509712
        },
        "2022-06": {
            "month": "2022-06",
            "price": "29.73",
            "revenue": 609228
        },
        "2022-07": {
            "month": "2022-07",
            "price": "27.44",
            "revenue": 485816
        },
        "2022-08": {
            "month": "2022-08",
            "price": "29.06",
            "revenue": 504585
        },
        "2022-09": {
            "month": "2022-09",
            "price": "29.12",
            "revenue": 695710
        },
        "2022-10": {
            "month": "2022-10",
            "price": "30.20",
            "revenue": 499105
        },
        "2022-11": {
            "month": "2022-11",
            "price": "30.74",
            "revenue": 586505
        },
        "2022-12": {
            "month": "2022-12",
            "price": "30.46",
            "revenue": 677831
        },
        "2023-01": {
            "month": "2023-01",
            "price": "31.79",
            "revenue": 441962
        },
        "2023-02": {
            "month": "2023-02",
            "price": "39.04",
            "revenue": 557527
        },
        "2023-03": {
            "month": "2023-03",
            "price": "62.80",
            "revenue": 570127
        },
        "2023-04": {
            "month": "2023-04",
            "price": "73.89",
            "revenue": 2653297
        },
        "2023-05": {
            "month": "2023-05",
            "price": "62.44",
            "revenue": 1126349
        },
        "2023-06": {
            "month": "2023-06",
            "price": "67.14",
            "revenue": 1875654
        },
        "2023-07": {
            "month": "2023-07",
            "price": "63.74",
            "revenue": 892105
        },
        "2023-08": {
            "month": "2023-08",
            "price": "62.05",
            "revenue": 1272862
        },
        "2023-09": {
            "month": "2023-09",
            "price": "67.76",
            "revenue": 1482536
        },
        "2023-10": {
            "month": "2023-10",
            "price": "73.66",
            "revenue": 1601091
        },
        "2023-11": {
            "month": "2023-11",
            "price": "89.20",
            "revenue": 2053554
        },
        "2023-12": {
            "month": "2023-12",
            "price": "87.94",
            "revenue": 2039212
        }
    }
}
