{
    "summary": {
        "stock_name": "立積",
        "stock_id": "4968",
        "category": "半導體",
        "main_business": "RF IC射頻前端元件之研發及銷售。<br>RF IC無線影音傳輸之研發及銷售。",
        "website_url": "https://www.richwave.com.tw",
        "ceo": "王是琦",
        "pe_ratio": -426,
        "report_year_from": 2010,
        "report_year_to": 2023,
        "age": 13,
        "eps_negative_percentage": 10,
        "eps_growth_avg": {
            "last_all": 7.76,
            "last_2y": -12.17,
            "last_4y": -3.27,
            "last_8y": null,
            "last_12y": null,
            "last_16y": null,
            "last_20y": null,
            "at_2006_last_3y": null,
            "at_2007_last_3y": null,
            "at_2008_last_3y": null,
            "at_2009_last_3y": null,
            "at_2010_last_3y": null,
            "at_2011_last_3y": null,
            "at_2012_last_3y": null,
            "at_2013_last_3y": null,
            "at_2014_last_3y": null,
            "at_2015_last_3y": null,
            "at_2016_last_3y": null,
            "at_2017_last_3y": null,
            "at_2018_last_3y": 24.24,
            "at_2019_last_3y": -0.35,
            "at_2020_last_3y": 28.33,
            "at_2021_last_3y": 18.77,
            "at_2022_last_3y": -8.72,
            "at_2023_last_3y": -8.72,
            "at_2006_last_all": null,
            "at_2007_last_all": null,
            "at_2008_last_all": null,
            "at_2009_last_all": null,
            "at_2010_last_all": null,
            "at_2011_last_all": null,
            "at_2012_last_all": null,
            "at_2013_last_all": null,
            "at_2014_last_all": null,
            "at_2015_last_all": null,
            "at_2016_last_all": 42.64,
            "at_2017_last_all": 26.15,
            "at_2018_last_all": 24.24,
            "at_2019_last_all": 19.72,
            "at_2020_last_all": 33.1,
            "at_2021_last_all": 21.93,
            "at_2022_last_all": 7.76,
            "at_2023_last_all": 7.76
        },
        "latest_eps": -0.41,
        "latest_price": 174.5,
        "latest_roe": -1.58,
        "latest_gross_margin": 24.62,
        "latest_equity": 2287236,
        "latest_revenue": 636974,
        "latest_gross_profit": 156844,
        "latest_net_income": -88933,
        "latest_debt_ratio": 30.06,
        "latest_current_ratio": 420.61,
        "latest_account_receivable_turnover_ratio": 0.59,
        "latest_inventory_turnover_ratio": 0.53,
        "latest_reinvestment_rate": 7.72,
        "latest_research_to_sale_ratio": 25.16
    },
    "eps_dividends": {
        "2001": {
            "cash": 0,
            "stock": 0,
            "eps": 0
        },
        "2002": {
            "cash": 0,
            "stock": 0,
            "eps": 0
        },
        "2003": {
            "cash": 0,
            "stock": 0,
            "eps": 0
        },
        "2004": {
            "cash": 0,
            "stock": 0,
            "eps": 0
        },
        "2005": {
            "cash": 0,
            "stock": 0,
            "eps": 0
        },
        "2006": {
            "cash": 0,
            "stock": 0,
            "eps": 0
        },
        "2007": {
            "cash": 0,
            "stock": 0,
            "eps": 0
        },
        "2008": {
            "cash": 0,
            "stock": 0,
            "eps": 0
        },
        "2009": {
            "cash": 0,
            "stock": 0,
            "eps": 0
        },
        "2010": {
            "cash": 0,
            "stock": 0,
            "eps": 0
        },
        "2011": {
            "cash": 0,
            "stock": 0,
            "eps": 0
        },
        "2012": {
            "cash": 0,
            "stock": 0,
            "eps": 0
        },
        "2013": {
            "cash": 0,
            "stock": 0,
            "eps": 0
        },
        "2014": {
            "cash": 0,
            "stock": 0,
            "eps": 0.51
        },
        "2015": {
            "cash": 0,
            "stock": 0,
            "eps": 3.26
        },
        "2016": {
            "cash": 0.45,
            "stock": 1,
            "eps": 2.78
        },
        "2017": {
            "cash": 1.68,
            "stock": 0,
            "eps": 2.59
        },
        "2018": {
            "cash": 0.63,
            "stock": 1,
            "eps": 3.07
        },
        "2019": {
            "cash": 1.49,
            "stock": 0,
            "eps": 3.12
        },
        "2020": {
            "cash": 1.94,
            "stock": 0,
            "eps": 13.77
        },
        "2021": {
            "cash": 4,
            "stock": 4,
            "eps": 7.56
        },
        "2022": {
            "cash": 3.5,
            "stock": 0,
            "eps": 0.65
        },
        "2023": {
            "cash": 0,
            "stock": 0,
            "eps": -0.99
        }
    },
    "dividends": {
        "2016-08-19": {
            "cash": 0.45,
            "stock": 1
        },
        "2017-07-14": {
            "cash": 1.68,
            "stock": 0
        },
        "2018-10-26": {
            "cash": 0.63,
            "stock": 1
        },
        "2019-08-02": {
            "cash": 1.49,
            "stock": 0
        },
        "2020-08-21": {
            "cash": 1.94,
            "stock": 0
        },
        "2021-11-04": {
            "cash": 4,
            "stock": 4
        },
        "2022-07-29": {
            "cash": 3.5,
            "stock": 0
        }
    },
    "prices": {
        "200101": "無",
        "200102": "無",
        "200103": "無",
        "200104": "無",
        "200105": "無",
        "200106": "無",
        "200107": "無",
        "200108": "無",
        "200109": "無",
        "200110": "無",
        "200111": "無",
        "200112": "無",
        "200201": "無",
        "200202": "無",
        "200203": "無",
        "200204": "無",
        "200205": "無",
        "200206": "無",
        "200207": "無",
        "200208": "無",
        "200209": "無",
        "200210": "無",
        "200211": "無",
        "200212": "無",
        "200301": "無",
        "200302": "無",
        "200303": "無",
        "200304": "無",
        "200305": "無",
        "200306": "無",
        "200307": "無",
        "200308": "無",
        "200309": "無",
        "200310": "無",
        "200311": "無",
        "200312": "無",
        "200401": "無",
        "200402": "無",
        "200403": "無",
        "200404": "無",
        "200405": "無",
        "200406": "無",
        "200407": "無",
        "200408": "無",
        "200409": "無",
        "200410": "無",
        "200411": "無",
        "200412": "無",
        "200501": "無",
        "200502": "無",
        "200503": "無",
        "200504": "無",
        "200505": "無",
        "200506": "無",
        "200507": "無",
        "200508": "無",
        "200509": "無",
        "200510": "無",
        "200511": "無",
        "200512": "無",
        "200601": "無",
        "200602": "無",
        "200603": "無",
        "200604": "無",
        "200605": "無",
        "200606": "無",
        "200607": "無",
        "200608": "無",
        "200609": "無",
        "200610": "無",
        "200611": "無",
        "200612": "無",
        "200701": "無",
        "200702": "無",
        "200703": "無",
        "200704": "無",
        "200705": "無",
        "200706": "無",
        "200707": "無",
        "200708": "無",
        "200709": "無",
        "200710": "無",
        "200711": "無",
        "200712": "無",
        "200801": "無",
        "200802": "無",
        "200803": "無",
        "200804": "無",
        "200805": "無",
        "200806": "無",
        "200807": "無",
        "200808": "無",
        "200809": "無",
        "200810": "無",
        "200811": "無",
        "200812": "無",
        "200901": "無",
        "200902": "無",
        "200903": "無",
        "200904": "無",
        "200905": "無",
        "200906": "無",
        "200907": "無",
        "200908": "無",
        "200909": "無",
        "200910": "無",
        "200911": "無",
        "200912": "無",
        "201001": "無",
        "201002": "無",
        "201003": "無",
        "201004": "無",
        "201005": "無",
        "201006": "無",
        "201007": "無",
        "201008": "無",
        "201009": "無",
        "201010": "57.15",
        "201011": "50.16",
        "201012": "54.75",
        "201101": "49.50",
        "201102": "47.92",
        "201103": "41.01",
        "201104": "41.26",
        "201105": "39.36",
        "201106": "38.10",
        "201107": "31.37",
        "201108": "25.06",
        "201109": "20.48",
        "201110": "19.64",
        "201111": "17.87",
        "201112": "16.17",
        "201201": "19.51",
        "201202": "24.93",
        "201203": "25.85",
        "201204": "25.07",
        "201205": "27.10",
        "201206": "26.67",
        "201207": "24.03",
        "201208": "21.36",
        "201209": "18.07",
        "201210": "15.46",
        "201211": "12.28",
        "201212": "13.72",
        "201301": "14.49",
        "201302": "18.06",
        "201303": "21.53",
        "201304": "20.09",
        "201305": "17.88",
        "201306": "18.18",
        "201307": "17.52",
        "201308": "17.26",
        "201309": "18.70",
        "201310": "18.75",
        "201311": "19.86",
        "201312": "21.98",
        "201401": "29.81",
        "201402": "39.59",
        "201403": "39.33",
        "201404": "41.05",
        "201405": "43.13",
        "201406": "50.78",
        "201407": "49.24",
        "201408": "44.43",
        "201409": "39.30",
        "201410": "33.89",
        "201411": "36.09",
        "201412": "37.90",
        "201501": "44.51",
        "201502": "44.62",
        "201503": "48.10",
        "201504": "49.01",
        "201505": "52.38",
        "201506": "51.61",
        "201507": "58.12",
        "201508": "52.87",
        "201509": "57.61",
        "201510": "60.13",
        "201511": "82.69",
        "201512": "84.73",
        "201601": "79.97",
        "201602": "80.73",
        "201603": "83.72",
        "201604": "70.17",
        "201605": "60.89",
        "201606": "64.42",
        "201607": "69.32",
        "201608": "64.63",
        "201609": "58.74",
        "201610": "61.50",
        "201611": "52.98",
        "201612": "57.62",
        "201701": "58.05",
        "201702": "67.31",
        "201703": "73.08",
        "201704": "94.18",
        "201705": "122.30",
        "201706": "119.35",
        "201707": "106.52",
        "201708": "109.74",
        "201709": "111.32",
        "201710": "112.18",
        "201711": "106.48",
        "201712": "97.77",
        "201801": "87.57",
        "201802": "82.83",
        "201803": "78.45",
        "201804": "73.07",
        "201805": "69.19",
        "201806": "80.52",
        "201807": "65.45",
        "201808": "59.13",
        "201809": "50.93",
        "201810": "37.98",
        "201811": "44.43",
        "201812": "47.43",
        "201901": "49.68",
        "201902": "51.56",
        "201903": "49.20",
        "201904": "53.54",
        "201905": "61.42",
        "201906": "78.76",
        "201907": "106.85",
        "201908": "138.07",
        "201909": "155.29",
        "201910": "221.33",
        "201911": "202.90",
        "201912": "169.48",
        "202001": "170.73",
        "202002": "160.24",
        "202003": "132.80",
        "202004": "157.12",
        "202005": "159.70",
        "202006": "173.35",
        "202007": "241.87",
        "202008": "250.74",
        "202009": "228.25",
        "202010": "242.74",
        "202011": "303.50",
        "202012": "351.39",
        "202101": "516.02",
        "202102": "579.62",
        "202103": "586.95",
        "202104": "576.53",
        "202105": "464.33",
        "202106": "515.10",
        "202107": "448.95",
        "202108": "378.84",
        "202109": "344.68",
        "202110": "244.70",
        "202111": "301.34",
        "202112": "271.75",
        "202201": "244.69",
        "202202": "222.93",
        "202203": "188.52",
        "202204": "197.13",
        "202205": "210.60",
        "202206": "196.52",
        "202207": "135.83",
        "202208": "140.48",
        "202209": "116.10",
        "202210": "96.04",
        "202211": "113.95",
        "202212": "119.32",
        "202301": "125.81",
        "202302": "133.14",
        "202303": "128.48",
        "202304": "166.50",
        "202305": "170.48"
    },
    "quarters": {
        "20011": {
            "year_quarter": 20011,
            "year": 2001,
            "quarter": 1,
            "eps": null,
            "eps_growth_year": null,
            "eps_4q": null,
            "eps_4q_growth_year": null,
            "roe": null,
            "roe_4q": 0,
            "gross_profit": null,
            "gross_margin": null,
            "gross_margin_4q_avg": 0,
            "net_income": null,
            "revenue": null,
            "common_shares": null,
            "book_valuer_per_share": null,
            "book_valuer_per_share_4q_avg": 0,
            "equity": null,
            "current_ratio": null,
            "debt_ratio": null,
            "inventory_turnover_ratio": null,
            "account_receivable_turnover_ratio": null,
            "reinvestment_rate": null,
            "research_to_sale_ratio": null,
            "price_fair": 0,
            "eps_avg_yearly": 0,
            "eps_latest_yearly": 0,
            "eps_growth_yearly": 0
        },
        "20012": {
            "year_quarter": 20012,
            "year": 2001,
            "quarter": 2,
            "eps": null,
            "eps_growth_year": null,
            "eps_4q": null,
            "eps_4q_growth_year": null,
            "roe": null,
            "roe_4q": 0,
            "gross_profit": null,
            "gross_margin": null,
            "gross_margin_4q_avg": 0,
            "net_income": null,
            "revenue": null,
            "common_shares": null,
            "book_valuer_per_share": null,
            "book_valuer_per_share_4q_avg": 0,
            "equity": null,
            "current_ratio": null,
            "debt_ratio": null,
            "inventory_turnover_ratio": null,
            "account_receivable_turnover_ratio": null,
            "reinvestment_rate": null,
            "research_to_sale_ratio": null,
            "price_fair": 0,
            "eps_avg_yearly": 0,
            "eps_latest_yearly": 0,
            "eps_growth_yearly": 0
        },
        "20013": {
            "year_quarter": 20013,
            "year": 2001,
            "quarter": 3,
            "eps": null,
            "eps_growth_year": null,
            "eps_4q": null,
            "eps_4q_growth_year": null,
            "roe": null,
            "roe_4q": 0,
            "gross_profit": null,
            "gross_margin": null,
            "gross_margin_4q_avg": 0,
            "net_income": null,
            "revenue": null,
            "common_shares": null,
            "book_valuer_per_share": null,
            "book_valuer_per_share_4q_avg": 0,
            "equity": null,
            "current_ratio": null,
            "debt_ratio": null,
            "inventory_turnover_ratio": null,
            "account_receivable_turnover_ratio": null,
            "reinvestment_rate": null,
            "research_to_sale_ratio": null,
            "price_fair": 0,
            "eps_avg_yearly": 0,
            "eps_latest_yearly": 0,
            "eps_growth_yearly": 0
        },
        "20014": {
            "year_quarter": 20014,
            "year": 2001,
            "quarter": 4,
            "eps": null,
            "eps_growth_year": null,
            "eps_4q": null,
            "eps_4q_growth_year": null,
            "roe": null,
            "roe_4q": 0,
            "gross_profit": null,
            "gross_margin": null,
            "gross_margin_4q_avg": 0,
            "net_income": null,
            "revenue": null,
            "common_shares": null,
            "book_valuer_per_share": null,
            "book_valuer_per_share_4q_avg": 0,
            "equity": null,
            "current_ratio": null,
            "debt_ratio": null,
            "inventory_turnover_ratio": null,
            "account_receivable_turnover_ratio": null,
            "reinvestment_rate": null,
            "research_to_sale_ratio": null,
            "price_fair": 0,
            "eps_avg_yearly": 0,
            "eps_latest_yearly": 0,
            "eps_growth_yearly": 0
        },
        "20021": {
            "year_quarter": 20021,
            "year": 2002,
            "quarter": 1,
            "eps": null,
            "eps_growth_year": null,
            "eps_4q": null,
            "eps_4q_growth_year": null,
            "roe": null,
            "roe_4q": 0,
            "gross_profit": null,
            "gross_margin": null,
            "gross_margin_4q_avg": 0,
            "net_income": null,
            "revenue": null,
            "common_shares": null,
            "book_valuer_per_share": null,
            "book_valuer_per_share_4q_avg": 0,
            "equity": null,
            "current_ratio": null,
            "debt_ratio": null,
            "inventory_turnover_ratio": null,
            "account_receivable_turnover_ratio": null,
            "reinvestment_rate": null,
            "research_to_sale_ratio": null,
            "price_fair": 0,
            "eps_avg_yearly": 0,
            "eps_latest_yearly": 0,
            "eps_growth_yearly": 0
        },
        "20022": {
            "year_quarter": 20022,
            "year": 2002,
            "quarter": 2,
            "eps": null,
            "eps_growth_year": null,
            "eps_4q": null,
            "eps_4q_growth_year": null,
            "roe": null,
            "roe_4q": 0,
            "gross_profit": null,
            "gross_margin": null,
            "gross_margin_4q_avg": 0,
            "net_income": null,
            "revenue": null,
            "common_shares": null,
            "book_valuer_per_share": null,
            "book_valuer_per_share_4q_avg": 0,
            "equity": null,
            "current_ratio": null,
            "debt_ratio": null,
            "inventory_turnover_ratio": null,
            "account_receivable_turnover_ratio": null,
            "reinvestment_rate": null,
            "research_to_sale_ratio": null,
            "price_fair": 0,
            "eps_avg_yearly": 0,
            "eps_latest_yearly": 0,
            "eps_growth_yearly": 0
        },
        "20023": {
            "year_quarter": 20023,
            "year": 2002,
            "quarter": 3,
            "eps": null,
            "eps_growth_year": null,
            "eps_4q": null,
            "eps_4q_growth_year": null,
            "roe": null,
            "roe_4q": 0,
            "gross_profit": null,
            "gross_margin": null,
            "gross_margin_4q_avg": 0,
            "net_income": null,
            "revenue": null,
            "common_shares": null,
            "book_valuer_per_share": null,
            "book_valuer_per_share_4q_avg": 0,
            "equity": null,
            "current_ratio": null,
            "debt_ratio": null,
            "inventory_turnover_ratio": null,
            "account_receivable_turnover_ratio": null,
            "reinvestment_rate": null,
            "research_to_sale_ratio": null,
            "price_fair": 0,
            "eps_avg_yearly": 0,
            "eps_latest_yearly": 0,
            "eps_growth_yearly": 0
        },
        "20024": {
            "year_quarter": 20024,
            "year": 2002,
            "quarter": 4,
            "eps": null,
            "eps_growth_year": null,
            "eps_4q": null,
            "eps_4q_growth_year": null,
            "roe": null,
            "roe_4q": 0,
            "gross_profit": null,
            "gross_margin": null,
            "gross_margin_4q_avg": 0,
            "net_income": null,
            "revenue": null,
            "common_shares": null,
            "book_valuer_per_share": null,
            "book_valuer_per_share_4q_avg": 0,
            "equity": null,
            "current_ratio": null,
            "debt_ratio": null,
            "inventory_turnover_ratio": null,
            "account_receivable_turnover_ratio": null,
            "reinvestment_rate": null,
            "research_to_sale_ratio": null,
            "price_fair": 0,
            "eps_avg_yearly": 0,
            "eps_latest_yearly": 0,
            "eps_growth_yearly": 0
        },
        "20031": {
            "year_quarter": 20031,
            "year": 2003,
            "quarter": 1,
            "eps": null,
            "eps_growth_year": null,
            "eps_4q": null,
            "eps_4q_growth_year": null,
            "roe": null,
            "roe_4q": 0,
            "gross_profit": null,
            "gross_margin": null,
            "gross_margin_4q_avg": 0,
            "net_income": null,
            "revenue": null,
            "common_shares": null,
            "book_valuer_per_share": null,
            "book_valuer_per_share_4q_avg": 0,
            "equity": null,
            "current_ratio": null,
            "debt_ratio": null,
            "inventory_turnover_ratio": null,
            "account_receivable_turnover_ratio": null,
            "reinvestment_rate": null,
            "research_to_sale_ratio": null,
            "price_fair": 0,
            "eps_avg_yearly": 0,
            "eps_latest_yearly": 0,
            "eps_growth_yearly": 0
        },
        "20032": {
            "year_quarter": 20032,
            "year": 2003,
            "quarter": 2,
            "eps": null,
            "eps_growth_year": null,
            "eps_4q": null,
            "eps_4q_growth_year": null,
            "roe": null,
            "roe_4q": 0,
            "gross_profit": null,
            "gross_margin": null,
            "gross_margin_4q_avg": 0,
            "net_income": null,
            "revenue": null,
            "common_shares": null,
            "book_valuer_per_share": null,
            "book_valuer_per_share_4q_avg": 0,
            "equity": null,
            "current_ratio": null,
            "debt_ratio": null,
            "inventory_turnover_ratio": null,
            "account_receivable_turnover_ratio": null,
            "reinvestment_rate": null,
            "research_to_sale_ratio": null,
            "price_fair": 0,
            "eps_avg_yearly": 0,
            "eps_latest_yearly": 0,
            "eps_growth_yearly": 0
        },
        "20033": {
            "year_quarter": 20033,
            "year": 2003,
            "quarter": 3,
            "eps": null,
            "eps_growth_year": null,
            "eps_4q": null,
            "eps_4q_growth_year": null,
            "roe": null,
            "roe_4q": 0,
            "gross_profit": null,
            "gross_margin": null,
            "gross_margin_4q_avg": 0,
            "net_income": null,
            "revenue": null,
            "common_shares": null,
            "book_valuer_per_share": null,
            "book_valuer_per_share_4q_avg": 0,
            "equity": null,
            "current_ratio": null,
            "debt_ratio": null,
            "inventory_turnover_ratio": null,
            "account_receivable_turnover_ratio": null,
            "reinvestment_rate": null,
            "research_to_sale_ratio": null,
            "price_fair": 0,
            "eps_avg_yearly": 0,
            "eps_latest_yearly": 0,
            "eps_growth_yearly": 0
        },
        "20034": {
            "year_quarter": 20034,
            "year": 2003,
            "quarter": 4,
            "eps": null,
            "eps_growth_year": null,
            "eps_4q": null,
            "eps_4q_growth_year": null,
            "roe": null,
            "roe_4q": 0,
            "gross_profit": null,
            "gross_margin": null,
            "gross_margin_4q_avg": 0,
            "net_income": null,
            "revenue": null,
            "common_shares": null,
            "book_valuer_per_share": null,
            "book_valuer_per_share_4q_avg": 0,
            "equity": null,
            "current_ratio": null,
            "debt_ratio": null,
            "inventory_turnover_ratio": null,
            "account_receivable_turnover_ratio": null,
            "reinvestment_rate": null,
            "research_to_sale_ratio": null,
            "price_fair": 0,
            "eps_avg_yearly": 0,
            "eps_latest_yearly": 0,
            "eps_growth_yearly": 0
        },
        "20041": {
            "year_quarter": 20041,
            "year": 2004,
            "quarter": 1,
            "eps": null,
            "eps_growth_year": null,
            "eps_4q": null,
            "eps_4q_growth_year": null,
            "roe": null,
            "roe_4q": 0,
            "gross_profit": null,
            "gross_margin": null,
            "gross_margin_4q_avg": 0,
            "net_income": null,
            "revenue": null,
            "common_shares": null,
            "book_valuer_per_share": null,
            "book_valuer_per_share_4q_avg": 0,
            "equity": null,
            "current_ratio": null,
            "debt_ratio": null,
            "inventory_turnover_ratio": null,
            "account_receivable_turnover_ratio": null,
            "reinvestment_rate": null,
            "research_to_sale_ratio": null,
            "price_fair": 0,
            "eps_avg_yearly": 0,
            "eps_latest_yearly": 0,
            "eps_growth_yearly": 0
        },
        "20042": {
            "year_quarter": 20042,
            "year": 2004,
            "quarter": 2,
            "eps": null,
            "eps_growth_year": null,
            "eps_4q": null,
            "eps_4q_growth_year": null,
            "roe": null,
            "roe_4q": 0,
            "gross_profit": null,
            "gross_margin": null,
            "gross_margin_4q_avg": 0,
            "net_income": null,
            "revenue": null,
            "common_shares": null,
            "book_valuer_per_share": null,
            "book_valuer_per_share_4q_avg": 0,
            "equity": null,
            "current_ratio": null,
            "debt_ratio": null,
            "inventory_turnover_ratio": null,
            "account_receivable_turnover_ratio": null,
            "reinvestment_rate": null,
            "research_to_sale_ratio": null,
            "price_fair": 0,
            "eps_avg_yearly": 0,
            "eps_latest_yearly": 0,
            "eps_growth_yearly": 0
        },
        "20043": {
            "year_quarter": 20043,
            "year": 2004,
            "quarter": 3,
            "eps": null,
            "eps_growth_year": null,
            "eps_4q": null,
            "eps_4q_growth_year": null,
            "roe": null,
            "roe_4q": 0,
            "gross_profit": null,
            "gross_margin": null,
            "gross_margin_4q_avg": 0,
            "net_income": null,
            "revenue": null,
            "common_shares": null,
            "book_valuer_per_share": null,
            "book_valuer_per_share_4q_avg": 0,
            "equity": null,
            "current_ratio": null,
            "debt_ratio": null,
            "inventory_turnover_ratio": null,
            "account_receivable_turnover_ratio": null,
            "reinvestment_rate": null,
            "research_to_sale_ratio": null,
            "price_fair": 0,
            "eps_avg_yearly": 0,
            "eps_latest_yearly": 0,
            "eps_growth_yearly": 0
        },
        "20044": {
            "year_quarter": 20044,
            "year": 2004,
            "quarter": 4,
            "eps": null,
            "eps_growth_year": null,
            "eps_4q": null,
            "eps_4q_growth_year": null,
            "roe": null,
            "roe_4q": 0,
            "gross_profit": null,
            "gross_margin": null,
            "gross_margin_4q_avg": 0,
            "net_income": null,
            "revenue": null,
            "common_shares": null,
            "book_valuer_per_share": null,
            "book_valuer_per_share_4q_avg": 0,
            "equity": null,
            "current_ratio": null,
            "debt_ratio": null,
            "inventory_turnover_ratio": null,
            "account_receivable_turnover_ratio": null,
            "reinvestment_rate": null,
            "research_to_sale_ratio": null,
            "price_fair": 0,
            "eps_avg_yearly": 0,
            "eps_latest_yearly": 0,
            "eps_growth_yearly": 0
        },
        "20051": {
            "year_quarter": 20051,
            "year": 2005,
            "quarter": 1,
            "eps": null,
            "eps_growth_year": null,
            "eps_4q": null,
            "eps_4q_growth_year": null,
            "roe": null,
            "roe_4q": 0,
            "gross_profit": null,
            "gross_margin": null,
            "gross_margin_4q_avg": 0,
            "net_income": null,
            "revenue": null,
            "common_shares": null,
            "book_valuer_per_share": null,
            "book_valuer_per_share_4q_avg": 0,
            "equity": null,
            "current_ratio": null,
            "debt_ratio": null,
            "inventory_turnover_ratio": null,
            "account_receivable_turnover_ratio": null,
            "reinvestment_rate": null,
            "research_to_sale_ratio": null,
            "price_fair": 0,
            "eps_avg_yearly": 0,
            "eps_latest_yearly": 0,
            "eps_growth_yearly": 0
        },
        "20052": {
            "year_quarter": 20052,
            "year": 2005,
            "quarter": 2,
            "eps": null,
            "eps_growth_year": null,
            "eps_4q": null,
            "eps_4q_growth_year": null,
            "roe": null,
            "roe_4q": 0,
            "gross_profit": null,
            "gross_margin": null,
            "gross_margin_4q_avg": 0,
            "net_income": null,
            "revenue": null,
            "common_shares": null,
            "book_valuer_per_share": null,
            "book_valuer_per_share_4q_avg": 0,
            "equity": null,
            "current_ratio": null,
            "debt_ratio": null,
            "inventory_turnover_ratio": null,
            "account_receivable_turnover_ratio": null,
            "reinvestment_rate": null,
            "research_to_sale_ratio": null,
            "price_fair": 0,
            "eps_avg_yearly": 0,
            "eps_latest_yearly": 0,
            "eps_growth_yearly": 0
        },
        "20053": {
            "year_quarter": 20053,
            "year": 2005,
            "quarter": 3,
            "eps": null,
            "eps_growth_year": null,
            "eps_4q": null,
            "eps_4q_growth_year": null,
            "roe": null,
            "roe_4q": 0,
            "gross_profit": null,
            "gross_margin": null,
            "gross_margin_4q_avg": 0,
            "net_income": null,
            "revenue": null,
            "common_shares": null,
            "book_valuer_per_share": null,
            "book_valuer_per_share_4q_avg": 0,
            "equity": null,
            "current_ratio": null,
            "debt_ratio": null,
            "inventory_turnover_ratio": null,
            "account_receivable_turnover_ratio": null,
            "reinvestment_rate": null,
            "research_to_sale_ratio": null,
            "price_fair": 0,
            "eps_avg_yearly": 0,
            "eps_latest_yearly": 0,
            "eps_growth_yearly": 0
        },
        "20054": {
            "year_quarter": 20054,
            "year": 2005,
            "quarter": 4,
            "eps": null,
            "eps_growth_year": null,
            "eps_4q": null,
            "eps_4q_growth_year": null,
            "roe": null,
            "roe_4q": 0,
            "gross_profit": null,
            "gross_margin": null,
            "gross_margin_4q_avg": 0,
            "net_income": null,
            "revenue": null,
            "common_shares": 266660,
            "book_valuer_per_share": 4.35,
            "book_valuer_per_share_4q_avg": 1.09,
            "equity": 116026,
            "current_ratio": 332.11,
            "debt_ratio": 31.59,
            "inventory_turnover_ratio": null,
            "account_receivable_turnover_ratio": null,
            "reinvestment_rate": null,
            "research_to_sale_ratio": null,
            "price_fair": 0,
            "eps_avg_yearly": 0,
            "eps_latest_yearly": 0,
            "eps_growth_yearly": 0
        },
        "20061": {
            "year_quarter": 20061,
            "year": 2006,
            "quarter": 1,
            "eps": null,
            "eps_growth_year": null,
            "eps_4q": null,
            "eps_4q_growth_year": null,
            "roe": null,
            "roe_4q": 0,
            "gross_profit": null,
            "gross_margin": null,
            "gross_margin_4q_avg": 0,
            "net_income": null,
            "revenue": null,
            "common_shares": null,
            "book_valuer_per_share": null,
            "book_valuer_per_share_4q_avg": 1.09,
            "equity": null,
            "current_ratio": null,
            "debt_ratio": null,
            "inventory_turnover_ratio": null,
            "account_receivable_turnover_ratio": null,
            "reinvestment_rate": null,
            "research_to_sale_ratio": null,
            "price_fair": 0,
            "eps_avg_yearly": 0,
            "eps_latest_yearly": 0,
            "eps_growth_yearly": 0
        },
        "20062": {
            "year_quarter": 20062,
            "year": 2006,
            "quarter": 2,
            "eps": null,
            "eps_growth_year": null,
            "eps_4q": null,
            "eps_4q_growth_year": null,
            "roe": null,
            "roe_4q": 0,
            "gross_profit": null,
            "gross_margin": null,
            "gross_margin_4q_avg": 0,
            "net_income": null,
            "revenue": null,
            "common_shares": null,
            "book_valuer_per_share": null,
            "book_valuer_per_share_4q_avg": 1.09,
            "equity": null,
            "current_ratio": null,
            "debt_ratio": null,
            "inventory_turnover_ratio": null,
            "account_receivable_turnover_ratio": null,
            "reinvestment_rate": null,
            "research_to_sale_ratio": null,
            "price_fair": 0,
            "eps_avg_yearly": 0,
            "eps_latest_yearly": 0,
            "eps_growth_yearly": 0
        },
        "20063": {
            "year_quarter": 20063,
            "year": 2006,
            "quarter": 3,
            "eps": null,
            "eps_growth_year": null,
            "eps_4q": null,
            "eps_4q_growth_year": null,
            "roe": null,
            "roe_4q": 0,
            "gross_profit": null,
            "gross_margin": null,
            "gross_margin_4q_avg": 0,
            "net_income": null,
            "revenue": null,
            "common_shares": null,
            "book_valuer_per_share": null,
            "book_valuer_per_share_4q_avg": 1.09,
            "equity": null,
            "current_ratio": null,
            "debt_ratio": null,
            "inventory_turnover_ratio": null,
            "account_receivable_turnover_ratio": null,
            "reinvestment_rate": null,
            "research_to_sale_ratio": null,
            "price_fair": 0,
            "eps_avg_yearly": 0,
            "eps_latest_yearly": 0,
            "eps_growth_yearly": 0
        },
        "20064": {
            "year_quarter": 20064,
            "year": 2006,
            "quarter": 4,
            "eps": null,
            "eps_growth_year": null,
            "eps_4q": null,
            "eps_4q_growth_year": null,
            "roe": null,
            "roe_4q": 0,
            "gross_profit": null,
            "gross_margin": null,
            "gross_margin_4q_avg": 0,
            "net_income": null,
            "revenue": null,
            "common_shares": 316660,
            "book_valuer_per_share": 5.17,
            "book_valuer_per_share_4q_avg": 1.29,
            "equity": 163855,
            "current_ratio": 304.38,
            "debt_ratio": 32.98,
            "inventory_turnover_ratio": null,
            "account_receivable_turnover_ratio": null,
            "reinvestment_rate": null,
            "research_to_sale_ratio": null,
            "price_fair": 0,
            "eps_avg_yearly": 0,
            "eps_latest_yearly": 0,
            "eps_growth_yearly": 0
        },
        "20071": {
            "year_quarter": 20071,
            "year": 2007,
            "quarter": 1,
            "eps": null,
            "eps_growth_year": null,
            "eps_4q": null,
            "eps_4q_growth_year": null,
            "roe": null,
            "roe_4q": 0,
            "gross_profit": null,
            "gross_margin": null,
            "gross_margin_4q_avg": 0,
            "net_income": null,
            "revenue": null,
            "common_shares": null,
            "book_valuer_per_share": null,
            "book_valuer_per_share_4q_avg": 1.29,
            "equity": null,
            "current_ratio": null,
            "debt_ratio": null,
            "inventory_turnover_ratio": null,
            "account_receivable_turnover_ratio": null,
            "reinvestment_rate": null,
            "research_to_sale_ratio": null,
            "price_fair": 0,
            "eps_avg_yearly": 0,
            "eps_latest_yearly": 0,
            "eps_growth_yearly": 0
        },
        "20072": {
            "year_quarter": 20072,
            "year": 2007,
            "quarter": 2,
            "eps": null,
            "eps_growth_year": null,
            "eps_4q": null,
            "eps_4q_growth_year": null,
            "roe": null,
            "roe_4q": 0,
            "gross_profit": null,
            "gross_margin": null,
            "gross_margin_4q_avg": 0,
            "net_income": null,
            "revenue": null,
            "common_shares": null,
            "book_valuer_per_share": null,
            "book_valuer_per_share_4q_avg": 1.29,
            "equity": null,
            "current_ratio": null,
            "debt_ratio": null,
            "inventory_turnover_ratio": null,
            "account_receivable_turnover_ratio": null,
            "reinvestment_rate": null,
            "research_to_sale_ratio": null,
            "price_fair": 0,
            "eps_avg_yearly": 0,
            "eps_latest_yearly": 0,
            "eps_growth_yearly": 0
        },
        "20073": {
            "year_quarter": 20073,
            "year": 2007,
            "quarter": 3,
            "eps": null,
            "eps_growth_year": null,
            "eps_4q": null,
            "eps_4q_growth_year": null,
            "roe": null,
            "roe_4q": 0,
            "gross_profit": null,
            "gross_margin": null,
            "gross_margin_4q_avg": 0,
            "net_income": null,
            "revenue": null,
            "common_shares": null,
            "book_valuer_per_share": null,
            "book_valuer_per_share_4q_avg": 1.29,
            "equity": null,
            "current_ratio": null,
            "debt_ratio": null,
            "inventory_turnover_ratio": null,
            "account_receivable_turnover_ratio": null,
            "reinvestment_rate": null,
            "research_to_sale_ratio": null,
            "price_fair": 0,
            "eps_avg_yearly": 0,
            "eps_latest_yearly": 0,
            "eps_growth_yearly": 0
        },
        "20074": {
            "year_quarter": 20074,
            "year": 2007,
            "quarter": 4,
            "eps": null,
            "eps_growth_year": null,
            "eps_4q": null,
            "eps_4q_growth_year": null,
            "roe": null,
            "roe_4q": 0,
            "gross_profit": null,
            "gross_margin": null,
            "gross_margin_4q_avg": 0,
            "net_income": null,
            "revenue": null,
            "common_shares": 346660,
            "book_valuer_per_share": 7.37,
            "book_valuer_per_share_4q_avg": 1.84,
            "equity": 255507,
            "current_ratio": 386.03,
            "debt_ratio": 37.74,
            "inventory_turnover_ratio": null,
            "account_receivable_turnover_ratio": null,
            "reinvestment_rate": null,
            "research_to_sale_ratio": null,
            "price_fair": 0,
            "eps_avg_yearly": 0,
            "eps_latest_yearly": 0,
            "eps_growth_yearly": 0
        },
        "20081": {
            "year_quarter": 20081,
            "year": 2008,
            "quarter": 1,
            "eps": null,
            "eps_growth_year": null,
            "eps_4q": null,
            "eps_4q_growth_year": null,
            "roe": null,
            "roe_4q": 0,
            "gross_profit": null,
            "gross_margin": null,
            "gross_margin_4q_avg": 0,
            "net_income": null,
            "revenue": null,
            "common_shares": null,
            "book_valuer_per_share": null,
            "book_valuer_per_share_4q_avg": 1.84,
            "equity": null,
            "current_ratio": null,
            "debt_ratio": null,
            "inventory_turnover_ratio": null,
            "account_receivable_turnover_ratio": null,
            "reinvestment_rate": null,
            "research_to_sale_ratio": null,
            "price_fair": 0,
            "eps_avg_yearly": 0,
            "eps_latest_yearly": 0,
            "eps_growth_yearly": 0
        },
        "20082": {
            "year_quarter": 20082,
            "year": 2008,
            "quarter": 2,
            "eps": null,
            "eps_growth_year": null,
            "eps_4q": null,
            "eps_4q_growth_year": null,
            "roe": null,
            "roe_4q": 0,
            "gross_profit": null,
            "gross_margin": null,
            "gross_margin_4q_avg": 0,
            "net_income": null,
            "revenue": null,
            "common_shares": null,
            "book_valuer_per_share": null,
            "book_valuer_per_share_4q_avg": 1.84,
            "equity": null,
            "current_ratio": null,
            "debt_ratio": null,
            "inventory_turnover_ratio": null,
            "account_receivable_turnover_ratio": null,
            "reinvestment_rate": null,
            "research_to_sale_ratio": null,
            "price_fair": 0,
            "eps_avg_yearly": 0,
            "eps_latest_yearly": 0,
            "eps_growth_yearly": 0
        },
        "20083": {
            "year_quarter": 20083,
            "year": 2008,
            "quarter": 3,
            "eps": null,
            "eps_growth_year": null,
            "eps_4q": null,
            "eps_4q_growth_year": null,
            "roe": null,
            "roe_4q": 0,
            "gross_profit": null,
            "gross_margin": null,
            "gross_margin_4q_avg": 0,
            "net_income": null,
            "revenue": null,
            "common_shares": null,
            "book_valuer_per_share": null,
            "book_valuer_per_share_4q_avg": 1.84,
            "equity": null,
            "current_ratio": null,
            "debt_ratio": null,
            "inventory_turnover_ratio": null,
            "account_receivable_turnover_ratio": null,
            "reinvestment_rate": null,
            "research_to_sale_ratio": null,
            "price_fair": 0,
            "eps_avg_yearly": 0,
            "eps_latest_yearly": 0,
            "eps_growth_yearly": 0
        },
        "20084": {
            "year_quarter": 20084,
            "year": 2008,
            "quarter": 4,
            "eps": null,
            "eps_growth_year": null,
            "eps_4q": null,
            "eps_4q_growth_year": null,
            "roe": null,
            "roe_4q": 0,
            "gross_profit": null,
            "gross_margin": null,
            "gross_margin_4q_avg": 0,
            "net_income": null,
            "revenue": null,
            "common_shares": 346660,
            "book_valuer_per_share": 8.6,
            "book_valuer_per_share_4q_avg": 2.15,
            "equity": 298170,
            "current_ratio": 266.23,
            "debt_ratio": 37.6,
            "inventory_turnover_ratio": null,
            "account_receivable_turnover_ratio": null,
            "reinvestment_rate": null,
            "research_to_sale_ratio": null,
            "price_fair": 0,
            "eps_avg_yearly": 0,
            "eps_latest_yearly": 0,
            "eps_growth_yearly": 0
        },
        "20091": {
            "year_quarter": 20091,
            "year": 2009,
            "quarter": 1,
            "eps": null,
            "eps_growth_year": null,
            "eps_4q": null,
            "eps_4q_growth_year": null,
            "roe": null,
            "roe_4q": 0,
            "gross_profit": null,
            "gross_margin": null,
            "gross_margin_4q_avg": 0,
            "net_income": null,
            "revenue": null,
            "common_shares": null,
            "book_valuer_per_share": null,
            "book_valuer_per_share_4q_avg": 2.15,
            "equity": null,
            "current_ratio": null,
            "debt_ratio": null,
            "inventory_turnover_ratio": null,
            "account_receivable_turnover_ratio": null,
            "reinvestment_rate": null,
            "research_to_sale_ratio": null,
            "price_fair": 0,
            "eps_avg_yearly": 0,
            "eps_latest_yearly": 0,
            "eps_growth_yearly": 0
        },
        "20092": {
            "year_quarter": 20092,
            "year": 2009,
            "quarter": 2,
            "eps": null,
            "eps_growth_year": null,
            "eps_4q": null,
            "eps_4q_growth_year": null,
            "roe": null,
            "roe_4q": 0,
            "gross_profit": null,
            "gross_margin": null,
            "gross_margin_4q_avg": 0,
            "net_income": null,
            "revenue": null,
            "common_shares": null,
            "book_valuer_per_share": null,
            "book_valuer_per_share_4q_avg": 2.15,
            "equity": null,
            "current_ratio": null,
            "debt_ratio": null,
            "inventory_turnover_ratio": null,
            "account_receivable_turnover_ratio": null,
            "reinvestment_rate": null,
            "research_to_sale_ratio": null,
            "price_fair": 0,
            "eps_avg_yearly": 0,
            "eps_latest_yearly": 0,
            "eps_growth_yearly": 0
        },
        "20093": {
            "year_quarter": 20093,
            "year": 2009,
            "quarter": 3,
            "eps": null,
            "eps_growth_year": null,
            "eps_4q": null,
            "eps_4q_growth_year": null,
            "roe": null,
            "roe_4q": 0,
            "gross_profit": null,
            "gross_margin": null,
            "gross_margin_4q_avg": 0,
            "net_income": null,
            "revenue": null,
            "common_shares": null,
            "book_valuer_per_share": null,
            "book_valuer_per_share_4q_avg": 2.15,
            "equity": null,
            "current_ratio": null,
            "debt_ratio": null,
            "inventory_turnover_ratio": null,
            "account_receivable_turnover_ratio": null,
            "reinvestment_rate": null,
            "research_to_sale_ratio": null,
            "price_fair": 0,
            "eps_avg_yearly": 0,
            "eps_latest_yearly": 0,
            "eps_growth_yearly": 0
        },
        "20094": {
            "year_quarter": 20094,
            "year": 2009,
            "quarter": 4,
            "eps": null,
            "eps_growth_year": null,
            "eps_4q": null,
            "eps_4q_growth_year": null,
            "roe": null,
            "roe_4q": 0,
            "gross_profit": null,
            "gross_margin": null,
            "gross_margin_4q_avg": 0,
            "net_income": null,
            "revenue": null,
            "common_shares": 365130,
            "book_valuer_per_share": 10.3,
            "book_valuer_per_share_4q_avg": 2.58,
            "equity": 376135,
            "current_ratio": 285.38,
            "debt_ratio": 32.03,
            "inventory_turnover_ratio": null,
            "account_receivable_turnover_ratio": null,
            "reinvestment_rate": null,
            "research_to_sale_ratio": null,
            "price_fair": 0,
            "eps_avg_yearly": 0,
            "eps_latest_yearly": 0,
            "eps_growth_yearly": 0
        },
        "20101": {
            "year_quarter": 20101,
            "year": 2010,
            "quarter": 1,
            "eps": null,
            "eps_growth_year": null,
            "eps_4q": null,
            "eps_4q_growth_year": null,
            "roe": null,
            "roe_4q": 0,
            "gross_profit": null,
            "gross_margin": null,
            "gross_margin_4q_avg": 0,
            "net_income": null,
            "revenue": null,
            "common_shares": null,
            "book_valuer_per_share": null,
            "book_valuer_per_share_4q_avg": 2.58,
            "equity": null,
            "current_ratio": null,
            "debt_ratio": null,
            "inventory_turnover_ratio": null,
            "account_receivable_turnover_ratio": null,
            "reinvestment_rate": null,
            "research_to_sale_ratio": null,
            "price_fair": 0,
            "eps_avg_yearly": 0,
            "eps_latest_yearly": 0,
            "eps_growth_yearly": 0
        },
        "20102": {
            "year_quarter": 20102,
            "year": 2010,
            "quarter": 2,
            "eps": null,
            "eps_growth_year": null,
            "eps_4q": null,
            "eps_4q_growth_year": null,
            "roe": null,
            "roe_4q": 0,
            "gross_profit": null,
            "gross_margin": null,
            "gross_margin_4q_avg": 0,
            "net_income": null,
            "revenue": null,
            "common_shares": 390006,
            "book_valuer_per_share": null,
            "book_valuer_per_share_4q_avg": 2.58,
            "equity": 515813,
            "current_ratio": null,
            "debt_ratio": null,
            "inventory_turnover_ratio": null,
            "account_receivable_turnover_ratio": null,
            "reinvestment_rate": null,
            "research_to_sale_ratio": null,
            "price_fair": 0,
            "eps_avg_yearly": 0,
            "eps_latest_yearly": 0,
            "eps_growth_yearly": 0
        },
        "20103": {
            "year_quarter": 20103,
            "year": 2010,
            "quarter": 3,
            "eps": null,
            "eps_growth_year": null,
            "eps_4q": null,
            "eps_4q_growth_year": null,
            "roe": null,
            "roe_4q": 0,
            "gross_profit": null,
            "gross_margin": null,
            "gross_margin_4q_avg": 0,
            "net_income": null,
            "revenue": null,
            "common_shares": null,
            "book_valuer_per_share": null,
            "book_valuer_per_share_4q_avg": 2.58,
            "equity": null,
            "current_ratio": null,
            "debt_ratio": null,
            "inventory_turnover_ratio": null,
            "account_receivable_turnover_ratio": null,
            "reinvestment_rate": null,
            "research_to_sale_ratio": null,
            "price_fair": 0,
            "eps_avg_yearly": 0,
            "eps_latest_yearly": 0,
            "eps_growth_yearly": 0
        },
        "20104": {
            "year_quarter": 20104,
            "year": 2010,
            "quarter": 4,
            "eps": null,
            "eps_growth_year": null,
            "eps_4q": null,
            "eps_4q_growth_year": null,
            "roe": null,
            "roe_4q": 0,
            "gross_profit": null,
            "gross_margin": null,
            "gross_margin_4q_avg": 0,
            "net_income": null,
            "revenue": null,
            "common_shares": 392706,
            "book_valuer_per_share": 10.57,
            "book_valuer_per_share_4q_avg": 2.64,
            "equity": 415261,
            "current_ratio": 223.95,
            "debt_ratio": 36.57,
            "inventory_turnover_ratio": null,
            "account_receivable_turnover_ratio": null,
            "reinvestment_rate": null,
            "research_to_sale_ratio": null,
            "price_fair": 0,
            "eps_avg_yearly": 0,
            "eps_latest_yearly": 0,
            "eps_growth_yearly": 0
        },
        "20111": {
            "year_quarter": 20111,
            "year": 2011,
            "quarter": 1,
            "eps": null,
            "eps_growth_year": null,
            "eps_4q": null,
            "eps_4q_growth_year": null,
            "roe": null,
            "roe_4q": 0,
            "gross_profit": null,
            "gross_margin": null,
            "gross_margin_4q_avg": 0,
            "net_income": null,
            "revenue": null,
            "common_shares": null,
            "book_valuer_per_share": null,
            "book_valuer_per_share_4q_avg": 2.64,
            "equity": null,
            "current_ratio": null,
            "debt_ratio": null,
            "inventory_turnover_ratio": null,
            "account_receivable_turnover_ratio": null,
            "reinvestment_rate": null,
            "research_to_sale_ratio": null,
            "price_fair": 0,
            "eps_avg_yearly": 0,
            "eps_latest_yearly": 0,
            "eps_growth_yearly": 0
        },
        "20112": {
            "year_quarter": 20112,
            "year": 2011,
            "quarter": 2,
            "eps": null,
            "eps_growth_year": null,
            "eps_4q": null,
            "eps_4q_growth_year": null,
            "roe": null,
            "roe_4q": 0,
            "gross_profit": null,
            "gross_margin": null,
            "gross_margin_4q_avg": 0,
            "net_income": null,
            "revenue": null,
            "common_shares": 402756,
            "book_valuer_per_share": 7.93,
            "book_valuer_per_share_4q_avg": 4.63,
            "equity": 319299,
            "current_ratio": 150.32,
            "debt_ratio": 54.44,
            "inventory_turnover_ratio": null,
            "account_receivable_turnover_ratio": null,
            "reinvestment_rate": null,
            "research_to_sale_ratio": null,
            "price_fair": 0,
            "eps_avg_yearly": 0,
            "eps_latest_yearly": 0,
            "eps_growth_yearly": 0
        },
        "20113": {
            "year_quarter": 20113,
            "year": 2011,
            "quarter": 3,
            "eps": null,
            "eps_growth_year": null,
            "eps_4q": null,
            "eps_4q_growth_year": null,
            "roe": null,
            "roe_4q": 0,
            "gross_profit": null,
            "gross_margin": null,
            "gross_margin_4q_avg": 0,
            "net_income": null,
            "revenue": null,
            "common_shares": null,
            "book_valuer_per_share": null,
            "book_valuer_per_share_4q_avg": 4.63,
            "equity": null,
            "current_ratio": null,
            "debt_ratio": null,
            "inventory_turnover_ratio": null,
            "account_receivable_turnover_ratio": null,
            "reinvestment_rate": null,
            "research_to_sale_ratio": null,
            "price_fair": 0,
            "eps_avg_yearly": 0,
            "eps_latest_yearly": 0,
            "eps_growth_yearly": 0
        },
        "20114": {
            "year_quarter": 20114,
            "year": 2011,
            "quarter": 4,
            "eps": null,
            "eps_growth_year": null,
            "eps_4q": null,
            "eps_4q_growth_year": null,
            "roe": null,
            "roe_4q": 0,
            "gross_profit": null,
            "gross_margin": null,
            "gross_margin_4q_avg": 0,
            "net_income": null,
            "revenue": null,
            "common_shares": 403536,
            "book_valuer_per_share": 7.54,
            "book_valuer_per_share_4q_avg": 3.87,
            "equity": 304798,
            "current_ratio": 151.83,
            "debt_ratio": 57.15,
            "inventory_turnover_ratio": null,
            "account_receivable_turnover_ratio": null,
            "reinvestment_rate": null,
            "research_to_sale_ratio": null,
            "price_fair": 0,
            "eps_avg_yearly": 0,
            "eps_latest_yearly": 0,
            "eps_growth_yearly": 0
        },
        "20121": {
            "year_quarter": 20121,
            "year": 2012,
            "quarter": 1,
            "eps": null,
            "eps_growth_year": null,
            "eps_4q": null,
            "eps_4q_growth_year": null,
            "roe": null,
            "roe_4q": 0,
            "gross_profit": null,
            "gross_margin": null,
            "gross_margin_4q_avg": 0,
            "net_income": null,
            "revenue": null,
            "common_shares": null,
            "book_valuer_per_share": null,
            "book_valuer_per_share_4q_avg": 3.87,
            "equity": null,
            "current_ratio": null,
            "debt_ratio": null,
            "inventory_turnover_ratio": null,
            "account_receivable_turnover_ratio": null,
            "reinvestment_rate": null,
            "research_to_sale_ratio": null,
            "price_fair": 0,
            "eps_avg_yearly": 0,
            "eps_latest_yearly": 0,
            "eps_growth_yearly": 0
        },
        "20122": {
            "year_quarter": 20122,
            "year": 2012,
            "quarter": 2,
            "eps": null,
            "eps_growth_year": null,
            "eps_4q": null,
            "eps_4q_growth_year": null,
            "roe": null,
            "roe_4q": 0,
            "gross_profit": null,
            "gross_margin": null,
            "gross_margin_4q_avg": 0,
            "net_income": null,
            "revenue": null,
            "common_shares": 404126,
            "book_valuer_per_share": 7.75,
            "book_valuer_per_share_4q_avg": 3.82,
            "equity": 313245,
            "current_ratio": 157.44,
            "debt_ratio": 55.94,
            "inventory_turnover_ratio": null,
            "account_receivable_turnover_ratio": null,
            "reinvestment_rate": null,
            "research_to_sale_ratio": null,
            "price_fair": 0,
            "eps_avg_yearly": 0,
            "eps_latest_yearly": 0,
            "eps_growth_yearly": 0
        },
        "20123": {
            "year_quarter": 20123,
            "year": 2012,
            "quarter": 3,
            "eps": null,
            "eps_growth_year": null,
            "eps_4q": null,
            "eps_4q_growth_year": null,
            "roe": null,
            "roe_4q": 0,
            "gross_profit": null,
            "gross_margin": null,
            "gross_margin_4q_avg": 0,
            "net_income": null,
            "revenue": null,
            "common_shares": null,
            "book_valuer_per_share": null,
            "book_valuer_per_share_4q_avg": 3.82,
            "equity": null,
            "current_ratio": null,
            "debt_ratio": null,
            "inventory_turnover_ratio": null,
            "account_receivable_turnover_ratio": null,
            "reinvestment_rate": null,
            "research_to_sale_ratio": null,
            "price_fair": 0,
            "eps_avg_yearly": 0,
            "eps_latest_yearly": 0,
            "eps_growth_yearly": 0
        },
        "20124": {
            "year_quarter": 20124,
            "year": 2012,
            "quarter": 4,
            "eps": null,
            "eps_growth_year": null,
            "eps_4q": null,
            "eps_4q_growth_year": null,
            "roe": null,
            "roe_4q": 0,
            "gross_profit": null,
            "gross_margin": null,
            "gross_margin_4q_avg": 0,
            "net_income": null,
            "revenue": null,
            "common_shares": 404846,
            "book_valuer_per_share": 6.22,
            "book_valuer_per_share_4q_avg": 3.49,
            "equity": 254668,
            "current_ratio": 152.57,
            "debt_ratio": 60.87,
            "inventory_turnover_ratio": null,
            "account_receivable_turnover_ratio": null,
            "reinvestment_rate": null,
            "research_to_sale_ratio": null,
            "price_fair": 0,
            "eps_avg_yearly": 0,
            "eps_latest_yearly": 0,
            "eps_growth_yearly": 0
        },
        "20131": {
            "year_quarter": 20131,
            "year": 2013,
            "quarter": 1,
            "eps": null,
            "eps_growth_year": null,
            "eps_4q": null,
            "eps_4q_growth_year": null,
            "roe": null,
            "roe_4q": 0,
            "gross_profit": null,
            "gross_margin": null,
            "gross_margin_4q_avg": 0,
            "net_income": null,
            "revenue": null,
            "common_shares": null,
            "book_valuer_per_share": null,
            "book_valuer_per_share_4q_avg": 3.49,
            "equity": null,
            "current_ratio": null,
            "debt_ratio": null,
            "inventory_turnover_ratio": null,
            "account_receivable_turnover_ratio": null,
            "reinvestment_rate": null,
            "research_to_sale_ratio": null,
            "price_fair": 0,
            "eps_avg_yearly": 0,
            "eps_latest_yearly": 0,
            "eps_growth_yearly": 0
        },
        "20132": {
            "year_quarter": 20132,
            "year": 2013,
            "quarter": 2,
            "eps": null,
            "eps_growth_year": null,
            "eps_4q": null,
            "eps_4q_growth_year": null,
            "roe": null,
            "roe_4q": 0,
            "gross_profit": null,
            "gross_margin": null,
            "gross_margin_4q_avg": 0,
            "net_income": null,
            "revenue": null,
            "common_shares": 410576,
            "book_valuer_per_share": 6.28,
            "book_valuer_per_share_4q_avg": 3.13,
            "equity": 257975,
            "current_ratio": 146.72,
            "debt_ratio": 63.52,
            "inventory_turnover_ratio": null,
            "account_receivable_turnover_ratio": null,
            "reinvestment_rate": null,
            "research_to_sale_ratio": null,
            "price_fair": 0,
            "eps_avg_yearly": 0,
            "eps_latest_yearly": 0,
            "eps_growth_yearly": 0
        },
        "20133": {
            "year_quarter": 20133,
            "year": 2013,
            "quarter": 3,
            "eps": null,
            "eps_growth_year": null,
            "eps_4q": null,
            "eps_4q_growth_year": null,
            "roe": null,
            "roe_4q": 0,
            "gross_profit": null,
            "gross_margin": null,
            "gross_margin_4q_avg": 0,
            "net_income": null,
            "revenue": null,
            "common_shares": null,
            "book_valuer_per_share": null,
            "book_valuer_per_share_4q_avg": 3.13,
            "equity": null,
            "current_ratio": null,
            "debt_ratio": null,
            "inventory_turnover_ratio": null,
            "account_receivable_turnover_ratio": null,
            "reinvestment_rate": null,
            "research_to_sale_ratio": null,
            "price_fair": 0,
            "eps_avg_yearly": 0,
            "eps_latest_yearly": 0,
            "eps_growth_yearly": 0
        },
        "20134": {
            "year_quarter": 20134,
            "year": 2013,
            "quarter": 4,
            "eps": null,
            "eps_growth_year": null,
            "eps_4q": null,
            "eps_4q_growth_year": null,
            "roe": null,
            "roe_4q": 0,
            "gross_profit": null,
            "gross_margin": null,
            "gross_margin_4q_avg": 0,
            "net_income": null,
            "revenue": null,
            "common_shares": 419296,
            "book_valuer_per_share": 6.77,
            "book_valuer_per_share_4q_avg": 3.26,
            "equity": 283841,
            "current_ratio": 152.35,
            "debt_ratio": 63.45,
            "inventory_turnover_ratio": null,
            "account_receivable_turnover_ratio": null,
            "reinvestment_rate": null,
            "research_to_sale_ratio": null,
            "price_fair": 0,
            "eps_avg_yearly": 0,
            "eps_latest_yearly": 0,
            "eps_growth_yearly": 0
        },
        "20141": {
            "year_quarter": 20141,
            "year": 2014,
            "quarter": 1,
            "eps": null,
            "eps_growth_year": null,
            "eps_4q": null,
            "eps_4q_growth_year": null,
            "roe": null,
            "roe_4q": 0,
            "gross_profit": 80248,
            "gross_margin": null,
            "gross_margin_4q_avg": 0,
            "net_income": 9680,
            "revenue": 324650,
            "common_shares": 419296,
            "book_valuer_per_share": 7.01,
            "book_valuer_per_share_4q_avg": 5.02,
            "equity": 293789,
            "current_ratio": 153.79,
            "debt_ratio": 61.62,
            "inventory_turnover_ratio": null,
            "account_receivable_turnover_ratio": null,
            "reinvestment_rate": null,
            "research_to_sale_ratio": null,
            "price_fair": 0,
            "eps_avg_yearly": 0,
            "eps_latest_yearly": 0,
            "eps_growth_yearly": 0
        },
        "20142": {
            "year_quarter": 20142,
            "year": 2014,
            "quarter": 2,
            "eps": 0.51,
            "eps_growth_year": null,
            "eps_4q": null,
            "eps_4q_growth_year": null,
            "roe": 7,
            "roe_4q": 7,
            "gross_profit": 105547,
            "gross_margin": 28.73,
            "gross_margin_4q_avg": 7.18,
            "net_income": 21639,
            "revenue": 367325,
            "common_shares": 424306,
            "book_valuer_per_share": 7.65,
            "book_valuer_per_share_4q_avg": 5.36,
            "equity": 324457,
            "current_ratio": 161.09,
            "debt_ratio": 58.39,
            "inventory_turnover_ratio": 1.17,
            "account_receivable_turnover_ratio": 1.88,
            "reinvestment_rate": null,
            "research_to_sale_ratio": null,
            "price_fair": 0,
            "eps_avg_yearly": 0,
            "eps_latest_yearly": 0,
            "eps_growth_yearly": 0
        },
        "20143": {
            "year_quarter": 20143,
            "year": 2014,
            "quarter": 3,
            "eps": null,
            "eps_growth_year": null,
            "eps_4q": null,
            "eps_4q_growth_year": null,
            "roe": null,
            "roe_4q": 7,
            "gross_profit": 77904,
            "gross_margin": null,
            "gross_margin_4q_avg": 7.18,
            "net_income": 4831,
            "revenue": 350875,
            "common_shares": 424306,
            "book_valuer_per_share": 7.78,
            "book_valuer_per_share_4q_avg": 7.3,
            "equity": 330042,
            "current_ratio": 162.43,
            "debt_ratio": 57.76,
            "inventory_turnover_ratio": null,
            "account_receivable_turnover_ratio": null,
            "reinvestment_rate": null,
            "research_to_sale_ratio": null,
            "price_fair": 0,
            "eps_avg_yearly": 0,
            "eps_latest_yearly": 0,
            "eps_growth_yearly": 0
        },
        "20144": {
            "year_quarter": 20144,
            "year": 2014,
            "quarter": 4,
            "eps": null,
            "eps_growth_year": null,
            "eps_4q": null,
            "eps_4q_growth_year": null,
            "roe": null,
            "roe_4q": 7,
            "gross_profit": 88498,
            "gross_margin": null,
            "gross_margin_4q_avg": 7.18,
            "net_income": 20961,
            "revenue": 339649,
            "common_shares": 439156,
            "book_valuer_per_share": 8.55,
            "book_valuer_per_share_4q_avg": 7.75,
            "equity": 375502,
            "current_ratio": 178.19,
            "debt_ratio": 51.13,
            "inventory_turnover_ratio": null,
            "account_receivable_turnover_ratio": null,
            "reinvestment_rate": null,
            "research_to_sale_ratio": null,
            "price_fair": 0,
            "eps_avg_yearly": 0,
            "eps_latest_yearly": 0,
            "eps_growth_yearly": 0
        },
        "20151": {
            "year_quarter": 20151,
            "year": 2015,
            "quarter": 1,
            "eps": 0.61,
            "eps_growth_year": null,
            "eps_4q": 1.1,
            "eps_4q_growth_year": null,
            "roe": 6.88,
            "roe_4q": 13.879999999999999,
            "gross_profit": 118508,
            "gross_margin": 32.83,
            "gross_margin_4q_avg": 15.39,
            "net_income": 26763,
            "revenue": 360959,
            "common_shares": 439156,
            "book_valuer_per_share": 9.16,
            "book_valuer_per_share_4q_avg": 8.29,
            "equity": 402263,
            "current_ratio": 182.08,
            "debt_ratio": 49.58,
            "inventory_turnover_ratio": 0.96,
            "account_receivable_turnover_ratio": 1.11,
            "reinvestment_rate": null,
            "research_to_sale_ratio": 12.92,
            "price_fair": 0,
            "eps_avg_yearly": 0,
            "eps_latest_yearly": 0,
            "eps_growth_yearly": 0
        },
        "20152": {
            "year_quarter": 20152,
            "year": 2015,
            "quarter": 2,
            "eps": 1.01,
            "eps_growth_year": 98.04,
            "eps_4q": 1.62,
            "eps_4q_growth_year": null,
            "roe": 10.48,
            "roe_4q": 17.36,
            "gross_profit": 144769,
            "gross_margin": 33.67,
            "gross_margin_4q_avg": 16.63,
            "net_income": 44546,
            "revenue": 429982,
            "common_shares": 439976,
            "book_valuer_per_share": 10.19,
            "book_valuer_per_share_4q_avg": 8.92,
            "equity": 448195,
            "current_ratio": 192.8,
            "debt_ratio": 47.07,
            "inventory_turnover_ratio": 0.97,
            "account_receivable_turnover_ratio": 1.31,
            "reinvestment_rate": null,
            "research_to_sale_ratio": 12.09,
            "price_fair": 141.4,
            "eps_avg_yearly": 4.04,
            "eps_latest_yearly": 4.04,
            "eps_growth_yearly": 262.3
        },
        "20153": {
            "year_quarter": 20153,
            "year": 2015,
            "quarter": 3,
            "eps": 1.17,
            "eps_growth_year": null,
            "eps_4q": 2.79,
            "eps_4q_growth_year": null,
            "roe": 10.83,
            "roe_4q": 28.19,
            "gross_profit": 153779,
            "gross_margin": 33.09,
            "gross_margin_4q_avg": 24.9,
            "net_income": 51322,
            "revenue": 464708,
            "common_shares": 439976,
            "book_valuer_per_share": 11.35,
            "book_valuer_per_share_4q_avg": 9.81,
            "equity": 499517,
            "current_ratio": 203.22,
            "debt_ratio": 45.13,
            "inventory_turnover_ratio": 0.94,
            "account_receivable_turnover_ratio": 1.26,
            "reinvestment_rate": null,
            "research_to_sale_ratio": 11.78,
            "price_fair": 152.6,
            "eps_avg_yearly": 4.36,
            "eps_latest_yearly": 4.68,
            "eps_growth_yearly": 162.83
        },
        "20154": {
            "year_quarter": 20154,
            "year": 2015,
            "quarter": 4,
            "eps": 0.47,
            "eps_growth_year": null,
            "eps_4q": 2.93,
            "eps_4q_growth_year": null,
            "roe": 3.59,
            "roe_4q": 31.779999999999998,
            "gross_profit": 156748,
            "gross_margin": 34.03,
            "gross_margin_4q_avg": 33.41,
            "net_income": 23455,
            "revenue": 460568,
            "common_shares": 498976,
            "book_valuer_per_share": 16.16,
            "book_valuer_per_share_4q_avg": 11.72,
            "equity": 806510,
            "current_ratio": 328.75,
            "debt_ratio": 28.18,
            "inventory_turnover_ratio": 0.93,
            "account_receivable_turnover_ratio": 1.32,
            "reinvestment_rate": null,
            "research_to_sale_ratio": 17.57,
            "price_fair": 123.67,
            "eps_avg_yearly": 3.53,
            "eps_latest_yearly": 1.88,
            "eps_growth_yearly": 28.78
        },
        "20161": {
            "year_quarter": 20161,
            "year": 2016,
            "quarter": 1,
            "eps": 0.5,
            "eps_growth_year": -18.03,
            "eps_4q": 2.89,
            "eps_4q_growth_year": 162.38,
            "roe": 3.05,
            "roe_4q": 27.95,
            "gross_profit": 154965,
            "gross_margin": 32.55,
            "gross_margin_4q_avg": 33.34,
            "net_income": 24976,
            "revenue": 476111,
            "common_shares": 498976,
            "book_valuer_per_share": 16.66,
            "book_valuer_per_share_4q_avg": 13.59,
            "equity": 831491,
            "current_ratio": 286.97,
            "debt_ratio": 32.49,
            "inventory_turnover_ratio": 1.07,
            "account_receivable_turnover_ratio": 1.48,
            "reinvestment_rate": null,
            "research_to_sale_ratio": 14.02,
            "price_fair": 110.25,
            "eps_avg_yearly": 3.15,
            "eps_latest_yearly": 2,
            "eps_growth_yearly": 27.97
        },
        "20162": {
            "year_quarter": 20162,
            "year": 2016,
            "quarter": 2,
            "eps": 0.82,
            "eps_growth_year": -18.81,
            "eps_4q": 2.64,
            "eps_4q_growth_year": 62.86,
            "roe": 5.35,
            "roe_4q": 22.82,
            "gross_profit": 183673,
            "gross_margin": 35.11,
            "gross_margin_4q_avg": 33.7,
            "net_income": 45124,
            "revenue": 523202,
            "common_shares": 498976,
            "book_valuer_per_share": 17.12,
            "book_valuer_per_share_4q_avg": 15.32,
            "equity": 854154,
            "current_ratio": 272.36,
            "debt_ratio": 33.9,
            "inventory_turnover_ratio": 1.2,
            "account_receivable_turnover_ratio": 1.42,
            "reinvestment_rate": null,
            "research_to_sale_ratio": 13.15,
            "price_fair": 111.16,
            "eps_avg_yearly": 3.18,
            "eps_latest_yearly": 3.28,
            "eps_growth_yearly": 73.58
        },
        "20163": {
            "year_quarter": 20163,
            "year": 2016,
            "quarter": 3,
            "eps": 0.55,
            "eps_growth_year": -52.99,
            "eps_4q": 2.25,
            "eps_4q_growth_year": -19.19,
            "roe": 3.45,
            "roe_4q": 15.440000000000001,
            "gross_profit": 192687,
            "gross_margin": 34.56,
            "gross_margin_4q_avg": 34.06,
            "net_income": 30069,
            "revenue": 557477,
            "common_shares": 548874,
            "book_valuer_per_share": 16.24,
            "book_valuer_per_share_4q_avg": 16.55,
            "equity": 891367,
            "current_ratio": 274.94,
            "debt_ratio": 33.8,
            "inventory_turnover_ratio": 1.32,
            "account_receivable_turnover_ratio": 1.32,
            "reinvestment_rate": null,
            "research_to_sale_ratio": 12.24,
            "price_fair": 105.47,
            "eps_avg_yearly": 3.01,
            "eps_latest_yearly": 2.2,
            "eps_growth_yearly": 39.36
        },
        "20164": {
            "year_quarter": 20164,
            "year": 2016,
            "quarter": 4,
            "eps": 0.91,
            "eps_growth_year": 93.96,
            "eps_4q": 2.74,
            "eps_4q_growth_year": -6.52,
            "roe": 5.45,
            "roe_4q": 17.3,
            "gross_profit": 200900,
            "gross_margin": 33.21,
            "gross_margin_4q_avg": 33.86,
            "net_income": 50043,
            "revenue": 604994,
            "common_shares": 548874,
            "book_valuer_per_share": 17.21,
            "book_valuer_per_share_4q_avg": 16.81,
            "equity": 944503,
            "current_ratio": 282.79,
            "debt_ratio": 33.4,
            "inventory_turnover_ratio": 1.44,
            "account_receivable_turnover_ratio": 1.32,
            "reinvestment_rate": null,
            "research_to_sale_ratio": 11.61,
            "price_fair": 108.6,
            "eps_avg_yearly": 3.1,
            "eps_latest_yearly": 3.64,
            "eps_growth_yearly": 71.14
        },
        "20171": {
            "year_quarter": 20171,
            "year": 2017,
            "quarter": 1,
            "eps": -0.91,
            "eps_growth_year": -282,
            "eps_4q": 1.38,
            "eps_4q_growth_year": -52.4,
            "roe": -5.38,
            "roe_4q": 8.870000000000001,
            "gross_profit": 219092,
            "gross_margin": 37.08,
            "gross_margin_4q_avg": 34.99,
            "net_income": -49676,
            "revenue": 590852,
            "common_shares": 548874,
            "book_valuer_per_share": 16.41,
            "book_valuer_per_share_4q_avg": 16.75,
            "equity": 900605,
            "current_ratio": 266.21,
            "debt_ratio": 35.23,
            "inventory_turnover_ratio": 1.19,
            "account_receivable_turnover_ratio": 1.26,
            "reinvestment_rate": null,
            "research_to_sale_ratio": 13.4,
            "price_fair": 108.6,
            "eps_avg_yearly": 3.1,
            "eps_latest_yearly": 3.64,
            "eps_growth_yearly": 71.14
        },
        "20172": {
            "year_quarter": 20172,
            "year": 2017,
            "quarter": 2,
            "eps": 1.36,
            "eps_growth_year": 65.85,
            "eps_4q": 1.91,
            "eps_4q_growth_year": -27.65,
            "roe": 8.32,
            "roe_4q": 11.84,
            "gross_profit": 237774,
            "gross_margin": 36.28,
            "gross_margin_4q_avg": 35.28,
            "net_income": 74389,
            "revenue": 655464,
            "common_shares": 548874,
            "book_valuer_per_share": 16.19,
            "book_valuer_per_share_4q_avg": 16.51,
            "equity": 888559,
            "current_ratio": 218.02,
            "debt_ratio": 43.21,
            "inventory_turnover_ratio": 1.02,
            "account_receivable_turnover_ratio": 1.3,
            "reinvestment_rate": null,
            "research_to_sale_ratio": 13.05,
            "price_fair": 108.6,
            "eps_avg_yearly": 3.1,
            "eps_latest_yearly": 3.64,
            "eps_growth_yearly": 71.14
        },
        "20173": {
            "year_quarter": 20173,
            "year": 2017,
            "quarter": 3,
            "eps": 1.07,
            "eps_growth_year": 94.55,
            "eps_4q": 2.43,
            "eps_4q_growth_year": 8.02,
            "roe": 6.38,
            "roe_4q": 14.77,
            "gross_profit": 222774,
            "gross_margin": 31.52,
            "gross_margin_4q_avg": 34.52,
            "net_income": 58786,
            "revenue": 706675,
            "common_shares": 548874,
            "book_valuer_per_share": 17.37,
            "book_valuer_per_share_4q_avg": 16.8,
            "equity": 953125,
            "current_ratio": 248.43,
            "debt_ratio": 37.2,
            "inventory_turnover_ratio": 1.06,
            "account_receivable_turnover_ratio": 1.28,
            "reinvestment_rate": null,
            "research_to_sale_ratio": 12.41,
            "price_fair": 113.75,
            "eps_avg_yearly": 3.25,
            "eps_latest_yearly": 4.28,
            "eps_growth_yearly": 51.59
        },
        "20174": {
            "year_quarter": 20174,
            "year": 2017,
            "quarter": 4,
            "eps": 1.07,
            "eps_growth_year": 17.23,
            "eps_4q": 2.59,
            "eps_4q_growth_year": -5.36,
            "roe": 5.96,
            "roe_4q": 15.280000000000001,
            "gross_profit": 229466,
            "gross_margin": 32.18,
            "gross_margin_4q_avg": 34.27,
            "net_income": 58663,
            "revenue": 713100,
            "common_shares": 548874,
            "book_valuer_per_share": 18.52,
            "book_valuer_per_share_4q_avg": 17.12,
            "equity": 1016501,
            "current_ratio": 242.83,
            "debt_ratio": 38.25,
            "inventory_turnover_ratio": 1.07,
            "account_receivable_turnover_ratio": 1.13,
            "reinvestment_rate": 4.5,
            "research_to_sale_ratio": 12.25,
            "price_fair": 117.76,
            "eps_avg_yearly": 3.36,
            "eps_latest_yearly": 4.28,
            "eps_growth_yearly": 45.85
        },
        "20181": {
            "year_quarter": 20181,
            "year": 2018,
            "quarter": 1,
            "eps": 0.66,
            "eps_growth_year": null,
            "eps_4q": 4.15,
            "eps_4q_growth_year": 201.66,
            "roe": 3.48,
            "roe_4q": 24.14,
            "gross_profit": 205375,
            "gross_margin": 31.01,
            "gross_margin_4q_avg": 32.75,
            "net_income": 36100,
            "revenue": 662271,
            "common_shares": 548874,
            "book_valuer_per_share": 19.28,
            "book_valuer_per_share_4q_avg": 17.84,
            "equity": 1058376,
            "current_ratio": 267.25,
            "debt_ratio": 34.27,
            "inventory_turnover_ratio": 1.06,
            "account_receivable_turnover_ratio": 1.02,
            "reinvestment_rate": 5.47,
            "research_to_sale_ratio": 12.34,
            "price_fair": 115.22,
            "eps_avg_yearly": 3.29,
            "eps_latest_yearly": 2.64,
            "eps_growth_yearly": 25.94
        },
        "20182": {
            "year_quarter": 20182,
            "year": 2018,
            "quarter": 2,
            "eps": 0.86,
            "eps_growth_year": -36.76,
            "eps_4q": 3.33,
            "eps_4q_growth_year": 74.34,
            "roe": 4.45,
            "roe_4q": 20.27,
            "gross_profit": 228793,
            "gross_margin": 32.12,
            "gross_margin_4q_avg": 31.71,
            "net_income": 47474,
            "revenue": 712365,
            "common_shares": 548874,
            "book_valuer_per_share": 19.62,
            "book_valuer_per_share_4q_avg": 18.7,
            "equity": 1077049,
            "current_ratio": 220.24,
            "debt_ratio": 41.77,
            "inventory_turnover_ratio": 1.13,
            "account_receivable_turnover_ratio": 1.13,
            "reinvestment_rate": 7.66,
            "research_to_sale_ratio": 12.74,
            "price_fair": 115.69,
            "eps_avg_yearly": 3.31,
            "eps_latest_yearly": 3.44,
            "eps_growth_yearly": 34.6
        },
        "20183": {
            "year_quarter": 20183,
            "year": 2018,
            "quarter": 3,
            "eps": 0.89,
            "eps_growth_year": -16.82,
            "eps_4q": 3.25,
            "eps_4q_growth_year": 33.59,
            "roe": 4.89,
            "roe_4q": 18.78,
            "gross_profit": 221202,
            "gross_margin": 33.06,
            "gross_margin_4q_avg": 32.09,
            "net_income": 53998,
            "revenue": 669194,
            "common_shares": 603761,
            "book_valuer_per_share": 18.77,
            "book_valuer_per_share_4q_avg": 19.05,
            "equity": 1133205,
            "current_ratio": 213.21,
            "debt_ratio": 43.36,
            "inventory_turnover_ratio": 0.99,
            "account_receivable_turnover_ratio": 1,
            "reinvestment_rate": 5.59,
            "research_to_sale_ratio": 13.45,
            "price_fair": 116.43,
            "eps_avg_yearly": 3.33,
            "eps_latest_yearly": 3.56,
            "eps_growth_yearly": 32.88
        },
        "20184": {
            "year_quarter": 20184,
            "year": 2018,
            "quarter": 4,
            "eps": 0.66,
            "eps_growth_year": -38.61,
            "eps_4q": 2.93,
            "eps_4q_growth_year": 13.31,
            "roe": 3.43,
            "roe_4q": 16.25,
            "gross_profit": 209747,
            "gross_margin": 34.59,
            "gross_margin_4q_avg": 32.7,
            "net_income": 39613,
            "revenue": 606339,
            "common_shares": 603761,
            "book_valuer_per_share": 19.45,
            "book_valuer_per_share_4q_avg": 19.28,
            "equity": 1174564,
            "current_ratio": 245.68,
            "debt_ratio": 37.64,
            "inventory_turnover_ratio": 0.86,
            "account_receivable_turnover_ratio": 0.97,
            "reinvestment_rate": 5.96,
            "research_to_sale_ratio": 14.06,
            "price_fair": 106.08,
            "eps_avg_yearly": 3.27,
            "eps_latest_yearly": 2.64,
            "eps_growth_yearly": 22.4
        },
        "20191": {
            "year_quarter": 20191,
            "year": 2019,
            "quarter": 1,
            "eps": -0.18,
            "eps_growth_year": -127.27,
            "eps_4q": 2.15,
            "eps_4q_growth_year": -48.13,
            "roe": -0.94,
            "roe_4q": 11.83,
            "gross_profit": 161125,
            "gross_margin": 37.88,
            "gross_margin_4q_avg": 34.41,
            "net_income": -11036,
            "revenue": 425319,
            "common_shares": 603761,
            "book_valuer_per_share": 19.3,
            "book_valuer_per_share_4q_avg": 19.29,
            "equity": 1165504,
            "current_ratio": 306.97,
            "debt_ratio": 30.06,
            "inventory_turnover_ratio": 0.61,
            "account_receivable_turnover_ratio": 0.81,
            "reinvestment_rate": 4.22,
            "research_to_sale_ratio": 20.64,
            "price_fair": 106.08,
            "eps_avg_yearly": 3.27,
            "eps_latest_yearly": 2.64,
            "eps_growth_yearly": 22.4
        },
        "20192": {
            "year_quarter": 20192,
            "year": 2019,
            "quarter": 2,
            "eps": 1,
            "eps_growth_year": 16.28,
            "eps_4q": 2.36,
            "eps_4q_growth_year": -29.14,
            "roe": 5.22,
            "roe_4q": 12.599999999999998,
            "gross_profit": 257168,
            "gross_margin": 38.6,
            "gross_margin_4q_avg": 36.03,
            "net_income": 60633,
            "revenue": 666322,
            "common_shares": 603761,
            "book_valuer_per_share": 19.05,
            "book_valuer_per_share_4q_avg": 19.14,
            "equity": 1156271,
            "current_ratio": 247.58,
            "debt_ratio": 37.26,
            "inventory_turnover_ratio": 1.05,
            "account_receivable_turnover_ratio": 1.21,
            "reinvestment_rate": 4.79,
            "research_to_sale_ratio": 14.49,
            "price_fair": 39.84,
            "eps_avg_yearly": 3.21,
            "eps_latest_yearly": 2.64,
            "eps_growth_yearly": 2.41
        },
        "20193": {
            "year_quarter": 20193,
            "year": 2019,
            "quarter": 3,
            "eps": 1.57,
            "eps_growth_year": 76.4,
            "eps_4q": 3,
            "eps_4q_growth_year": -7.81,
            "roe": 7.76,
            "roe_4q": 15.47,
            "gross_profit": 308841,
            "gross_margin": 37.47,
            "gross_margin_4q_avg": 37.14,
            "net_income": 95876,
            "revenue": 824233,
            "common_shares": 614031,
            "book_valuer_per_share": 21.27,
            "book_valuer_per_share_4q_avg": 19.77,
            "equity": 1313544,
            "current_ratio": 251.06,
            "debt_ratio": 37.04,
            "inventory_turnover_ratio": 1.27,
            "account_receivable_turnover_ratio": 1.21,
            "reinvestment_rate": 4.93,
            "research_to_sale_ratio": 12.11,
            "price_fair": 87.36,
            "eps_avg_yearly": 3.34,
            "eps_latest_yearly": 6.28,
            "eps_growth_yearly": 16.13
        },
        "20194": {
            "year_quarter": 20194,
            "year": 2019,
            "quarter": 4,
            "eps": 0.73,
            "eps_growth_year": 11.36,
            "eps_4q": 3.08,
            "eps_4q_growth_year": 4.91,
            "roe": 3.38,
            "roe_4q": 15.42,
            "gross_profit": 257544,
            "gross_margin": 30.89,
            "gross_margin_4q_avg": 36.21,
            "net_income": 45264,
            "revenue": 833681,
            "common_shares": 618781,
            "book_valuer_per_share": 22.12,
            "book_valuer_per_share_4q_avg": 20.44,
            "equity": 1368601,
            "current_ratio": 217.68,
            "debt_ratio": 42.58,
            "inventory_turnover_ratio": 1.11,
            "account_receivable_turnover_ratio": 1.1,
            "reinvestment_rate": 7.2,
            "research_to_sale_ratio": 13.8,
            "price_fair": 96.86,
            "eps_avg_yearly": 3.43,
            "eps_latest_yearly": 2.92,
            "eps_growth_yearly": 18.24
        },
        "20201": {
            "year_quarter": 20201,
            "year": 2020,
            "quarter": 1,
            "eps": 0.7,
            "eps_growth_year": null,
            "eps_4q": 3.94,
            "eps_4q_growth_year": 82.97,
            "roe": 3.09,
            "roe_4q": 19.45,
            "gross_profit": 246138,
            "gross_margin": 29.63,
            "gross_margin_4q_avg": 34.15,
            "net_income": 43146,
            "revenue": 830699,
            "common_shares": 620221,
            "book_valuer_per_share": 22.91,
            "book_valuer_per_share_4q_avg": 21.34,
            "equity": 1423501,
            "current_ratio": 219.2,
            "debt_ratio": 42,
            "inventory_turnover_ratio": 0.86,
            "account_receivable_turnover_ratio": 1.14,
            "reinvestment_rate": 7.85,
            "research_to_sale_ratio": 13.42,
            "price_fair": 86.51,
            "eps_avg_yearly": 3.5,
            "eps_latest_yearly": 2.8,
            "eps_growth_yearly": 14.74
        },
        "20202": {
            "year_quarter": 20202,
            "year": 2020,
            "quarter": 2,
            "eps": 2.96,
            "eps_growth_year": 196,
            "eps_4q": 5.84,
            "eps_4q_growth_year": 147.71,
            "roe": 12.43,
            "roe_4q": 26.659999999999997,
            "gross_profit": 423342,
            "gross_margin": 35.39,
            "gross_margin_4q_avg": 33.35,
            "net_income": 184251,
            "revenue": 1196383,
            "common_shares": 621431,
            "book_valuer_per_share": 24.42,
            "book_valuer_per_share_4q_avg": 22.68,
            "equity": 1540052,
            "current_ratio": 194.02,
            "debt_ratio": 48.13,
            "inventory_turnover_ratio": 0.86,
            "account_receivable_turnover_ratio": 1.43,
            "reinvestment_rate": 5.43,
            "research_to_sale_ratio": 11.41,
            "price_fair": 147.35,
            "eps_avg_yearly": 4.21,
            "eps_latest_yearly": 11.84,
            "eps_growth_yearly": 101.03
        },
        "20203": {
            "year_quarter": 20203,
            "year": 2020,
            "quarter": 3,
            "eps": 4.9,
            "eps_growth_year": 212.1,
            "eps_4q": 9.21,
            "eps_4q_growth_year": 207.42,
            "roe": 18.22,
            "roe_4q": 37.12,
            "gross_profit": 620583,
            "gross_margin": 36.84,
            "gross_margin_4q_avg": 33.19,
            "net_income": 309425,
            "revenue": 1684409,
            "common_shares": 631921,
            "book_valuer_per_share": 29.38,
            "book_valuer_per_share_4q_avg": 24.71,
            "equity": 1856671,
            "current_ratio": 217.69,
            "debt_ratio": 43.27,
            "inventory_turnover_ratio": 0.98,
            "account_receivable_turnover_ratio": 1.47,
            "reinvestment_rate": 5.21,
            "research_to_sale_ratio": 7.78,
            "price_fair": 198.1,
            "eps_avg_yearly": 5.66,
            "eps_latest_yearly": 19.6,
            "eps_growth_yearly": 133.85
        },
        "20204": {
            "year_quarter": 20204,
            "year": 2020,
            "quarter": 4,
            "eps": 5.21,
            "eps_growth_year": 613.43,
            "eps_4q": 13.71,
            "eps_4q_growth_year": 345.22,
            "roe": 16.3,
            "roe_4q": 50.03999999999999,
            "gross_profit": 608564,
            "gross_margin": 37.14,
            "gross_margin_4q_avg": 34.75,
            "net_income": 329394,
            "revenue": 1638709,
            "common_shares": 631921,
            "book_valuer_per_share": 34.58,
            "book_valuer_per_share_4q_avg": 27.82,
            "equity": 2185286,
            "current_ratio": 235.44,
            "debt_ratio": 40.31,
            "inventory_turnover_ratio": 0.85,
            "account_receivable_turnover_ratio": 1.27,
            "reinvestment_rate": 4.81,
            "research_to_sale_ratio": 8.24,
            "price_fair": 248.27,
            "eps_avg_yearly": 7.09,
            "eps_latest_yearly": 20.84,
            "eps_growth_yearly": 114.14
        },
        "20211": {
            "year_quarter": 20211,
            "year": 2021,
            "quarter": 1,
            "eps": 4.06,
            "eps_growth_year": 480,
            "eps_4q": 17.08,
            "eps_4q_growth_year": 333.49,
            "roe": 11.09,
            "roe_4q": 58.04,
            "gross_profit": 576920,
            "gross_margin": 33.13,
            "gross_margin_4q_avg": 35.63,
            "net_income": 256561,
            "revenue": 1741479,
            "common_shares": 631921,
            "book_valuer_per_share": 38.64,
            "book_valuer_per_share_4q_avg": 31.76,
            "equity": 2441872,
            "current_ratio": 243.96,
            "debt_ratio": 39.03,
            "inventory_turnover_ratio": 0.87,
            "account_receivable_turnover_ratio": 1.3,
            "reinvestment_rate": 4.5,
            "research_to_sale_ratio": 8.34,
            "price_fair": 272.89,
            "eps_avg_yearly": 7.8,
            "eps_latest_yearly": 16.24,
            "eps_growth_yearly": 98.57
        },
        "20212": {
            "year_quarter": 20212,
            "year": 2021,
            "quarter": 2,
            "eps": 3.98,
            "eps_growth_year": 34.46,
            "eps_4q": 18.15,
            "eps_4q_growth_year": 210.59,
            "roe": 9.8,
            "roe_4q": 55.41,
            "gross_profit": 553704,
            "gross_margin": 31.92,
            "gross_margin_4q_avg": 34.76,
            "net_income": 251661,
            "revenue": 1734916,
            "common_shares": 631921,
            "book_valuer_per_share": 42.62,
            "book_valuer_per_share_4q_avg": 36.31,
            "equity": 2693129,
            "current_ratio": 270.65,
            "debt_ratio": 35.28,
            "inventory_turnover_ratio": 0.82,
            "account_receivable_turnover_ratio": 1.22,
            "reinvestment_rate": 4.3,
            "research_to_sale_ratio": 7.6,
            "price_fair": 293.2,
            "eps_avg_yearly": 8.38,
            "eps_latest_yearly": 15.92,
            "eps_growth_yearly": 90.96
        },
        "20213": {
            "year_quarter": 20213,
            "year": 2021,
            "quarter": 3,
            "eps": 0.33,
            "eps_growth_year": -93.27,
            "eps_4q": 9.79,
            "eps_4q_growth_year": 6.32,
            "roe": 1.12,
            "roe_4q": 38.31,
            "gross_profit": 271222,
            "gross_margin": 26.44,
            "gross_margin_4q_avg": 32.16,
            "net_income": 28812,
            "revenue": 1025974,
            "common_shares": 884689,
            "book_valuer_per_share": 27.91,
            "book_valuer_per_share_4q_avg": 35.94,
            "equity": 2469143,
            "current_ratio": 256.57,
            "debt_ratio": 36.5,
            "inventory_turnover_ratio": 0.47,
            "account_receivable_turnover_ratio": 0.91,
            "reinvestment_rate": 5.89,
            "research_to_sale_ratio": 12.85,
            "price_fair": 285.8,
            "eps_avg_yearly": 8.17,
            "eps_latest_yearly": 1.32,
            "eps_growth_yearly": 70.85
        },
        "20214": {
            "year_quarter": 20214,
            "year": 2021,
            "quarter": 4,
            "eps": -0.81,
            "eps_growth_year": -115.51,
            "eps_4q": 5.26,
            "eps_4q_growth_year": -61.61,
            "roe": -2.94,
            "roe_4q": 19.07,
            "gross_profit": 144186,
            "gross_margin": 17.72,
            "gross_margin_4q_avg": 27.3,
            "net_income": -71517,
            "revenue": 813898,
            "common_shares": 884689,
            "book_valuer_per_share": 27.1,
            "book_valuer_per_share_4q_avg": 34.07,
            "equity": 2397864,
            "current_ratio": 322.27,
            "debt_ratio": 27.41,
            "inventory_turnover_ratio": 0.44,
            "account_receivable_turnover_ratio": 1.02,
            "reinvestment_rate": 7.68,
            "research_to_sale_ratio": 15.97,
            "price_fair": 296.26,
            "eps_avg_yearly": 8.46,
            "eps_latest_yearly": 1.32,
            "eps_growth_yearly": 76.3
        },
        "20221": {
            "year_quarter": 20221,
            "year": 2022,
            "quarter": 1,
            "eps": 0.04,
            "eps_growth_year": -99.01,
            "eps_4q": 2.4,
            "eps_4q_growth_year": -85.97,
            "roe": 0.13,
            "roe_4q": 8.110000000000001,
            "gross_profit": 219312,
            "gross_margin": 25.42,
            "gross_margin_4q_avg": 25.38,
            "net_income": 3131,
            "revenue": 862691,
            "common_shares": 884689,
            "book_valuer_per_share": 27.19,
            "book_valuer_per_share_4q_avg": 31.21,
            "equity": 2405844,
            "current_ratio": 288.49,
            "debt_ratio": 31.66,
            "inventory_turnover_ratio": 0.53,
            "account_receivable_turnover_ratio": 1.09,
            "reinvestment_rate": 7.23,
            "research_to_sale_ratio": 15.31,
            "price_fair": 313.25,
            "eps_avg_yearly": 8.95,
            "eps_latest_yearly": 1.32,
            "eps_growth_yearly": 95.44
        },
        "20222": {
            "year_quarter": 20222,
            "year": 2022,
            "quarter": 2,
            "eps": 0.43,
            "eps_growth_year": -89.2,
            "eps_4q": -0.02,
            "eps_4q_growth_year": -100.1,
            "roe": 1.67,
            "roe_4q": -0.020000000000000018,
            "gross_profit": 276237,
            "gross_margin": 31.52,
            "gross_margin_4q_avg": 25.28,
            "net_income": 37940,
            "revenue": 876461,
            "common_shares": 884689,
            "book_valuer_per_share": 24.17,
            "book_valuer_per_share_4q_avg": 26.59,
            "equity": 2137960,
            "current_ratio": 212.97,
            "debt_ratio": 42.72,
            "inventory_turnover_ratio": 0.6,
            "account_receivable_turnover_ratio": 0.98,
            "reinvestment_rate": 6.41,
            "research_to_sale_ratio": 18.05,
            "price_fair": 308.23,
            "eps_avg_yearly": 8.81,
            "eps_latest_yearly": 1.72,
            "eps_growth_yearly": 410.34
        },
        "20223": {
            "year_quarter": 20223,
            "year": 2022,
            "quarter": 3,
            "eps": 1.1,
            "eps_growth_year": 233.33,
            "eps_4q": 0.74,
            "eps_4q_growth_year": -92.43,
            "roe": 4.24,
            "roe_4q": 3.1,
            "gross_profit": 324603,
            "gross_margin": 36.23,
            "gross_margin_4q_avg": 27.72,
            "net_income": 97307,
            "revenue": 896050,
            "common_shares": 901689,
            "book_valuer_per_share": 27.2,
            "book_valuer_per_share_4q_avg": 26.42,
            "equity": 2453003,
            "current_ratio": 374.16,
            "debt_ratio": 32.69,
            "inventory_turnover_ratio": 0.58,
            "account_receivable_turnover_ratio": 0.8,
            "reinvestment_rate": 6.35,
            "research_to_sale_ratio": 17.18,
            "price_fair": 310.68,
            "eps_avg_yearly": 8.88,
            "eps_latest_yearly": 4.4,
            "eps_growth_yearly": 461.11
        },
        "20224": {
            "year_quarter": 20224,
            "year": 2022,
            "quarter": 4,
            "eps": -0.92,
            "eps_growth_year": null,
            "eps_4q": 0.61,
            "eps_4q_growth_year": -88.4,
            "roe": -3.45,
            "roe_4q": 2.59,
            "gross_profit": 238438,
            "gross_margin": 30.02,
            "gross_margin_4q_avg": 30.8,
            "net_income": -83319,
            "revenue": 794169,
            "common_shares": 901689,
            "book_valuer_per_share": 26.31,
            "book_valuer_per_share_4q_avg": 26.22,
            "equity": 2372650,
            "current_ratio": 400.68,
            "debt_ratio": 31.19,
            "inventory_turnover_ratio": 0.58,
            "account_receivable_turnover_ratio": 0.68,
            "reinvestment_rate": 6.56,
            "research_to_sale_ratio": 19.92,
            "price_fair": 330.53,
            "eps_avg_yearly": 9.44,
            "eps_latest_yearly": 4.4,
            "eps_growth_yearly": 512.43
        },
        "20231": {
            "year_quarter": 20231,
            "year": 2023,
            "quarter": 1,
            "eps": -0.99,
            "eps_growth_year": -2575,
            "eps_4q": -0.41,
            "eps_4q_growth_year": -117.12,
            "roe": -3.82,
            "roe_4q": -1.3599999999999994,
            "gross_profit": 156844,
            "gross_margin": 24.62,
            "gross_margin_4q_avg": 30.6,
            "net_income": -88933,
            "revenue": 636974,
            "common_shares": 901689,
            "book_valuer_per_share": 25.37,
            "book_valuer_per_share_4q_avg": 25.76,
            "equity": 2287236,
            "current_ratio": 420.61,
            "debt_ratio": 30.06,
            "inventory_turnover_ratio": 0.53,
            "account_receivable_turnover_ratio": 0.59,
            "reinvestment_rate": 7.72,
            "research_to_sale_ratio": 25.16,
            "price_fair": 330.53,
            "eps_avg_yearly": 9.44,
            "eps_latest_yearly": 4.4,
            "eps_growth_yearly": 512.43
        }
    },
    "months": {
        "2010-10": {
            "month": "2010-10",
            "price": "57.15",
            "revenue": 56776
        },
        "2010-11": {
            "month": "2010-11",
            "price": "50.16",
            "revenue": 52203
        },
        "2010-12": {
            "month": "2010-12",
            "price": "54.75",
            "revenue": 44374
        },
        "2011-01": {
            "month": "2011-01",
            "price": "49.50",
            "revenue": 40896
        },
        "2011-02": {
            "month": "2011-02",
            "price": "47.92",
            "revenue": 35975
        },
        "2011-03": {
            "month": "2011-03",
            "price": "41.01",
            "revenue": 71591
        },
        "2011-04": {
            "month": "2011-04",
            "price": "41.26",
            "revenue": 75006
        },
        "2011-05": {
            "month": "2011-05",
            "price": "39.36",
            "revenue": 83188
        },
        "2011-06": {
            "month": "2011-06",
            "price": "38.10",
            "revenue": 58852
        },
        "2011-07": {
            "month": "2011-07",
            "price": "31.37",
            "revenue": 67736
        },
        "2011-08": {
            "month": "2011-08",
            "price": "25.06",
            "revenue": 73800
        },
        "2011-09": {
            "month": "2011-09",
            "price": "20.48",
            "revenue": 67680
        },
        "2011-10": {
            "month": "2011-10",
            "price": "19.64",
            "revenue": 73502
        },
        "2011-11": {
            "month": "2011-11",
            "price": "17.87",
            "revenue": 79372
        },
        "2011-12": {
            "month": "2011-12",
            "price": "16.17",
            "revenue": 80966
        },
        "2012-01": {
            "month": "2012-01",
            "price": "19.51",
            "revenue": 65329
        },
        "2012-02": {
            "month": "2012-02",
            "price": "24.93",
            "revenue": 65997
        },
        "2012-03": {
            "month": "2012-03",
            "price": "25.85",
            "revenue": 79013
        },
        "2012-04": {
            "month": "2012-04",
            "price": "25.07",
            "revenue": 85326
        },
        "2012-05": {
            "month": "2012-05",
            "price": "27.10",
            "revenue": 85583
        },
        "2012-06": {
            "month": "2012-06",
            "price": "26.67",
            "revenue": 65611
        },
        "2012-07": {
            "month": "2012-07",
            "price": "24.03",
            "revenue": 76822
        },
        "2012-08": {
            "month": "2012-08",
            "price": "21.36",
            "revenue": 71425
        },
        "2012-09": {
            "month": "2012-09",
            "price": "18.07",
            "revenue": 64705
        },
        "2012-10": {
            "month": "2012-10",
            "price": "15.46",
            "revenue": 65534
        },
        "2012-11": {
            "month": "2012-11",
            "price": "12.28",
            "revenue": 76274
        },
        "2012-12": {
            "month": "2012-12",
            "price": "13.72",
            "revenue": 76511
        },
        "2013-01": {
            "month": "2013-01",
            "price": "14.49",
            "revenue": 75653
        },
        "2013-02": {
            "month": "2013-02",
            "price": "18.06",
            "revenue": 70392
        },
        "2013-03": {
            "month": "2013-03",
            "price": "21.53",
            "revenue": 80846
        },
        "2013-04": {
            "month": "2013-04",
            "price": "20.09",
            "revenue": 83552
        },
        "2013-05": {
            "month": "2013-05",
            "price": "17.88",
            "revenue": 88359
        },
        "2013-06": {
            "month": "2013-06",
            "price": "18.18",
            "revenue": 92089
        },
        "2013-07": {
            "month": "2013-07",
            "price": "17.52",
            "revenue": 88456
        },
        "2013-08": {
            "month": "2013-08",
            "price": "17.26",
            "revenue": 88750
        },
        "2013-09": {
            "month": "2013-09",
            "price": "18.70",
            "revenue": 103527
        },
        "2013-10": {
            "month": "2013-10",
            "price": "18.75",
            "revenue": 111676
        },
        "2013-11": {
            "month": "2013-11",
            "price": "19.86",
            "revenue": 114947
        },
        "2013-12": {
            "month": "2013-12",
            "price": "21.98",
            "revenue": 114266
        },
        "2014-01": {
            "month": "2014-01",
            "price": "29.81",
            "revenue": 110796
        },
        "2014-02": {
            "month": "2014-02",
            "price": "39.59",
            "revenue": 96190
        },
        "2014-03": {
            "month": "2014-03",
            "price": "39.33",
            "revenue": 117665
        },
        "2014-04": {
            "month": "2014-04",
            "price": "41.05",
            "revenue": 119084
        },
        "2014-05": {
            "month": "2014-05",
            "price": "43.13",
            "revenue": 119692
        },
        "2014-06": {
            "month": "2014-06",
            "price": "50.78",
            "revenue": 129113
        },
        "2014-07": {
            "month": "2014-07",
            "price": "49.24",
            "revenue": 116585
        },
        "2014-08": {
            "month": "2014-08",
            "price": "44.43",
            "revenue": 118490
        },
        "2014-09": {
            "month": "2014-09",
            "price": "39.30",
            "revenue": 115236
        },
        "2014-10": {
            "month": "2014-10",
            "price": "33.89",
            "revenue": 115599
        },
        "2014-11": {
            "month": "2014-11",
            "price": "36.09",
            "revenue": 113718
        },
        "2014-12": {
            "month": "2014-12",
            "price": "37.90",
            "revenue": 110331
        },
        "2015-01": {
            "month": "2015-01",
            "price": "44.51",
            "revenue": 118447
        },
        "2015-02": {
            "month": "2015-02",
            "price": "44.62",
            "revenue": 108801
        },
        "2015-03": {
            "month": "2015-03",
            "price": "48.10",
            "revenue": 133711
        },
        "2015-04": {
            "month": "2015-04",
            "price": "49.01",
            "revenue": 135842
        },
        "2015-05": {
            "month": "2015-05",
            "price": "52.38",
            "revenue": 143453
        },
        "2015-06": {
            "month": "2015-06",
            "price": "51.61",
            "revenue": 150687
        },
        "2015-07": {
            "month": "2015-07",
            "price": "58.12",
            "revenue": 152626
        },
        "2015-08": {
            "month": "2015-08",
            "price": "52.87",
            "revenue": 154069
        },
        "2015-09": {
            "month": "2015-09",
            "price": "57.61",
            "revenue": 158013
        },
        "2015-10": {
            "month": "2015-10",
            "price": "60.13",
            "revenue": 160226
        },
        "2015-11": {
            "month": "2015-11",
            "price": "82.69",
            "revenue": 154497
        },
        "2015-12": {
            "month": "2015-12",
            "price": "84.73",
            "revenue": 145845
        },
        "2016-01": {
            "month": "2016-01",
            "price": "79.97",
            "revenue": 154764
        },
        "2016-02": {
            "month": "2016-02",
            "price": "80.73",
            "revenue": 158443
        },
        "2016-03": {
            "month": "2016-03",
            "price": "83.72",
            "revenue": 162904
        },
        "2016-04": {
            "month": "2016-04",
            "price": "70.17",
            "revenue": 168471
        },
        "2016-05": {
            "month": "2016-05",
            "price": "60.89",
            "revenue": 172698
        },
        "2016-06": {
            "month": "2016-06",
            "price": "64.42",
            "revenue": 182033
        },
        "2016-07": {
            "month": "2016-07",
            "price": "69.32",
            "revenue": 182301
        },
        "2016-08": {
            "month": "2016-08",
            "price": "64.63",
            "revenue": 183043
        },
        "2016-09": {
            "month": "2016-09",
            "price": "58.74",
            "revenue": 192133
        },
        "2016-10": {
            "month": "2016-10",
            "price": "61.50",
            "revenue": 200572
        },
        "2016-11": {
            "month": "2016-11",
            "price": "52.98",
            "revenue": 204004
        },
        "2016-12": {
            "month": "2016-12",
            "price": "57.62",
            "revenue": 200419
        },
        "2017-01": {
            "month": "2017-01",
            "price": "58.05",
            "revenue": 196478
        },
        "2017-02": {
            "month": "2017-02",
            "price": "67.31",
            "revenue": 190074
        },
        "2017-03": {
            "month": "2017-03",
            "price": "73.08",
            "revenue": 204300
        },
        "2017-04": {
            "month": "2017-04",
            "price": "94.18",
            "revenue": 211119
        },
        "2017-05": {
            "month": "2017-05",
            "price": "122.30",
            "revenue": 220335
        },
        "2017-06": {
            "month": "2017-06",
            "price": "119.35",
            "revenue": 224009
        },
        "2017-07": {
            "month": "2017-07",
            "price": "106.52",
            "revenue": 227144
        },
        "2017-08": {
            "month": "2017-08",
            "price": "109.74",
            "revenue": 237018
        },
        "2017-09": {
            "month": "2017-09",
            "price": "111.32",
            "revenue": 242513
        },
        "2017-10": {
            "month": "2017-10",
            "price": "112.18",
            "revenue": 235009
        },
        "2017-11": {
            "month": "2017-11",
            "price": "106.48",
            "revenue": 237052
        },
        "2017-12": {
            "month": "2017-12",
            "price": "97.77",
            "revenue": 241039
        },
        "2018-01": {
            "month": "2018-01",
            "price": "87.57",
            "revenue": 230019
        },
        "2018-02": {
            "month": "2018-02",
            "price": "82.83",
            "revenue": 205246
        },
        "2018-03": {
            "month": "2018-03",
            "price": "78.45",
            "revenue": 227006
        },
        "2018-04": {
            "month": "2018-04",
            "price": "73.07",
            "revenue": 231284
        },
        "2018-05": {
            "month": "2018-05",
            "price": "69.19",
            "revenue": 240034
        },
        "2018-06": {
            "month": "2018-06",
            "price": "80.52",
            "revenue": 241046
        },
        "2018-07": {
            "month": "2018-07",
            "price": "65.45",
            "revenue": 225001
        },
        "2018-08": {
            "month": "2018-08",
            "price": "59.13",
            "revenue": 226023
        },
        "2018-09": {
            "month": "2018-09",
            "price": "50.93",
            "revenue": 218171
        },
        "2018-10": {
            "month": "2018-10",
            "price": "37.98",
            "revenue": 220060
        },
        "2018-11": {
            "month": "2018-11",
            "price": "44.43",
            "revenue": 206145
        },
        "2018-12": {
            "month": "2018-12",
            "price": "47.43",
            "revenue": 180134
        },
        "2019-01": {
            "month": "2019-01",
            "price": "49.68",
            "revenue": 160171
        },
        "2019-02": {
            "month": "2019-02",
            "price": "51.56",
            "revenue": 115054
        },
        "2019-03": {
            "month": "2019-03",
            "price": "49.20",
            "revenue": 150094
        },
        "2019-04": {
            "month": "2019-04",
            "price": "53.54",
            "revenue": 184573
        },
        "2019-05": {
            "month": "2019-05",
            "price": "61.42",
            "revenue": 224344
        },
        "2019-06": {
            "month": "2019-06",
            "price": "78.76",
            "revenue": 257405
        },
        "2019-07": {
            "month": "2019-07",
            "price": "106.85",
            "revenue": 267334
        },
        "2019-08": {
            "month": "2019-08",
            "price": "138.07",
            "revenue": 273189
        },
        "2019-09": {
            "month": "2019-09",
            "price": "155.29",
            "revenue": 283710
        },
        "2019-10": {
            "month": "2019-10",
            "price": "221.33",
            "revenue": 301016
        },
        "2019-11": {
            "month": "2019-11",
            "price": "202.90",
            "revenue": 270490
        },
        "2019-12": {
            "month": "2019-12",
            "price": "169.48",
            "revenue": 262175
        },
        "2020-01": {
            "month": "2020-01",
            "price": "170.73",
            "revenue": 265178
        },
        "2020-02": {
            "month": "2020-02",
            "price": "160.24",
            "revenue": 265281
        },
        "2020-03": {
            "month": "2020-03",
            "price": "132.80",
            "revenue": 300240
        },
        "2020-04": {
            "month": "2020-04",
            "price": "157.12",
            "revenue": 298503
        },
        "2020-05": {
            "month": "2020-05",
            "price": "159.70",
            "revenue": 407656
        },
        "2020-06": {
            "month": "2020-06",
            "price": "173.35",
            "revenue": 490223
        },
        "2020-07": {
            "month": "2020-07",
            "price": "241.87",
            "revenue": 528972
        },
        "2020-08": {
            "month": "2020-08",
            "price": "250.74",
            "revenue": 551553
        },
        "2020-09": {
            "month": "2020-09",
            "price": "228.25",
            "revenue": 603884
        },
        "2020-10": {
            "month": "2020-10",
            "price": "242.74",
            "revenue": 530865
        },
        "2020-11": {
            "month": "2020-11",
            "price": "303.50",
            "revenue": 553298
        },
        "2020-12": {
            "month": "2020-12",
            "price": "351.39",
            "revenue": 554547
        },
        "2021-01": {
            "month": "2021-01",
            "price": "516.02",
            "revenue": 588780
        },
        "2021-02": {
            "month": "2021-02",
            "price": "579.62",
            "revenue": 551274
        },
        "2021-03": {
            "month": "2021-03",
            "price": "586.95",
            "revenue": 601425
        },
        "2021-04": {
            "month": "2021-04",
            "price": "576.53",
            "revenue": 614232
        },
        "2021-05": {
            "month": "2021-05",
            "price": "464.33",
            "revenue": 588711
        },
        "2021-06": {
            "month": "2021-06",
            "price": "515.10",
            "revenue": 531973
        },
        "2021-07": {
            "month": "2021-07",
            "price": "448.95",
            "revenue": 403351
        },
        "2021-08": {
            "month": "2021-08",
            "price": "378.84",
            "revenue": 340232
        },
        "2021-09": {
            "month": "2021-09",
            "price": "344.68",
            "revenue": 282391
        },
        "2021-10": {
            "month": "2021-10",
            "price": "244.70",
            "revenue": 280472
        },
        "2021-11": {
            "month": "2021-11",
            "price": "301.34",
            "revenue": 230654
        },
        "2021-12": {
            "month": "2021-12",
            "price": "271.75",
            "revenue": 302772
        },
        "2022-01": {
            "month": "2022-01",
            "price": "244.69",
            "revenue": 276620
        },
        "2022-02": {
            "month": "2022-02",
            "price": "222.93",
            "revenue": 252078
        },
        "2022-03": {
            "month": "2022-03",
            "price": "188.52",
            "revenue": 333993
        },
        "2022-04": {
            "month": "2022-04",
            "price": "197.13",
            "revenue": 300027
        },
        "2022-05": {
            "month": "2022-05",
            "price": "210.60",
            "revenue": 300123
        },
        "2022-06": {
            "month": "2022-06",
            "price": "196.52",
            "revenue": 276311
        },
        "2022-07": {
            "month": "2022-07",
            "price": "135.83",
            "revenue": 296677
        },
        "2022-08": {
            "month": "2022-08",
            "price": "140.48",
            "revenue": 302144
        },
        "2022-09": {
            "month": "2022-09",
            "price": "116.10",
            "revenue": 297229
        },
        "2022-10": {
            "month": "2022-10",
            "price": "96.04",
            "revenue": 294413
        },
        "2022-11": {
            "month": "2022-11",
            "price": "113.95",
            "revenue": 267892
        },
        "2022-12": {
            "month": "2022-12",
            "price": "119.32",
            "revenue": 231311
        },
        "2023-01": {
            "month": "2023-01",
            "price": "125.81",
            "revenue": 220343
        },
        "2023-02": {
            "month": "2023-02",
            "price": "133.14",
            "revenue": 180401
        },
        "2023-03": {
            "month": "2023-03",
            "price": "128.48",
            "revenue": 236230
        },
        "2023-04": {
            "month": "2023-04",
            "price": "166.50",
            "revenue": 245702
        }
    }
}
