{
    "summary": {
        "stock_name": "IET-KY",
        "stock_id": "4971",
        "category": "半導體",
        "main_business": "GaAs pHEMT epi wafers<br>InP HBT epi wafers<br>GaSb infrared material and epi wafers",
        "website_url": "http://www.intelliepi.com.tw",
        "ceo": "高永中",
        "pe_ratio": 100,
        "report_year_from": 2010,
        "report_year_to": 2023,
        "age": 14,
        "eps_negative_percentage": 0,
        "eps_growth_avg": {
            "last_all": 0.14,
            "last_2y": 5.56,
            "last_4y": 9.21,
            "last_8y": -5.39,
            "last_12y": null,
            "last_16y": null,
            "last_20y": null,
            "at_2006_last_3y": null,
            "at_2007_last_3y": null,
            "at_2008_last_3y": null,
            "at_2009_last_3y": null,
            "at_2010_last_3y": null,
            "at_2011_last_3y": null,
            "at_2012_last_3y": null,
            "at_2013_last_3y": null,
            "at_2014_last_3y": null,
            "at_2015_last_3y": null,
            "at_2016_last_3y": null,
            "at_2017_last_3y": 3.76,
            "at_2018_last_3y": -23.64,
            "at_2019_last_3y": -5.79,
            "at_2020_last_3y": -2.5,
            "at_2021_last_3y": 0.61,
            "at_2022_last_3y": 35.19,
            "at_2023_last_3y": 3.12,
            "at_2024_last_3y": 3.12,
            "at_2006_last_all": null,
            "at_2007_last_all": null,
            "at_2008_last_all": null,
            "at_2009_last_all": null,
            "at_2010_last_all": null,
            "at_2011_last_all": null,
            "at_2012_last_all": null,
            "at_2013_last_all": null,
            "at_2014_last_all": null,
            "at_2015_last_all": 6.03,
            "at_2016_last_all": -1.77,
            "at_2017_last_all": 3.76,
            "at_2018_last_all": -8.94,
            "at_2019_last_all": -1.85,
            "at_2020_last_all": -2.19,
            "at_2021_last_all": 2.19,
            "at_2022_last_all": 10.68,
            "at_2023_last_all": 0.14,
            "at_2024_last_all": 0.14
        },
        "latest_eps": 0.23,
        "latest_price": 60.8,
        "latest_roe": 0.49,
        "latest_gross_margin": 20.45,
        "latest_equity": 1661255,
        "latest_revenue": 172777,
        "latest_gross_profit": 35329,
        "latest_net_income": -16395,
        "latest_debt_ratio": 14.9,
        "latest_current_ratio": 249.67,
        "latest_account_receivable_turnover_ratio": 1.41,
        "latest_inventory_turnover_ratio": 0.58,
        "latest_reinvestment_rate": 43.06,
        "latest_research_to_sale_ratio": 7.53
    },
    "eps_dividends": {
        "2001": {
            "cash": 0,
            "stock": 0,
            "eps": 0
        },
        "2002": {
            "cash": 0,
            "stock": 0,
            "eps": 0
        },
        "2003": {
            "cash": 0,
            "stock": 0,
            "eps": 0
        },
        "2004": {
            "cash": 0,
            "stock": 0,
            "eps": 0
        },
        "2005": {
            "cash": 0,
            "stock": 0,
            "eps": 0
        },
        "2006": {
            "cash": 0,
            "stock": 0,
            "eps": 0
        },
        "2007": {
            "cash": 0,
            "stock": 0,
            "eps": 0
        },
        "2008": {
            "cash": 0,
            "stock": 0,
            "eps": 0
        },
        "2009": {
            "cash": 0,
            "stock": 0,
            "eps": 0
        },
        "2010": {
            "cash": 0,
            "stock": 0,
            "eps": 0
        },
        "2011": {
            "cash": 0,
            "stock": 0,
            "eps": 0
        },
        "2012": {
            "cash": 1.5,
            "stock": 0,
            "eps": 0
        },
        "2013": {
            "cash": 1,
            "stock": 0,
            "eps": 3.83
        },
        "2014": {
            "cash": 1,
            "stock": 0,
            "eps": 5.74
        },
        "2015": {
            "cash": 1.5,
            "stock": 0,
            "eps": 3.57
        },
        "2016": {
            "cash": 2,
            "stock": 0.5,
            "eps": 2.95
        },
        "2017": {
            "cash": 2,
            "stock": 0,
            "eps": 3.55
        },
        "2018": {
            "cash": 2,
            "stock": 0,
            "eps": 1.43
        },
        "2019": {
            "cash": 1,
            "stock": 0,
            "eps": 1.91
        },
        "2020": {
            "cash": 1,
            "stock": 0,
            "eps": 1.83
        },
        "2021": {
            "cash": 1,
            "stock": 0,
            "eps": 2.43
        },
        "2022": {
            "cash": 1.5,
            "stock": 0,
            "eps": 4.34
        },
        "2023": {
            "cash": 2,
            "stock": 0,
            "eps": 0.23
        }
    },
    "dividends": {
        "2012-07-31": {
            "cash": 1.5,
            "stock": 0
        },
        "2013-04-30": {
            "cash": 1,
            "stock": 0
        },
        "2014-09-30": {
            "cash": 1,
            "stock": 0
        },
        "2015-11-06": {
            "cash": 1.5,
            "stock": 0
        },
        "2016-09-30": {
            "cash": 2,
            "stock": 0.5
        },
        "2017-10-18": {
            "cash": 2,
            "stock": 0
        },
        "2018-10-30": {
            "cash": 2,
            "stock": 0
        },
        "2019-10-30": {
            "cash": 1,
            "stock": 0
        },
        "2020-10-30": {
            "cash": 1,
            "stock": 0
        },
        "2021-10-29": {
            "cash": 1,
            "stock": 0
        },
        "2022-10-28": {
            "cash": 1.5,
            "stock": 0
        },
        "2023-10-27": {
            "cash": 2,
            "stock": 0
        }
    },
    "prices": {
        "200101": "無",
        "200102": "無",
        "200103": "無",
        "200104": "無",
        "200105": "無",
        "200106": "無",
        "200107": "無",
        "200108": "無",
        "200109": "無",
        "200110": "無",
        "200111": "無",
        "200112": "無",
        "200201": "無",
        "200202": "無",
        "200203": "無",
        "200204": "無",
        "200205": "無",
        "200206": "無",
        "200207": "無",
        "200208": "無",
        "200209": "無",
        "200210": "無",
        "200211": "無",
        "200212": "無",
        "200301": "無",
        "200302": "無",
        "200303": "無",
        "200304": "無",
        "200305": "無",
        "200306": "無",
        "200307": "無",
        "200308": "無",
        "200309": "無",
        "200310": "無",
        "200311": "無",
        "200312": "無",
        "200401": "無",
        "200402": "無",
        "200403": "無",
        "200404": "無",
        "200405": "無",
        "200406": "無",
        "200407": "無",
        "200408": "無",
        "200409": "無",
        "200410": "無",
        "200411": "無",
        "200412": "無",
        "200501": "無",
        "200502": "無",
        "200503": "無",
        "200504": "無",
        "200505": "無",
        "200506": "無",
        "200507": "無",
        "200508": "無",
        "200509": "無",
        "200510": "無",
        "200511": "無",
        "200512": "無",
        "200601": "無",
        "200602": "無",
        "200603": "無",
        "200604": "無",
        "200605": "無",
        "200606": "無",
        "200607": "無",
        "200608": "無",
        "200609": "無",
        "200610": "無",
        "200611": "無",
        "200612": "無",
        "200701": "無",
        "200702": "無",
        "200703": "無",
        "200704": "無",
        "200705": "無",
        "200706": "無",
        "200707": "無",
        "200708": "無",
        "200709": "無",
        "200710": "無",
        "200711": "無",
        "200712": "無",
        "200801": "無",
        "200802": "無",
        "200803": "無",
        "200804": "無",
        "200805": "無",
        "200806": "無",
        "200807": "無",
        "200808": "無",
        "200809": "無",
        "200810": "無",
        "200811": "無",
        "200812": "無",
        "200901": "無",
        "200902": "無",
        "200903": "無",
        "200904": "無",
        "200905": "無",
        "200906": "無",
        "200907": "無",
        "200908": "無",
        "200909": "無",
        "200910": "無",
        "200911": "無",
        "200912": "無",
        "201001": "無",
        "201002": "無",
        "201003": "無",
        "201004": "無",
        "201005": "無",
        "201006": "無",
        "201007": "無",
        "201008": "無",
        "201009": "無",
        "201010": "無",
        "201011": "無",
        "201012": "無",
        "201101": "無",
        "201102": "無",
        "201103": "無",
        "201104": "無",
        "201105": "無",
        "201106": "無",
        "201107": "無",
        "201108": "無",
        "201109": "無",
        "201110": "無",
        "201111": "無",
        "201112": "無",
        "201201": "無",
        "201202": "無",
        "201203": "無",
        "201204": "無",
        "201205": "無",
        "201206": "無",
        "201207": "無",
        "201208": "無",
        "201209": "無",
        "201210": "無",
        "201211": "無",
        "201212": "無",
        "201301": "無",
        "201302": "無",
        "201303": "無",
        "201304": "無",
        "201305": "無",
        "201306": "無",
        "201307": "76.17",
        "201308": "76.48",
        "201309": "64.20",
        "201310": "56.41",
        "201311": "55.35",
        "201312": "63.65",
        "201401": "66.44",
        "201402": "67.56",
        "201403": "65.34",
        "201404": "60.20",
        "201405": "59.77",
        "201406": "64.88",
        "201407": "73.35",
        "201408": "70.17",
        "201409": "69.60",
        "201410": "64.21",
        "201411": "60.42",
        "201412": "66.61",
        "201501": "72.83",
        "201502": "74.30",
        "201503": "83.65",
        "201504": "88.70",
        "201505": "93.47",
        "201506": "89.05",
        "201507": "91.23",
        "201508": "80.60",
        "201509": "101.76",
        "201510": "118.10",
        "201511": "111.74",
        "201512": "119.20",
        "201601": "119.69",
        "201602": "133.38",
        "201603": "137.72",
        "201604": "136.42",
        "201605": "108.51",
        "201606": "104.73",
        "201607": "104.55",
        "201608": "107.22",
        "201609": "93.97",
        "201610": "81.16",
        "201611": "74.77",
        "201612": "79.16",
        "201701": "83.34",
        "201702": "90.81",
        "201703": "89.59",
        "201704": "83.14",
        "201705": "78.73",
        "201706": "85.12",
        "201707": "88.73",
        "201708": "86.28",
        "201709": "87.50",
        "201710": "85.75",
        "201711": "84.45",
        "201712": "101.22",
        "201801": "106.68",
        "201802": "94.26",
        "201803": "91.98",
        "201804": "88.07",
        "201805": "86.12",
        "201806": "84.23",
        "201807": "76.70",
        "201808": "65.73",
        "201809": "58.86",
        "201810": "49.53",
        "201811": "45.03",
        "201812": "51.40",
        "201901": "50.50",
        "201902": "59.78",
        "201903": "62.68",
        "201904": "66.38",
        "201905": "60.47",
        "201906": "59.27",
        "201907": "61.86",
        "201908": "61.53",
        "201909": "66.49",
        "201910": "64.42",
        "201911": "68.02",
        "201912": "64.08",
        "202001": "62.37",
        "202002": "56.07",
        "202003": "43.10",
        "202004": "47.34",
        "202005": "54.76",
        "202006": "56.18",
        "202007": "52.75",
        "202008": "50.43",
        "202009": "52.46",
        "202010": "50.23",
        "202011": "50.31",
        "202012": "52.47",
        "202101": "53.32",
        "202102": "52.71",
        "202103": "51.47",
        "202104": "58.51",
        "202105": "51.34",
        "202106": "54.47",
        "202107": "57.05",
        "202108": "55.95",
        "202109": "58.67",
        "202110": "67.58",
        "202111": "77.89",
        "202112": "71.51",
        "202201": "67.53",
        "202202": "65.91",
        "202203": "73.48",
        "202204": "74.87",
        "202205": "78.31",
        "202206": "75.50",
        "202207": "67.76",
        "202208": "71.22",
        "202209": "68.15",
        "202210": "59.79",
        "202211": "59.72",
        "202212": "55.51",
        "202301": "54.56",
        "202302": "57.04",
        "202303": "58.60",
        "202304": "66.45",
        "202305": "58.32",
        "202306": "58.86",
        "202307": "59.18",
        "202308": "56.72",
        "202309": "58.84",
        "202310": "56.24",
        "202311": "58.69",
        "202312": "62.64"
    },
    "quarters": {
        "20011": {
            "year_quarter": 20011,
            "year": 2001,
            "quarter": 1,
            "eps": null,
            "eps_growth_year": null,
            "eps_4q": null,
            "eps_4q_growth_year": null,
            "roe": null,
            "roe_4q": 0,
            "gross_profit": null,
            "gross_margin": null,
            "gross_margin_4q_avg": 0,
            "net_income": null,
            "net_income_4q": null,
            "revenue": null,
            "revenue_4q": null,
            "common_shares": null,
            "book_valuer_per_share": null,
            "book_valuer_per_share_4q_avg": 0,
            "equity": null,
            "current_ratio": null,
            "debt_ratio": null,
            "inventory_turnover_ratio": null,
            "account_receivable_turnover_ratio": null,
            "reinvestment_rate": null,
            "research_to_sale_ratio": null,
            "price_fair": 0,
            "eps_avg_yearly": 0,
            "eps_latest_yearly": 0,
            "eps_growth_yearly": 0
        },
        "20012": {
            "year_quarter": 20012,
            "year": 2001,
            "quarter": 2,
            "eps": null,
            "eps_growth_year": null,
            "eps_4q": null,
            "eps_4q_growth_year": null,
            "roe": null,
            "roe_4q": 0,
            "gross_profit": null,
            "gross_margin": null,
            "gross_margin_4q_avg": 0,
            "net_income": null,
            "net_income_4q": null,
            "revenue": null,
            "revenue_4q": null,
            "common_shares": null,
            "book_valuer_per_share": null,
            "book_valuer_per_share_4q_avg": 0,
            "equity": null,
            "current_ratio": null,
            "debt_ratio": null,
            "inventory_turnover_ratio": null,
            "account_receivable_turnover_ratio": null,
            "reinvestment_rate": null,
            "research_to_sale_ratio": null,
            "price_fair": 0,
            "eps_avg_yearly": 0,
            "eps_latest_yearly": 0,
            "eps_growth_yearly": 0
        },
        "20013": {
            "year_quarter": 20013,
            "year": 2001,
            "quarter": 3,
            "eps": null,
            "eps_growth_year": null,
            "eps_4q": null,
            "eps_4q_growth_year": null,
            "roe": null,
            "roe_4q": 0,
            "gross_profit": null,
            "gross_margin": null,
            "gross_margin_4q_avg": 0,
            "net_income": null,
            "net_income_4q": null,
            "revenue": null,
            "revenue_4q": null,
            "common_shares": null,
            "book_valuer_per_share": null,
            "book_valuer_per_share_4q_avg": 0,
            "equity": null,
            "current_ratio": null,
            "debt_ratio": null,
            "inventory_turnover_ratio": null,
            "account_receivable_turnover_ratio": null,
            "reinvestment_rate": null,
            "research_to_sale_ratio": null,
            "price_fair": 0,
            "eps_avg_yearly": 0,
            "eps_latest_yearly": 0,
            "eps_growth_yearly": 0
        },
        "20014": {
            "year_quarter": 20014,
            "year": 2001,
            "quarter": 4,
            "eps": null,
            "eps_growth_year": null,
            "eps_4q": null,
            "eps_4q_growth_year": null,
            "roe": null,
            "roe_4q": 0,
            "gross_profit": null,
            "gross_margin": null,
            "gross_margin_4q_avg": 0,
            "net_income": null,
            "net_income_4q": null,
            "revenue": null,
            "revenue_4q": null,
            "common_shares": null,
            "book_valuer_per_share": null,
            "book_valuer_per_share_4q_avg": 0,
            "equity": null,
            "current_ratio": null,
            "debt_ratio": null,
            "inventory_turnover_ratio": null,
            "account_receivable_turnover_ratio": null,
            "reinvestment_rate": null,
            "research_to_sale_ratio": null,
            "price_fair": 0,
            "eps_avg_yearly": 0,
            "eps_latest_yearly": 0,
            "eps_growth_yearly": 0
        },
        "20021": {
            "year_quarter": 20021,
            "year": 2002,
            "quarter": 1,
            "eps": null,
            "eps_growth_year": null,
            "eps_4q": null,
            "eps_4q_growth_year": null,
            "roe": null,
            "roe_4q": 0,
            "gross_profit": null,
            "gross_margin": null,
            "gross_margin_4q_avg": 0,
            "net_income": null,
            "net_income_4q": null,
            "revenue": null,
            "revenue_4q": null,
            "common_shares": null,
            "book_valuer_per_share": null,
            "book_valuer_per_share_4q_avg": 0,
            "equity": null,
            "current_ratio": null,
            "debt_ratio": null,
            "inventory_turnover_ratio": null,
            "account_receivable_turnover_ratio": null,
            "reinvestment_rate": null,
            "research_to_sale_ratio": null,
            "price_fair": 0,
            "eps_avg_yearly": 0,
            "eps_latest_yearly": 0,
            "eps_growth_yearly": 0
        },
        "20022": {
            "year_quarter": 20022,
            "year": 2002,
            "quarter": 2,
            "eps": null,
            "eps_growth_year": null,
            "eps_4q": null,
            "eps_4q_growth_year": null,
            "roe": null,
            "roe_4q": 0,
            "gross_profit": null,
            "gross_margin": null,
            "gross_margin_4q_avg": 0,
            "net_income": null,
            "net_income_4q": null,
            "revenue": null,
            "revenue_4q": null,
            "common_shares": null,
            "book_valuer_per_share": null,
            "book_valuer_per_share_4q_avg": 0,
            "equity": null,
            "current_ratio": null,
            "debt_ratio": null,
            "inventory_turnover_ratio": null,
            "account_receivable_turnover_ratio": null,
            "reinvestment_rate": null,
            "research_to_sale_ratio": null,
            "price_fair": 0,
            "eps_avg_yearly": 0,
            "eps_latest_yearly": 0,
            "eps_growth_yearly": 0
        },
        "20023": {
            "year_quarter": 20023,
            "year": 2002,
            "quarter": 3,
            "eps": null,
            "eps_growth_year": null,
            "eps_4q": null,
            "eps_4q_growth_year": null,
            "roe": null,
            "roe_4q": 0,
            "gross_profit": null,
            "gross_margin": null,
            "gross_margin_4q_avg": 0,
            "net_income": null,
            "net_income_4q": null,
            "revenue": null,
            "revenue_4q": null,
            "common_shares": null,
            "book_valuer_per_share": null,
            "book_valuer_per_share_4q_avg": 0,
            "equity": null,
            "current_ratio": null,
            "debt_ratio": null,
            "inventory_turnover_ratio": null,
            "account_receivable_turnover_ratio": null,
            "reinvestment_rate": null,
            "research_to_sale_ratio": null,
            "price_fair": 0,
            "eps_avg_yearly": 0,
            "eps_latest_yearly": 0,
            "eps_growth_yearly": 0
        },
        "20024": {
            "year_quarter": 20024,
            "year": 2002,
            "quarter": 4,
            "eps": null,
            "eps_growth_year": null,
            "eps_4q": null,
            "eps_4q_growth_year": null,
            "roe": null,
            "roe_4q": 0,
            "gross_profit": null,
            "gross_margin": null,
            "gross_margin_4q_avg": 0,
            "net_income": null,
            "net_income_4q": null,
            "revenue": null,
            "revenue_4q": null,
            "common_shares": null,
            "book_valuer_per_share": null,
            "book_valuer_per_share_4q_avg": 0,
            "equity": null,
            "current_ratio": null,
            "debt_ratio": null,
            "inventory_turnover_ratio": null,
            "account_receivable_turnover_ratio": null,
            "reinvestment_rate": null,
            "research_to_sale_ratio": null,
            "price_fair": 0,
            "eps_avg_yearly": 0,
            "eps_latest_yearly": 0,
            "eps_growth_yearly": 0
        },
        "20031": {
            "year_quarter": 20031,
            "year": 2003,
            "quarter": 1,
            "eps": null,
            "eps_growth_year": null,
            "eps_4q": null,
            "eps_4q_growth_year": null,
            "roe": null,
            "roe_4q": 0,
            "gross_profit": null,
            "gross_margin": null,
            "gross_margin_4q_avg": 0,
            "net_income": null,
            "net_income_4q": null,
            "revenue": null,
            "revenue_4q": null,
            "common_shares": null,
            "book_valuer_per_share": null,
            "book_valuer_per_share_4q_avg": 0,
            "equity": null,
            "current_ratio": null,
            "debt_ratio": null,
            "inventory_turnover_ratio": null,
            "account_receivable_turnover_ratio": null,
            "reinvestment_rate": null,
            "research_to_sale_ratio": null,
            "price_fair": 0,
            "eps_avg_yearly": 0,
            "eps_latest_yearly": 0,
            "eps_growth_yearly": 0
        },
        "20032": {
            "year_quarter": 20032,
            "year": 2003,
            "quarter": 2,
            "eps": null,
            "eps_growth_year": null,
            "eps_4q": null,
            "eps_4q_growth_year": null,
            "roe": null,
            "roe_4q": 0,
            "gross_profit": null,
            "gross_margin": null,
            "gross_margin_4q_avg": 0,
            "net_income": null,
            "net_income_4q": null,
            "revenue": null,
            "revenue_4q": null,
            "common_shares": null,
            "book_valuer_per_share": null,
            "book_valuer_per_share_4q_avg": 0,
            "equity": null,
            "current_ratio": null,
            "debt_ratio": null,
            "inventory_turnover_ratio": null,
            "account_receivable_turnover_ratio": null,
            "reinvestment_rate": null,
            "research_to_sale_ratio": null,
            "price_fair": 0,
            "eps_avg_yearly": 0,
            "eps_latest_yearly": 0,
            "eps_growth_yearly": 0
        },
        "20033": {
            "year_quarter": 20033,
            "year": 2003,
            "quarter": 3,
            "eps": null,
            "eps_growth_year": null,
            "eps_4q": null,
            "eps_4q_growth_year": null,
            "roe": null,
            "roe_4q": 0,
            "gross_profit": null,
            "gross_margin": null,
            "gross_margin_4q_avg": 0,
            "net_income": null,
            "net_income_4q": null,
            "revenue": null,
            "revenue_4q": null,
            "common_shares": null,
            "book_valuer_per_share": null,
            "book_valuer_per_share_4q_avg": 0,
            "equity": null,
            "current_ratio": null,
            "debt_ratio": null,
            "inventory_turnover_ratio": null,
            "account_receivable_turnover_ratio": null,
            "reinvestment_rate": null,
            "research_to_sale_ratio": null,
            "price_fair": 0,
            "eps_avg_yearly": 0,
            "eps_latest_yearly": 0,
            "eps_growth_yearly": 0
        },
        "20034": {
            "year_quarter": 20034,
            "year": 2003,
            "quarter": 4,
            "eps": null,
            "eps_growth_year": null,
            "eps_4q": null,
            "eps_4q_growth_year": null,
            "roe": null,
            "roe_4q": 0,
            "gross_profit": null,
            "gross_margin": null,
            "gross_margin_4q_avg": 0,
            "net_income": null,
            "net_income_4q": null,
            "revenue": null,
            "revenue_4q": null,
            "common_shares": null,
            "book_valuer_per_share": null,
            "book_valuer_per_share_4q_avg": 0,
            "equity": null,
            "current_ratio": null,
            "debt_ratio": null,
            "inventory_turnover_ratio": null,
            "account_receivable_turnover_ratio": null,
            "reinvestment_rate": null,
            "research_to_sale_ratio": null,
            "price_fair": 0,
            "eps_avg_yearly": 0,
            "eps_latest_yearly": 0,
            "eps_growth_yearly": 0
        },
        "20041": {
            "year_quarter": 20041,
            "year": 2004,
            "quarter": 1,
            "eps": null,
            "eps_growth_year": null,
            "eps_4q": null,
            "eps_4q_growth_year": null,
            "roe": null,
            "roe_4q": 0,
            "gross_profit": null,
            "gross_margin": null,
            "gross_margin_4q_avg": 0,
            "net_income": null,
            "net_income_4q": null,
            "revenue": null,
            "revenue_4q": null,
            "common_shares": null,
            "book_valuer_per_share": null,
            "book_valuer_per_share_4q_avg": 0,
            "equity": null,
            "current_ratio": null,
            "debt_ratio": null,
            "inventory_turnover_ratio": null,
            "account_receivable_turnover_ratio": null,
            "reinvestment_rate": null,
            "research_to_sale_ratio": null,
            "price_fair": 0,
            "eps_avg_yearly": 0,
            "eps_latest_yearly": 0,
            "eps_growth_yearly": 0
        },
        "20042": {
            "year_quarter": 20042,
            "year": 2004,
            "quarter": 2,
            "eps": null,
            "eps_growth_year": null,
            "eps_4q": null,
            "eps_4q_growth_year": null,
            "roe": null,
            "roe_4q": 0,
            "gross_profit": null,
            "gross_margin": null,
            "gross_margin_4q_avg": 0,
            "net_income": null,
            "net_income_4q": null,
            "revenue": null,
            "revenue_4q": null,
            "common_shares": null,
            "book_valuer_per_share": null,
            "book_valuer_per_share_4q_avg": 0,
            "equity": null,
            "current_ratio": null,
            "debt_ratio": null,
            "inventory_turnover_ratio": null,
            "account_receivable_turnover_ratio": null,
            "reinvestment_rate": null,
            "research_to_sale_ratio": null,
            "price_fair": 0,
            "eps_avg_yearly": 0,
            "eps_latest_yearly": 0,
            "eps_growth_yearly": 0
        },
        "20043": {
            "year_quarter": 20043,
            "year": 2004,
            "quarter": 3,
            "eps": null,
            "eps_growth_year": null,
            "eps_4q": null,
            "eps_4q_growth_year": null,
            "roe": null,
            "roe_4q": 0,
            "gross_profit": null,
            "gross_margin": null,
            "gross_margin_4q_avg": 0,
            "net_income": null,
            "net_income_4q": null,
            "revenue": null,
            "revenue_4q": null,
            "common_shares": null,
            "book_valuer_per_share": null,
            "book_valuer_per_share_4q_avg": 0,
            "equity": null,
            "current_ratio": null,
            "debt_ratio": null,
            "inventory_turnover_ratio": null,
            "account_receivable_turnover_ratio": null,
            "reinvestment_rate": null,
            "research_to_sale_ratio": null,
            "price_fair": 0,
            "eps_avg_yearly": 0,
            "eps_latest_yearly": 0,
            "eps_growth_yearly": 0
        },
        "20044": {
            "year_quarter": 20044,
            "year": 2004,
            "quarter": 4,
            "eps": null,
            "eps_growth_year": null,
            "eps_4q": null,
            "eps_4q_growth_year": null,
            "roe": null,
            "roe_4q": 0,
            "gross_profit": null,
            "gross_margin": null,
            "gross_margin_4q_avg": 0,
            "net_income": null,
            "net_income_4q": null,
            "revenue": null,
            "revenue_4q": null,
            "common_shares": null,
            "book_valuer_per_share": null,
            "book_valuer_per_share_4q_avg": 0,
            "equity": null,
            "current_ratio": null,
            "debt_ratio": null,
            "inventory_turnover_ratio": null,
            "account_receivable_turnover_ratio": null,
            "reinvestment_rate": null,
            "research_to_sale_ratio": null,
            "price_fair": 0,
            "eps_avg_yearly": 0,
            "eps_latest_yearly": 0,
            "eps_growth_yearly": 0
        },
        "20051": {
            "year_quarter": 20051,
            "year": 2005,
            "quarter": 1,
            "eps": null,
            "eps_growth_year": null,
            "eps_4q": null,
            "eps_4q_growth_year": null,
            "roe": null,
            "roe_4q": 0,
            "gross_profit": null,
            "gross_margin": null,
            "gross_margin_4q_avg": 0,
            "net_income": null,
            "net_income_4q": null,
            "revenue": null,
            "revenue_4q": null,
            "common_shares": null,
            "book_valuer_per_share": null,
            "book_valuer_per_share_4q_avg": 0,
            "equity": null,
            "current_ratio": null,
            "debt_ratio": null,
            "inventory_turnover_ratio": null,
            "account_receivable_turnover_ratio": null,
            "reinvestment_rate": null,
            "research_to_sale_ratio": null,
            "price_fair": 0,
            "eps_avg_yearly": 0,
            "eps_latest_yearly": 0,
            "eps_growth_yearly": 0
        },
        "20052": {
            "year_quarter": 20052,
            "year": 2005,
            "quarter": 2,
            "eps": null,
            "eps_growth_year": null,
            "eps_4q": null,
            "eps_4q_growth_year": null,
            "roe": null,
            "roe_4q": 0,
            "gross_profit": null,
            "gross_margin": null,
            "gross_margin_4q_avg": 0,
            "net_income": null,
            "net_income_4q": null,
            "revenue": null,
            "revenue_4q": null,
            "common_shares": null,
            "book_valuer_per_share": null,
            "book_valuer_per_share_4q_avg": 0,
            "equity": null,
            "current_ratio": null,
            "debt_ratio": null,
            "inventory_turnover_ratio": null,
            "account_receivable_turnover_ratio": null,
            "reinvestment_rate": null,
            "research_to_sale_ratio": null,
            "price_fair": 0,
            "eps_avg_yearly": 0,
            "eps_latest_yearly": 0,
            "eps_growth_yearly": 0
        },
        "20053": {
            "year_quarter": 20053,
            "year": 2005,
            "quarter": 3,
            "eps": null,
            "eps_growth_year": null,
            "eps_4q": null,
            "eps_4q_growth_year": null,
            "roe": null,
            "roe_4q": 0,
            "gross_profit": null,
            "gross_margin": null,
            "gross_margin_4q_avg": 0,
            "net_income": null,
            "net_income_4q": null,
            "revenue": null,
            "revenue_4q": null,
            "common_shares": null,
            "book_valuer_per_share": null,
            "book_valuer_per_share_4q_avg": 0,
            "equity": null,
            "current_ratio": null,
            "debt_ratio": null,
            "inventory_turnover_ratio": null,
            "account_receivable_turnover_ratio": null,
            "reinvestment_rate": null,
            "research_to_sale_ratio": null,
            "price_fair": 0,
            "eps_avg_yearly": 0,
            "eps_latest_yearly": 0,
            "eps_growth_yearly": 0
        },
        "20054": {
            "year_quarter": 20054,
            "year": 2005,
            "quarter": 4,
            "eps": null,
            "eps_growth_year": null,
            "eps_4q": null,
            "eps_4q_growth_year": null,
            "roe": null,
            "roe_4q": 0,
            "gross_profit": null,
            "gross_margin": null,
            "gross_margin_4q_avg": 0,
            "net_income": null,
            "net_income_4q": null,
            "revenue": null,
            "revenue_4q": null,
            "common_shares": null,
            "book_valuer_per_share": null,
            "book_valuer_per_share_4q_avg": 0,
            "equity": null,
            "current_ratio": null,
            "debt_ratio": null,
            "inventory_turnover_ratio": null,
            "account_receivable_turnover_ratio": null,
            "reinvestment_rate": null,
            "research_to_sale_ratio": null,
            "price_fair": 0,
            "eps_avg_yearly": 0,
            "eps_latest_yearly": 0,
            "eps_growth_yearly": 0
        },
        "20061": {
            "year_quarter": 20061,
            "year": 2006,
            "quarter": 1,
            "eps": null,
            "eps_growth_year": null,
            "eps_4q": null,
            "eps_4q_growth_year": null,
            "roe": null,
            "roe_4q": 0,
            "gross_profit": null,
            "gross_margin": null,
            "gross_margin_4q_avg": 0,
            "net_income": null,
            "net_income_4q": null,
            "revenue": null,
            "revenue_4q": null,
            "common_shares": null,
            "book_valuer_per_share": null,
            "book_valuer_per_share_4q_avg": 0,
            "equity": null,
            "current_ratio": null,
            "debt_ratio": null,
            "inventory_turnover_ratio": null,
            "account_receivable_turnover_ratio": null,
            "reinvestment_rate": null,
            "research_to_sale_ratio": null,
            "price_fair": 0,
            "eps_avg_yearly": 0,
            "eps_latest_yearly": 0,
            "eps_growth_yearly": 0
        },
        "20062": {
            "year_quarter": 20062,
            "year": 2006,
            "quarter": 2,
            "eps": null,
            "eps_growth_year": null,
            "eps_4q": null,
            "eps_4q_growth_year": null,
            "roe": null,
            "roe_4q": 0,
            "gross_profit": null,
            "gross_margin": null,
            "gross_margin_4q_avg": 0,
            "net_income": null,
            "net_income_4q": null,
            "revenue": null,
            "revenue_4q": null,
            "common_shares": null,
            "book_valuer_per_share": null,
            "book_valuer_per_share_4q_avg": 0,
            "equity": null,
            "current_ratio": null,
            "debt_ratio": null,
            "inventory_turnover_ratio": null,
            "account_receivable_turnover_ratio": null,
            "reinvestment_rate": null,
            "research_to_sale_ratio": null,
            "price_fair": 0,
            "eps_avg_yearly": 0,
            "eps_latest_yearly": 0,
            "eps_growth_yearly": 0
        },
        "20063": {
            "year_quarter": 20063,
            "year": 2006,
            "quarter": 3,
            "eps": null,
            "eps_growth_year": null,
            "eps_4q": null,
            "eps_4q_growth_year": null,
            "roe": null,
            "roe_4q": 0,
            "gross_profit": null,
            "gross_margin": null,
            "gross_margin_4q_avg": 0,
            "net_income": null,
            "net_income_4q": null,
            "revenue": null,
            "revenue_4q": null,
            "common_shares": null,
            "book_valuer_per_share": null,
            "book_valuer_per_share_4q_avg": 0,
            "equity": null,
            "current_ratio": null,
            "debt_ratio": null,
            "inventory_turnover_ratio": null,
            "account_receivable_turnover_ratio": null,
            "reinvestment_rate": null,
            "research_to_sale_ratio": null,
            "price_fair": 0,
            "eps_avg_yearly": 0,
            "eps_latest_yearly": 0,
            "eps_growth_yearly": 0
        },
        "20064": {
            "year_quarter": 20064,
            "year": 2006,
            "quarter": 4,
            "eps": null,
            "eps_growth_year": null,
            "eps_4q": null,
            "eps_4q_growth_year": null,
            "roe": null,
            "roe_4q": 0,
            "gross_profit": null,
            "gross_margin": null,
            "gross_margin_4q_avg": 0,
            "net_income": null,
            "net_income_4q": null,
            "revenue": null,
            "revenue_4q": null,
            "common_shares": null,
            "book_valuer_per_share": null,
            "book_valuer_per_share_4q_avg": 0,
            "equity": null,
            "current_ratio": null,
            "debt_ratio": null,
            "inventory_turnover_ratio": null,
            "account_receivable_turnover_ratio": null,
            "reinvestment_rate": null,
            "research_to_sale_ratio": null,
            "price_fair": 0,
            "eps_avg_yearly": 0,
            "eps_latest_yearly": 0,
            "eps_growth_yearly": 0
        },
        "20071": {
            "year_quarter": 20071,
            "year": 2007,
            "quarter": 1,
            "eps": null,
            "eps_growth_year": null,
            "eps_4q": null,
            "eps_4q_growth_year": null,
            "roe": null,
            "roe_4q": 0,
            "gross_profit": null,
            "gross_margin": null,
            "gross_margin_4q_avg": 0,
            "net_income": null,
            "net_income_4q": null,
            "revenue": null,
            "revenue_4q": null,
            "common_shares": null,
            "book_valuer_per_share": null,
            "book_valuer_per_share_4q_avg": 0,
            "equity": null,
            "current_ratio": null,
            "debt_ratio": null,
            "inventory_turnover_ratio": null,
            "account_receivable_turnover_ratio": null,
            "reinvestment_rate": null,
            "research_to_sale_ratio": null,
            "price_fair": 0,
            "eps_avg_yearly": 0,
            "eps_latest_yearly": 0,
            "eps_growth_yearly": 0
        },
        "20072": {
            "year_quarter": 20072,
            "year": 2007,
            "quarter": 2,
            "eps": null,
            "eps_growth_year": null,
            "eps_4q": null,
            "eps_4q_growth_year": null,
            "roe": null,
            "roe_4q": 0,
            "gross_profit": null,
            "gross_margin": null,
            "gross_margin_4q_avg": 0,
            "net_income": null,
            "net_income_4q": null,
            "revenue": null,
            "revenue_4q": null,
            "common_shares": null,
            "book_valuer_per_share": null,
            "book_valuer_per_share_4q_avg": 0,
            "equity": null,
            "current_ratio": null,
            "debt_ratio": null,
            "inventory_turnover_ratio": null,
            "account_receivable_turnover_ratio": null,
            "reinvestment_rate": null,
            "research_to_sale_ratio": null,
            "price_fair": 0,
            "eps_avg_yearly": 0,
            "eps_latest_yearly": 0,
            "eps_growth_yearly": 0
        },
        "20073": {
            "year_quarter": 20073,
            "year": 2007,
            "quarter": 3,
            "eps": null,
            "eps_growth_year": null,
            "eps_4q": null,
            "eps_4q_growth_year": null,
            "roe": null,
            "roe_4q": 0,
            "gross_profit": null,
            "gross_margin": null,
            "gross_margin_4q_avg": 0,
            "net_income": null,
            "net_income_4q": null,
            "revenue": null,
            "revenue_4q": null,
            "common_shares": null,
            "book_valuer_per_share": null,
            "book_valuer_per_share_4q_avg": 0,
            "equity": null,
            "current_ratio": null,
            "debt_ratio": null,
            "inventory_turnover_ratio": null,
            "account_receivable_turnover_ratio": null,
            "reinvestment_rate": null,
            "research_to_sale_ratio": null,
            "price_fair": 0,
            "eps_avg_yearly": 0,
            "eps_latest_yearly": 0,
            "eps_growth_yearly": 0
        },
        "20074": {
            "year_quarter": 20074,
            "year": 2007,
            "quarter": 4,
            "eps": null,
            "eps_growth_year": null,
            "eps_4q": null,
            "eps_4q_growth_year": null,
            "roe": null,
            "roe_4q": 0,
            "gross_profit": null,
            "gross_margin": null,
            "gross_margin_4q_avg": 0,
            "net_income": null,
            "net_income_4q": null,
            "revenue": null,
            "revenue_4q": null,
            "common_shares": null,
            "book_valuer_per_share": null,
            "book_valuer_per_share_4q_avg": 0,
            "equity": null,
            "current_ratio": null,
            "debt_ratio": null,
            "inventory_turnover_ratio": null,
            "account_receivable_turnover_ratio": null,
            "reinvestment_rate": null,
            "research_to_sale_ratio": null,
            "price_fair": 0,
            "eps_avg_yearly": 0,
            "eps_latest_yearly": 0,
            "eps_growth_yearly": 0
        },
        "20081": {
            "year_quarter": 20081,
            "year": 2008,
            "quarter": 1,
            "eps": null,
            "eps_growth_year": null,
            "eps_4q": null,
            "eps_4q_growth_year": null,
            "roe": null,
            "roe_4q": 0,
            "gross_profit": null,
            "gross_margin": null,
            "gross_margin_4q_avg": 0,
            "net_income": null,
            "net_income_4q": null,
            "revenue": null,
            "revenue_4q": null,
            "common_shares": null,
            "book_valuer_per_share": null,
            "book_valuer_per_share_4q_avg": 0,
            "equity": null,
            "current_ratio": null,
            "debt_ratio": null,
            "inventory_turnover_ratio": null,
            "account_receivable_turnover_ratio": null,
            "reinvestment_rate": null,
            "research_to_sale_ratio": null,
            "price_fair": 0,
            "eps_avg_yearly": 0,
            "eps_latest_yearly": 0,
            "eps_growth_yearly": 0
        },
        "20082": {
            "year_quarter": 20082,
            "year": 2008,
            "quarter": 2,
            "eps": null,
            "eps_growth_year": null,
            "eps_4q": null,
            "eps_4q_growth_year": null,
            "roe": null,
            "roe_4q": 0,
            "gross_profit": null,
            "gross_margin": null,
            "gross_margin_4q_avg": 0,
            "net_income": null,
            "net_income_4q": null,
            "revenue": null,
            "revenue_4q": null,
            "common_shares": null,
            "book_valuer_per_share": null,
            "book_valuer_per_share_4q_avg": 0,
            "equity": null,
            "current_ratio": null,
            "debt_ratio": null,
            "inventory_turnover_ratio": null,
            "account_receivable_turnover_ratio": null,
            "reinvestment_rate": null,
            "research_to_sale_ratio": null,
            "price_fair": 0,
            "eps_avg_yearly": 0,
            "eps_latest_yearly": 0,
            "eps_growth_yearly": 0
        },
        "20083": {
            "year_quarter": 20083,
            "year": 2008,
            "quarter": 3,
            "eps": null,
            "eps_growth_year": null,
            "eps_4q": null,
            "eps_4q_growth_year": null,
            "roe": null,
            "roe_4q": 0,
            "gross_profit": null,
            "gross_margin": null,
            "gross_margin_4q_avg": 0,
            "net_income": null,
            "net_income_4q": null,
            "revenue": null,
            "revenue_4q": null,
            "common_shares": null,
            "book_valuer_per_share": null,
            "book_valuer_per_share_4q_avg": 0,
            "equity": null,
            "current_ratio": null,
            "debt_ratio": null,
            "inventory_turnover_ratio": null,
            "account_receivable_turnover_ratio": null,
            "reinvestment_rate": null,
            "research_to_sale_ratio": null,
            "price_fair": 0,
            "eps_avg_yearly": 0,
            "eps_latest_yearly": 0,
            "eps_growth_yearly": 0
        },
        "20084": {
            "year_quarter": 20084,
            "year": 2008,
            "quarter": 4,
            "eps": null,
            "eps_growth_year": null,
            "eps_4q": null,
            "eps_4q_growth_year": null,
            "roe": null,
            "roe_4q": 0,
            "gross_profit": null,
            "gross_margin": null,
            "gross_margin_4q_avg": 0,
            "net_income": null,
            "net_income_4q": null,
            "revenue": null,
            "revenue_4q": null,
            "common_shares": null,
            "book_valuer_per_share": null,
            "book_valuer_per_share_4q_avg": 0,
            "equity": null,
            "current_ratio": null,
            "debt_ratio": null,
            "inventory_turnover_ratio": null,
            "account_receivable_turnover_ratio": null,
            "reinvestment_rate": null,
            "research_to_sale_ratio": null,
            "price_fair": 0,
            "eps_avg_yearly": 0,
            "eps_latest_yearly": 0,
            "eps_growth_yearly": 0
        },
        "20091": {
            "year_quarter": 20091,
            "year": 2009,
            "quarter": 1,
            "eps": null,
            "eps_growth_year": null,
            "eps_4q": null,
            "eps_4q_growth_year": null,
            "roe": null,
            "roe_4q": 0,
            "gross_profit": null,
            "gross_margin": null,
            "gross_margin_4q_avg": 0,
            "net_income": null,
            "net_income_4q": null,
            "revenue": null,
            "revenue_4q": null,
            "common_shares": null,
            "book_valuer_per_share": null,
            "book_valuer_per_share_4q_avg": 0,
            "equity": null,
            "current_ratio": null,
            "debt_ratio": null,
            "inventory_turnover_ratio": null,
            "account_receivable_turnover_ratio": null,
            "reinvestment_rate": null,
            "research_to_sale_ratio": null,
            "price_fair": 0,
            "eps_avg_yearly": 0,
            "eps_latest_yearly": 0,
            "eps_growth_yearly": 0
        },
        "20092": {
            "year_quarter": 20092,
            "year": 2009,
            "quarter": 2,
            "eps": null,
            "eps_growth_year": null,
            "eps_4q": null,
            "eps_4q_growth_year": null,
            "roe": null,
            "roe_4q": 0,
            "gross_profit": null,
            "gross_margin": null,
            "gross_margin_4q_avg": 0,
            "net_income": null,
            "net_income_4q": null,
            "revenue": null,
            "revenue_4q": null,
            "common_shares": null,
            "book_valuer_per_share": null,
            "book_valuer_per_share_4q_avg": 0,
            "equity": null,
            "current_ratio": null,
            "debt_ratio": null,
            "inventory_turnover_ratio": null,
            "account_receivable_turnover_ratio": null,
            "reinvestment_rate": null,
            "research_to_sale_ratio": null,
            "price_fair": 0,
            "eps_avg_yearly": 0,
            "eps_latest_yearly": 0,
            "eps_growth_yearly": 0
        },
        "20093": {
            "year_quarter": 20093,
            "year": 2009,
            "quarter": 3,
            "eps": null,
            "eps_growth_year": null,
            "eps_4q": null,
            "eps_4q_growth_year": null,
            "roe": null,
            "roe_4q": 0,
            "gross_profit": null,
            "gross_margin": null,
            "gross_margin_4q_avg": 0,
            "net_income": null,
            "net_income_4q": null,
            "revenue": null,
            "revenue_4q": null,
            "common_shares": null,
            "book_valuer_per_share": null,
            "book_valuer_per_share_4q_avg": 0,
            "equity": null,
            "current_ratio": null,
            "debt_ratio": null,
            "inventory_turnover_ratio": null,
            "account_receivable_turnover_ratio": null,
            "reinvestment_rate": null,
            "research_to_sale_ratio": null,
            "price_fair": 0,
            "eps_avg_yearly": 0,
            "eps_latest_yearly": 0,
            "eps_growth_yearly": 0
        },
        "20094": {
            "year_quarter": 20094,
            "year": 2009,
            "quarter": 4,
            "eps": null,
            "eps_growth_year": null,
            "eps_4q": null,
            "eps_4q_growth_year": null,
            "roe": null,
            "roe_4q": 0,
            "gross_profit": null,
            "gross_margin": null,
            "gross_margin_4q_avg": 0,
            "net_income": null,
            "net_income_4q": null,
            "revenue": null,
            "revenue_4q": null,
            "common_shares": 241751,
            "book_valuer_per_share": 10.32,
            "book_valuer_per_share_4q_avg": 2.58,
            "equity": 251390,
            "current_ratio": 267.21,
            "debt_ratio": 17.01,
            "inventory_turnover_ratio": null,
            "account_receivable_turnover_ratio": null,
            "reinvestment_rate": null,
            "research_to_sale_ratio": null,
            "price_fair": 0,
            "eps_avg_yearly": 0,
            "eps_latest_yearly": 0,
            "eps_growth_yearly": 0
        },
        "20101": {
            "year_quarter": 20101,
            "year": 2010,
            "quarter": 1,
            "eps": null,
            "eps_growth_year": null,
            "eps_4q": null,
            "eps_4q_growth_year": null,
            "roe": null,
            "roe_4q": 0,
            "gross_profit": null,
            "gross_margin": null,
            "gross_margin_4q_avg": 0,
            "net_income": null,
            "net_income_4q": null,
            "revenue": null,
            "revenue_4q": null,
            "common_shares": null,
            "book_valuer_per_share": null,
            "book_valuer_per_share_4q_avg": 2.58,
            "equity": null,
            "current_ratio": null,
            "debt_ratio": null,
            "inventory_turnover_ratio": null,
            "account_receivable_turnover_ratio": null,
            "reinvestment_rate": null,
            "research_to_sale_ratio": null,
            "price_fair": 0,
            "eps_avg_yearly": 0,
            "eps_latest_yearly": 0,
            "eps_growth_yearly": 0
        },
        "20102": {
            "year_quarter": 20102,
            "year": 2010,
            "quarter": 2,
            "eps": null,
            "eps_growth_year": null,
            "eps_4q": null,
            "eps_4q_growth_year": null,
            "roe": null,
            "roe_4q": 0,
            "gross_profit": null,
            "gross_margin": null,
            "gross_margin_4q_avg": 0,
            "net_income": null,
            "net_income_4q": null,
            "revenue": null,
            "revenue_4q": null,
            "common_shares": null,
            "book_valuer_per_share": null,
            "book_valuer_per_share_4q_avg": 2.58,
            "equity": null,
            "current_ratio": null,
            "debt_ratio": null,
            "inventory_turnover_ratio": null,
            "account_receivable_turnover_ratio": null,
            "reinvestment_rate": null,
            "research_to_sale_ratio": null,
            "price_fair": 0,
            "eps_avg_yearly": 0,
            "eps_latest_yearly": 0,
            "eps_growth_yearly": 0
        },
        "20103": {
            "year_quarter": 20103,
            "year": 2010,
            "quarter": 3,
            "eps": null,
            "eps_growth_year": null,
            "eps_4q": null,
            "eps_4q_growth_year": null,
            "roe": null,
            "roe_4q": 0,
            "gross_profit": null,
            "gross_margin": null,
            "gross_margin_4q_avg": 0,
            "net_income": null,
            "net_income_4q": null,
            "revenue": null,
            "revenue_4q": null,
            "common_shares": null,
            "book_valuer_per_share": null,
            "book_valuer_per_share_4q_avg": 2.58,
            "equity": null,
            "current_ratio": null,
            "debt_ratio": null,
            "inventory_turnover_ratio": null,
            "account_receivable_turnover_ratio": null,
            "reinvestment_rate": null,
            "research_to_sale_ratio": null,
            "price_fair": 0,
            "eps_avg_yearly": 0,
            "eps_latest_yearly": 0,
            "eps_growth_yearly": 0
        },
        "20104": {
            "year_quarter": 20104,
            "year": 2010,
            "quarter": 4,
            "eps": null,
            "eps_growth_year": null,
            "eps_4q": null,
            "eps_4q_growth_year": null,
            "roe": null,
            "roe_4q": 0,
            "gross_profit": null,
            "gross_margin": null,
            "gross_margin_4q_avg": 0,
            "net_income": null,
            "net_income_4q": null,
            "revenue": null,
            "revenue_4q": null,
            "common_shares": 241751,
            "book_valuer_per_share": 11.46,
            "book_valuer_per_share_4q_avg": 2.87,
            "equity": 278563,
            "current_ratio": 289.39,
            "debt_ratio": 17.2,
            "inventory_turnover_ratio": null,
            "account_receivable_turnover_ratio": null,
            "reinvestment_rate": null,
            "research_to_sale_ratio": null,
            "price_fair": 0,
            "eps_avg_yearly": 0,
            "eps_latest_yearly": 0,
            "eps_growth_yearly": 0
        },
        "20111": {
            "year_quarter": 20111,
            "year": 2011,
            "quarter": 1,
            "eps": null,
            "eps_growth_year": null,
            "eps_4q": null,
            "eps_4q_growth_year": null,
            "roe": null,
            "roe_4q": 0,
            "gross_profit": null,
            "gross_margin": null,
            "gross_margin_4q_avg": 0,
            "net_income": null,
            "net_income_4q": null,
            "revenue": null,
            "revenue_4q": null,
            "common_shares": null,
            "book_valuer_per_share": null,
            "book_valuer_per_share_4q_avg": 2.87,
            "equity": null,
            "current_ratio": null,
            "debt_ratio": null,
            "inventory_turnover_ratio": null,
            "account_receivable_turnover_ratio": null,
            "reinvestment_rate": null,
            "research_to_sale_ratio": null,
            "price_fair": 0,
            "eps_avg_yearly": 0,
            "eps_latest_yearly": 0,
            "eps_growth_yearly": 0
        },
        "20112": {
            "year_quarter": 20112,
            "year": 2011,
            "quarter": 2,
            "eps": null,
            "eps_growth_year": null,
            "eps_4q": null,
            "eps_4q_growth_year": null,
            "roe": null,
            "roe_4q": 0,
            "gross_profit": null,
            "gross_margin": null,
            "gross_margin_4q_avg": 0,
            "net_income": null,
            "net_income_4q": null,
            "revenue": null,
            "revenue_4q": null,
            "common_shares": null,
            "book_valuer_per_share": null,
            "book_valuer_per_share_4q_avg": 2.87,
            "equity": null,
            "current_ratio": null,
            "debt_ratio": null,
            "inventory_turnover_ratio": null,
            "account_receivable_turnover_ratio": null,
            "reinvestment_rate": null,
            "research_to_sale_ratio": null,
            "price_fair": 0,
            "eps_avg_yearly": 0,
            "eps_latest_yearly": 0,
            "eps_growth_yearly": 0
        },
        "20113": {
            "year_quarter": 20113,
            "year": 2011,
            "quarter": 3,
            "eps": null,
            "eps_growth_year": null,
            "eps_4q": null,
            "eps_4q_growth_year": null,
            "roe": null,
            "roe_4q": 0,
            "gross_profit": null,
            "gross_margin": null,
            "gross_margin_4q_avg": 0,
            "net_income": null,
            "net_income_4q": null,
            "revenue": null,
            "revenue_4q": null,
            "common_shares": null,
            "book_valuer_per_share": null,
            "book_valuer_per_share_4q_avg": 2.87,
            "equity": null,
            "current_ratio": null,
            "debt_ratio": null,
            "inventory_turnover_ratio": null,
            "account_receivable_turnover_ratio": null,
            "reinvestment_rate": null,
            "research_to_sale_ratio": null,
            "price_fair": 0,
            "eps_avg_yearly": 0,
            "eps_latest_yearly": 0,
            "eps_growth_yearly": 0
        },
        "20114": {
            "year_quarter": 20114,
            "year": 2011,
            "quarter": 4,
            "eps": null,
            "eps_growth_year": null,
            "eps_4q": null,
            "eps_4q_growth_year": null,
            "roe": null,
            "roe_4q": 0,
            "gross_profit": null,
            "gross_margin": null,
            "gross_margin_4q_avg": 0,
            "net_income": null,
            "net_income_4q": null,
            "revenue": null,
            "revenue_4q": null,
            "common_shares": 7432,
            "book_valuer_per_share": 569.78,
            "book_valuer_per_share_4q_avg": 142.45,
            "equity": 423948,
            "current_ratio": 524.67,
            "debt_ratio": 9.37,
            "inventory_turnover_ratio": null,
            "account_receivable_turnover_ratio": null,
            "reinvestment_rate": null,
            "research_to_sale_ratio": null,
            "price_fair": 0,
            "eps_avg_yearly": 0,
            "eps_latest_yearly": 0,
            "eps_growth_yearly": 0
        },
        "20121": {
            "year_quarter": 20121,
            "year": 2012,
            "quarter": 1,
            "eps": null,
            "eps_growth_year": null,
            "eps_4q": null,
            "eps_4q_growth_year": null,
            "roe": null,
            "roe_4q": 0,
            "gross_profit": 41894,
            "gross_margin": null,
            "gross_margin_4q_avg": 0,
            "net_income": 17155,
            "net_income_4q": null,
            "revenue": 120193,
            "revenue_4q": null,
            "common_shares": 7432,
            "book_valuer_per_share": null,
            "book_valuer_per_share_4q_avg": 142.45,
            "equity": 431466,
            "current_ratio": null,
            "debt_ratio": null,
            "inventory_turnover_ratio": null,
            "account_receivable_turnover_ratio": null,
            "reinvestment_rate": null,
            "research_to_sale_ratio": null,
            "price_fair": 0,
            "eps_avg_yearly": 0,
            "eps_latest_yearly": 0,
            "eps_growth_yearly": 0
        },
        "20122": {
            "year_quarter": 20122,
            "year": 2012,
            "quarter": 2,
            "eps": null,
            "eps_growth_year": null,
            "eps_4q": null,
            "eps_4q_growth_year": null,
            "roe": null,
            "roe_4q": 0,
            "gross_profit": 74315,
            "gross_margin": null,
            "gross_margin_4q_avg": 0,
            "net_income": 47693,
            "net_income_4q": null,
            "revenue": 142903,
            "revenue_4q": null,
            "common_shares": 7432,
            "book_valuer_per_share": null,
            "book_valuer_per_share_4q_avg": 142.45,
            "equity": 486290,
            "current_ratio": null,
            "debt_ratio": null,
            "inventory_turnover_ratio": null,
            "account_receivable_turnover_ratio": null,
            "reinvestment_rate": null,
            "research_to_sale_ratio": null,
            "price_fair": 0,
            "eps_avg_yearly": 0,
            "eps_latest_yearly": 0,
            "eps_growth_yearly": 0
        },
        "20123": {
            "year_quarter": 20123,
            "year": 2012,
            "quarter": 3,
            "eps": null,
            "eps_growth_year": null,
            "eps_4q": null,
            "eps_4q_growth_year": null,
            "roe": null,
            "roe_4q": 0,
            "gross_profit": 70414,
            "gross_margin": null,
            "gross_margin_4q_avg": 0,
            "net_income": 42258,
            "net_income_4q": null,
            "revenue": 147182,
            "revenue_4q": null,
            "common_shares": 7432,
            "book_valuer_per_share": null,
            "book_valuer_per_share_4q_avg": 142.45,
            "equity": 519394,
            "current_ratio": null,
            "debt_ratio": null,
            "inventory_turnover_ratio": null,
            "account_receivable_turnover_ratio": null,
            "reinvestment_rate": null,
            "research_to_sale_ratio": null,
            "price_fair": 0,
            "eps_avg_yearly": 0,
            "eps_latest_yearly": 0,
            "eps_growth_yearly": 0
        },
        "20124": {
            "year_quarter": 20124,
            "year": 2012,
            "quarter": 4,
            "eps": null,
            "eps_growth_year": null,
            "eps_4q": null,
            "eps_4q_growth_year": null,
            "roe": null,
            "roe_4q": 0,
            "gross_profit": 50577,
            "gross_margin": null,
            "gross_margin_4q_avg": 0,
            "net_income": 10439,
            "net_income_4q": null,
            "revenue": 147864,
            "revenue_4q": null,
            "common_shares": 259677,
            "book_valuer_per_share": 18.71,
            "book_valuer_per_share_4q_avg": 4.68,
            "equity": 486266,
            "current_ratio": 529.46,
            "debt_ratio": 8.83,
            "inventory_turnover_ratio": null,
            "account_receivable_turnover_ratio": null,
            "reinvestment_rate": null,
            "research_to_sale_ratio": null,
            "price_fair": 0,
            "eps_avg_yearly": 0,
            "eps_latest_yearly": 0,
            "eps_growth_yearly": 0
        },
        "20131": {
            "year_quarter": 20131,
            "year": 2013,
            "quarter": 1,
            "eps": 0.54,
            "eps_growth_year": null,
            "eps_4q": 0.54,
            "eps_4q_growth_year": null,
            "roe": 2.78,
            "roe_4q": 2.78,
            "gross_profit": 49021,
            "gross_margin": 36.57,
            "gross_margin_4q_avg": 9.14,
            "net_income": 13912,
            "net_income_4q": null,
            "revenue": 134057,
            "revenue_4q": null,
            "common_shares": 259677,
            "book_valuer_per_share": 19.81,
            "book_valuer_per_share_4q_avg": 9.63,
            "equity": 514891,
            "current_ratio": 784.44,
            "debt_ratio": 6.08,
            "inventory_turnover_ratio": 1.21,
            "account_receivable_turnover_ratio": 1.76,
            "reinvestment_rate": null,
            "research_to_sale_ratio": 4.83,
            "price_fair": 0,
            "eps_avg_yearly": 0,
            "eps_latest_yearly": 0,
            "eps_growth_yearly": 0
        },
        "20132": {
            "year_quarter": 20132,
            "year": 2013,
            "quarter": 2,
            "eps": 1.44,
            "eps_growth_year": null,
            "eps_4q": 1.98,
            "eps_4q_growth_year": null,
            "roe": 7.17,
            "roe_4q": 9.95,
            "gross_profit": 73094,
            "gross_margin": 43.23,
            "gross_margin_4q_avg": 19.95,
            "net_income": 37526,
            "net_income_4q": null,
            "revenue": 169099,
            "revenue_4q": null,
            "common_shares": 259677,
            "book_valuer_per_share": 20.44,
            "book_valuer_per_share_4q_avg": 14.74,
            "equity": 531320,
            "current_ratio": 516.71,
            "debt_ratio": 9.44,
            "inventory_turnover_ratio": 1.36,
            "account_receivable_turnover_ratio": 1.78,
            "reinvestment_rate": null,
            "research_to_sale_ratio": 4.12,
            "price_fair": 201.6,
            "eps_avg_yearly": 5.76,
            "eps_latest_yearly": 5.76,
            "eps_growth_yearly": 666.67
        },
        "20133": {
            "year_quarter": 20133,
            "year": 2013,
            "quarter": 3,
            "eps": 1.35,
            "eps_growth_year": null,
            "eps_4q": 3.02,
            "eps_4q_growth_year": null,
            "roe": 5.97,
            "roe_4q": 15.92,
            "gross_profit": 71614,
            "gross_margin": 52.86,
            "gross_margin_4q_avg": 33.17,
            "net_income": 39055,
            "net_income_4q": null,
            "revenue": 135484,
            "revenue_4q": null,
            "common_shares": 300007,
            "book_valuer_per_share": 25.88,
            "book_valuer_per_share_4q_avg": 21.21,
            "equity": 776977,
            "current_ratio": 1107.57,
            "debt_ratio": 5.84,
            "inventory_turnover_ratio": 0.78,
            "account_receivable_turnover_ratio": 1.47,
            "reinvestment_rate": null,
            "research_to_sale_ratio": 6.21,
            "price_fair": 195.3,
            "eps_avg_yearly": 5.58,
            "eps_latest_yearly": 5.4,
            "eps_growth_yearly": 320.83
        },
        "20134": {
            "year_quarter": 20134,
            "year": 2013,
            "quarter": 4,
            "eps": 0.5,
            "eps_growth_year": null,
            "eps_4q": 3.52,
            "eps_4q_growth_year": null,
            "roe": 1.9,
            "roe_4q": 17.82,
            "gross_profit": 46316,
            "gross_margin": 35.17,
            "gross_margin_4q_avg": 41.96,
            "net_income": 15003,
            "net_income_4q": null,
            "revenue": 131703,
            "revenue_4q": null,
            "common_shares": 300007,
            "book_valuer_per_share": 26.66,
            "book_valuer_per_share_4q_avg": 23.2,
            "equity": 800245,
            "current_ratio": 999.03,
            "debt_ratio": 6.48,
            "inventory_turnover_ratio": 0.95,
            "account_receivable_turnover_ratio": 1.82,
            "reinvestment_rate": null,
            "research_to_sale_ratio": 5.13,
            "price_fair": 153.53,
            "eps_avg_yearly": 4.39,
            "eps_latest_yearly": 2,
            "eps_growth_yearly": 129.94
        },
        "20141": {
            "year_quarter": 20141,
            "year": 2014,
            "quarter": 1,
            "eps": 0.66,
            "eps_growth_year": 22.22,
            "eps_4q": 3.71,
            "eps_4q_growth_year": 591.23,
            "roe": 2.41,
            "roe_4q": 17.450000000000003,
            "gross_profit": 55600,
            "gross_margin": 45.3,
            "gross_margin_4q_avg": 44.14,
            "net_income": 19746,
            "net_income_4q": null,
            "revenue": 122747,
            "revenue_4q": null,
            "common_shares": 300007,
            "book_valuer_per_share": 27.95,
            "book_valuer_per_share_4q_avg": 25.23,
            "equity": 839108,
            "current_ratio": 1098.22,
            "debt_ratio": 5.5,
            "inventory_turnover_ratio": 0.7,
            "account_receivable_turnover_ratio": 1.67,
            "reinvestment_rate": null,
            "research_to_sale_ratio": 5.71,
            "price_fair": 138.25,
            "eps_avg_yearly": 3.95,
            "eps_latest_yearly": 2.64,
            "eps_growth_yearly": 129.45
        },
        "20142": {
            "year_quarter": 20142,
            "year": 2014,
            "quarter": 2,
            "eps": 1.61,
            "eps_growth_year": 11.81,
            "eps_4q": 4.07,
            "eps_4q_growth_year": 105.49,
            "roe": 5.76,
            "roe_4q": 16.04,
            "gross_profit": 47665,
            "gross_margin": 31.18,
            "gross_margin_4q_avg": 41.13,
            "net_income": 48420,
            "net_income_4q": null,
            "revenue": 152878,
            "revenue_4q": null,
            "common_shares": 300007,
            "book_valuer_per_share": 28.04,
            "book_valuer_per_share_4q_avg": 27.13,
            "equity": 841785,
            "current_ratio": 494.13,
            "debt_ratio": 11.71,
            "inventory_turnover_ratio": 0.91,
            "account_receivable_turnover_ratio": 1.87,
            "reinvestment_rate": null,
            "research_to_sale_ratio": 5.06,
            "price_fair": 155.68,
            "eps_avg_yearly": 4.45,
            "eps_latest_yearly": 6.44,
            "eps_growth_yearly": 218.71
        },
        "20143": {
            "year_quarter": 20143,
            "year": 2014,
            "quarter": 3,
            "eps": 2.01,
            "eps_growth_year": 48.89,
            "eps_4q": 4.78,
            "eps_4q_growth_year": 58.44,
            "roe": 6.84,
            "roe_4q": 16.91,
            "gross_profit": 74568,
            "gross_margin": 35.76,
            "gross_margin_4q_avg": 36.85,
            "net_income": 60252,
            "net_income_4q": null,
            "revenue": 208504,
            "revenue_4q": null,
            "common_shares": 300007,
            "book_valuer_per_share": 30.65,
            "book_valuer_per_share_4q_avg": 28.33,
            "equity": 919850,
            "current_ratio": 519.04,
            "debt_ratio": 27.32,
            "inventory_turnover_ratio": 1.11,
            "account_receivable_turnover_ratio": 1.94,
            "reinvestment_rate": null,
            "research_to_sale_ratio": 3.6,
            "price_fair": 176.63,
            "eps_avg_yearly": 5.05,
            "eps_latest_yearly": 8.04,
            "eps_growth_yearly": 198.83
        },
        "20144": {
            "year_quarter": 20144,
            "year": 2014,
            "quarter": 4,
            "eps": 1.46,
            "eps_growth_year": 191.79,
            "eps_4q": 5.73,
            "eps_4q_growth_year": 62.96,
            "roe": 4.56,
            "roe_4q": 19.569999999999997,
            "gross_profit": 67892,
            "gross_margin": 39.59,
            "gross_margin_4q_avg": 37.96,
            "net_income": 43882,
            "net_income_4q": null,
            "revenue": 171486,
            "revenue_4q": null,
            "common_shares": 300552,
            "book_valuer_per_share": 33.37,
            "book_valuer_per_share_4q_avg": 30,
            "equity": 1003356,
            "current_ratio": 629.9,
            "debt_ratio": 25.09,
            "inventory_turnover_ratio": 0.86,
            "account_receivable_turnover_ratio": 1.7,
            "reinvestment_rate": null,
            "research_to_sale_ratio": 3.84,
            "price_fair": 180.6,
            "eps_avg_yearly": 5.16,
            "eps_latest_yearly": 5.84,
            "eps_growth_yearly": 154.79
        },
        "20151": {
            "year_quarter": 20151,
            "year": 2015,
            "quarter": 1,
            "eps": 1.66,
            "eps_growth_year": 151.52,
            "eps_4q": 6.41,
            "eps_4q_growth_year": 72.64,
            "roe": 4.67,
            "roe_4q": 21.83,
            "gross_profit": 75833,
            "gross_margin": 36.48,
            "gross_margin_4q_avg": 35.75,
            "net_income": 50499,
            "net_income_4q": null,
            "revenue": 207892,
            "revenue_4q": null,
            "common_shares": 316938,
            "book_valuer_per_share": 36.57,
            "book_valuer_per_share_4q_avg": 32.16,
            "equity": 1159413,
            "current_ratio": 589.01,
            "debt_ratio": 18.64,
            "inventory_turnover_ratio": 1.13,
            "account_receivable_turnover_ratio": 2.3,
            "reinvestment_rate": null,
            "research_to_sale_ratio": 2.32,
            "price_fair": 187.08,
            "eps_avg_yearly": 5.35,
            "eps_latest_yearly": 6.64,
            "eps_growth_yearly": 142.29
        },
        "20152": {
            "year_quarter": 20152,
            "year": 2015,
            "quarter": 2,
            "eps": 0.98,
            "eps_growth_year": -39.13,
            "eps_4q": 5.73,
            "eps_4q_growth_year": 40.67,
            "roe": 2.65,
            "roe_4q": 18.72,
            "gross_profit": 99783,
            "gross_margin": 44.54,
            "gross_margin_4q_avg": 39.09,
            "net_income": 31041,
            "net_income_4q": null,
            "revenue": 224008,
            "revenue_4q": null,
            "common_shares": 324045,
            "book_valuer_per_share": 36.5,
            "book_valuer_per_share_4q_avg": 34.27,
            "equity": 1183064,
            "current_ratio": 449.78,
            "debt_ratio": 19.44,
            "inventory_turnover_ratio": 1.03,
            "account_receivable_turnover_ratio": 2.14,
            "reinvestment_rate": null,
            "research_to_sale_ratio": 2.58,
            "price_fair": 181.53,
            "eps_avg_yearly": 5.19,
            "eps_latest_yearly": 3.92,
            "eps_growth_yearly": 108.27
        },
        "20153": {
            "year_quarter": 20153,
            "year": 2015,
            "quarter": 3,
            "eps": 0.48,
            "eps_growth_year": -76.12,
            "eps_4q": 4.14,
            "eps_4q_growth_year": -13.32,
            "roe": 1.21,
            "roe_4q": 13.09,
            "gross_profit": 91320,
            "gross_margin": 38.67,
            "gross_margin_4q_avg": 39.82,
            "net_income": 15799,
            "net_income_4q": null,
            "revenue": 236131,
            "revenue_4q": null,
            "common_shares": 340762,
            "book_valuer_per_share": 42.17,
            "book_valuer_per_share_4q_avg": 37.15,
            "equity": 1437430,
            "current_ratio": 571.32,
            "debt_ratio": 10.93,
            "inventory_turnover_ratio": 1.11,
            "account_receivable_turnover_ratio": 1.9,
            "reinvestment_rate": null,
            "research_to_sale_ratio": 3.12,
            "price_fair": 170.1,
            "eps_avg_yearly": 4.86,
            "eps_latest_yearly": 1.92,
            "eps_growth_yearly": 77.04
        },
        "20154": {
            "year_quarter": 20154,
            "year": 2015,
            "quarter": 4,
            "eps": 0.45,
            "eps_growth_year": -69.38,
            "eps_4q": 3.28,
            "eps_4q_growth_year": -42.82,
            "roe": 1.05,
            "roe_4q": 9.58,
            "gross_profit": 54355,
            "gross_margin": 28.72,
            "gross_margin_4q_avg": 37.1,
            "net_income": 15372,
            "net_income_4q": null,
            "revenue": 189253,
            "revenue_4q": null,
            "common_shares": 343752,
            "book_valuer_per_share": 43.12,
            "book_valuer_per_share_4q_avg": 39.59,
            "equity": 1482626,
            "current_ratio": 1100.88,
            "debt_ratio": 5.16,
            "inventory_turnover_ratio": 1.01,
            "account_receivable_turnover_ratio": 1.6,
            "reinvestment_rate": 68.69,
            "research_to_sale_ratio": 3.36,
            "price_fair": 160.36,
            "eps_avg_yearly": 4.58,
            "eps_latest_yearly": 1.8,
            "eps_growth_yearly": 67.76
        },
        "20161": {
            "year_quarter": 20161,
            "year": 2016,
            "quarter": 1,
            "eps": 0.69,
            "eps_growth_year": -58.43,
            "eps_4q": 2.5,
            "eps_4q_growth_year": -60.92,
            "roe": 1.62,
            "roe_4q": 6.529999999999999,
            "gross_profit": 78934,
            "gross_margin": 34.11,
            "gross_margin_4q_avg": 36.51,
            "net_income": 23949,
            "net_income_4q": null,
            "revenue": 231432,
            "revenue_4q": null,
            "common_shares": 343955,
            "book_valuer_per_share": 42.98,
            "book_valuer_per_share_4q_avg": 41.19,
            "equity": 1478883,
            "current_ratio": 999.94,
            "debt_ratio": 5.83,
            "inventory_turnover_ratio": 1.08,
            "account_receivable_turnover_ratio": 2.08,
            "reinvestment_rate": 70.32,
            "research_to_sale_ratio": 4.04,
            "price_fair": 155.05,
            "eps_avg_yearly": 4.43,
            "eps_latest_yearly": 2.76,
            "eps_growth_yearly": 79.89
        },
        "20162": {
            "year_quarter": 20162,
            "year": 2016,
            "quarter": 2,
            "eps": 1.05,
            "eps_growth_year": 7.14,
            "eps_4q": 2.52,
            "eps_4q_growth_year": -56.01,
            "roe": 2.46,
            "roe_4q": 6.34,
            "gross_profit": 93553,
            "gross_margin": 38.25,
            "gross_margin_4q_avg": 34.94,
            "net_income": 36063,
            "net_income_4q": null,
            "revenue": 244573,
            "revenue_4q": null,
            "common_shares": 344143,
            "book_valuer_per_share": 42.16,
            "book_valuer_per_share_4q_avg": 42.61,
            "equity": 1451469,
            "current_ratio": 386.1,
            "debt_ratio": 10.55,
            "inventory_turnover_ratio": 0.98,
            "account_receivable_turnover_ratio": 2.05,
            "reinvestment_rate": 68.72,
            "research_to_sale_ratio": 2.63,
            "price_fair": 154.43,
            "eps_avg_yearly": 4.41,
            "eps_latest_yearly": 4.2,
            "eps_growth_yearly": 89.8
        },
        "20163": {
            "year_quarter": 20163,
            "year": 2016,
            "quarter": 3,
            "eps": 0.57,
            "eps_growth_year": 18.75,
            "eps_4q": 2.65,
            "eps_4q_growth_year": -35.93,
            "roe": 1.43,
            "roe_4q": 6.56,
            "gross_profit": 67912,
            "gross_margin": 31.26,
            "gross_margin_4q_avg": 33.09,
            "net_income": 20644,
            "net_income_4q": null,
            "revenue": 217263,
            "revenue_4q": null,
            "common_shares": 361341,
            "book_valuer_per_share": 39.58,
            "book_valuer_per_share_4q_avg": 41.96,
            "equity": 1430552,
            "current_ratio": 522.93,
            "debt_ratio": 7.63,
            "inventory_turnover_ratio": 0.92,
            "account_receivable_turnover_ratio": 1.93,
            "reinvestment_rate": 54.56,
            "research_to_sale_ratio": 3.73,
            "price_fair": 149.1,
            "eps_avg_yearly": 4.26,
            "eps_latest_yearly": 2.28,
            "eps_growth_yearly": 70.32
        },
        "20164": {
            "year_quarter": 20164,
            "year": 2016,
            "quarter": 4,
            "eps": 0.64,
            "eps_growth_year": 43.36,
            "eps_4q": 2.88,
            "eps_4q_growth_year": -12.25,
            "roe": 1.58,
            "roe_4q": 7.09,
            "gross_profit": 56003,
            "gross_margin": 29.16,
            "gross_margin_4q_avg": 33.2,
            "net_income": 23063,
            "net_income_4q": null,
            "revenue": 192087,
            "revenue_4q": null,
            "common_shares": 361348,
            "book_valuer_per_share": 41.23,
            "book_valuer_per_share_4q_avg": 41.49,
            "equity": 1486310,
            "current_ratio": 599.11,
            "debt_ratio": 5.88,
            "inventory_turnover_ratio": 0.85,
            "account_receivable_turnover_ratio": 1.66,
            "reinvestment_rate": 73.03,
            "research_to_sale_ratio": 3.48,
            "price_fair": 145.13,
            "eps_avg_yearly": 4.15,
            "eps_latest_yearly": 2.56,
            "eps_growth_yearly": 68.91
        },
        "20171": {
            "year_quarter": 20171,
            "year": 2017,
            "quarter": 1,
            "eps": 0.49,
            "eps_growth_year": -28.99,
            "eps_4q": 2.71,
            "eps_4q_growth_year": 8.1,
            "roe": 1.22,
            "roe_4q": 6.6899999999999995,
            "gross_profit": 61481,
            "gross_margin": 31.64,
            "gross_margin_4q_avg": 32.58,
            "net_income": 17749,
            "net_income_4q": null,
            "revenue": 194309,
            "revenue_4q": null,
            "common_shares": 361348,
            "book_valuer_per_share": 39.22,
            "book_valuer_per_share_4q_avg": 40.55,
            "equity": 1412529,
            "current_ratio": 528.61,
            "debt_ratio": 5.74,
            "inventory_turnover_ratio": 0.84,
            "account_receivable_turnover_ratio": 1.9,
            "reinvestment_rate": 82.99,
            "research_to_sale_ratio": 4.22,
            "price_fair": 140.35,
            "eps_avg_yearly": 4.01,
            "eps_latest_yearly": 1.96,
            "eps_growth_yearly": 58.74
        },
        "20172": {
            "year_quarter": 20172,
            "year": 2017,
            "quarter": 2,
            "eps": 1.18,
            "eps_growth_year": 12.38,
            "eps_4q": 2.89,
            "eps_4q_growth_year": 14.51,
            "roe": 3.04,
            "roe_4q": 7.27,
            "gross_profit": 106446,
            "gross_margin": 44.71,
            "gross_margin_4q_avg": 34.19,
            "net_income": 42589,
            "net_income_4q": null,
            "revenue": 238082,
            "revenue_4q": null,
            "common_shares": 361355,
            "book_valuer_per_share": 38.57,
            "book_valuer_per_share_4q_avg": 39.65,
            "equity": 1389910,
            "current_ratio": 206.31,
            "debt_ratio": 14.1,
            "inventory_turnover_ratio": 0.79,
            "account_receivable_turnover_ratio": 1.98,
            "reinvestment_rate": 126.44,
            "research_to_sale_ratio": 2.66,
            "price_fair": 138.08,
            "eps_avg_yearly": 3.95,
            "eps_latest_yearly": 4.72,
            "eps_growth_yearly": 52.28
        },
        "20173": {
            "year_quarter": 20173,
            "year": 2017,
            "quarter": 3,
            "eps": 0.9,
            "eps_growth_year": 57.89,
            "eps_4q": 3.21,
            "eps_4q_growth_year": 20.88,
            "roe": 2.32,
            "roe_4q": 8.16,
            "gross_profit": 79602,
            "gross_margin": 34.39,
            "gross_margin_4q_avg": 34.98,
            "net_income": 32623,
            "net_income_4q": null,
            "revenue": 231501,
            "revenue_4q": null,
            "common_shares": 361355,
            "book_valuer_per_share": 39.42,
            "book_valuer_per_share_4q_avg": 39.61,
            "equity": 1425135,
            "current_ratio": 334.34,
            "debt_ratio": 9.57,
            "inventory_turnover_ratio": 0.9,
            "account_receivable_turnover_ratio": 1.68,
            "reinvestment_rate": 151.13,
            "research_to_sale_ratio": 2.96,
            "price_fair": 134.14,
            "eps_avg_yearly": 3.83,
            "eps_latest_yearly": 3.6,
            "eps_growth_yearly": 47.91
        },
        "20174": {
            "year_quarter": 20174,
            "year": 2017,
            "quarter": 4,
            "eps": 0.98,
            "eps_growth_year": 52.37,
            "eps_4q": 3.55,
            "eps_4q_growth_year": 23.3,
            "roe": 2.47,
            "roe_4q": 9.05,
            "gross_profit": 77625,
            "gross_margin": 36.01,
            "gross_margin_4q_avg": 36.69,
            "net_income": 35301,
            "net_income_4q": null,
            "revenue": 215572,
            "revenue_4q": null,
            "common_shares": 361355,
            "book_valuer_per_share": 39.74,
            "book_valuer_per_share_4q_avg": 39.24,
            "equity": 1436512,
            "current_ratio": 503.22,
            "debt_ratio": 5.82,
            "inventory_turnover_ratio": 0.85,
            "account_receivable_turnover_ratio": 1.75,
            "reinvestment_rate": 147.59,
            "research_to_sale_ratio": 3.89,
            "price_fair": 138.34,
            "eps_avg_yearly": 3.95,
            "eps_latest_yearly": 3.92,
            "eps_growth_yearly": 65.87
        },
        "20181": {
            "year_quarter": 20181,
            "year": 2018,
            "quarter": 1,
            "eps": 1.09,
            "eps_growth_year": 122.45,
            "eps_4q": 4.15,
            "eps_4q_growth_year": 53.31,
            "roe": 2.74,
            "roe_4q": 10.57,
            "gross_profit": 90669,
            "gross_margin": 47.46,
            "gross_margin_4q_avg": 40.64,
            "net_income": 39435,
            "net_income_4q": null,
            "revenue": 191062,
            "revenue_4q": null,
            "common_shares": 361355,
            "book_valuer_per_share": 39.95,
            "book_valuer_per_share_4q_avg": 39.42,
            "equity": 1444141,
            "current_ratio": 498.27,
            "debt_ratio": 6.68,
            "inventory_turnover_ratio": 0.57,
            "account_receivable_turnover_ratio": 1.77,
            "reinvestment_rate": 139.78,
            "research_to_sale_ratio": 5.07,
            "price_fair": 142.1,
            "eps_avg_yearly": 4.06,
            "eps_latest_yearly": 4.36,
            "eps_growth_yearly": 60.68
        },
        "20182": {
            "year_quarter": 20182,
            "year": 2018,
            "quarter": 2,
            "eps": 0.01,
            "eps_growth_year": -99.15,
            "eps_4q": 2.98,
            "eps_4q_growth_year": 3.06,
            "roe": 0.01,
            "roe_4q": 7.540000000000001,
            "gross_profit": 37863,
            "gross_margin": 28.74,
            "gross_margin_4q_avg": 36.65,
            "net_income": 179,
            "net_income_4q": null,
            "revenue": 131721,
            "revenue_4q": null,
            "common_shares": 361355,
            "book_valuer_per_share": 39.81,
            "book_valuer_per_share_4q_avg": 39.73,
            "equity": 1439027,
            "current_ratio": 319.73,
            "debt_ratio": 9.31,
            "inventory_turnover_ratio": 0.47,
            "account_receivable_turnover_ratio": 1.64,
            "reinvestment_rate": 170.12,
            "research_to_sale_ratio": 6.52,
            "price_fair": 10.98,
            "eps_avg_yearly": 3.66,
            "eps_latest_yearly": 0.04,
            "eps_growth_yearly": -0.07
        },
        "20183": {
            "year_quarter": 20183,
            "year": 2018,
            "quarter": 3,
            "eps": 0.19,
            "eps_growth_year": -78.89,
            "eps_4q": 2.26,
            "eps_4q_growth_year": -29.51,
            "roe": 0.48,
            "roe_4q": 5.700000000000001,
            "gross_profit": 50772,
            "gross_margin": 30.3,
            "gross_margin_4q_avg": 35.63,
            "net_income": 6864,
            "net_income_4q": null,
            "revenue": 167537,
            "revenue_4q": null,
            "common_shares": 361355,
            "book_valuer_per_share": 40.09,
            "book_valuer_per_share_4q_avg": 39.9,
            "equity": 1449332,
            "current_ratio": 331.68,
            "debt_ratio": 9.11,
            "inventory_turnover_ratio": 0.61,
            "account_receivable_turnover_ratio": 2.22,
            "reinvestment_rate": 186.32,
            "research_to_sale_ratio": 7.88,
            "price_fair": 112.18,
            "eps_avg_yearly": 3.21,
            "eps_latest_yearly": 0.76,
            "eps_growth_yearly": 443.71
        },
        "20184": {
            "year_quarter": 20184,
            "year": 2018,
            "quarter": 4,
            "eps": 0.14,
            "eps_growth_year": -86.13,
            "eps_4q": 1.42,
            "eps_4q_growth_year": -60.04,
            "roe": 0.34,
            "roe_4q": 3.5700000000000003,
            "gross_profit": 52788,
            "gross_margin": 33.05,
            "gross_margin_4q_avg": 34.89,
            "net_income": 4923,
            "net_income_4q": null,
            "revenue": 159724,
            "revenue_4q": null,
            "common_shares": 362355,
            "book_valuer_per_share": 40.36,
            "book_valuer_per_share_4q_avg": 40.05,
            "equity": 1463202,
            "current_ratio": 602.73,
            "debt_ratio": 5.02,
            "inventory_turnover_ratio": 0.63,
            "account_receivable_turnover_ratio": 2.11,
            "reinvestment_rate": 201.83,
            "research_to_sale_ratio": 7.66,
            "price_fair": 100.63,
            "eps_avg_yearly": 2.88,
            "eps_latest_yearly": 0.56,
            "eps_growth_yearly": 443.98
        },
        "20191": {
            "year_quarter": 20191,
            "year": 2019,
            "quarter": 1,
            "eps": 0.46,
            "eps_growth_year": -57.8,
            "eps_4q": 0.79,
            "eps_4q_growth_year": -81.05,
            "roe": 1.12,
            "roe_4q": 1.9500000000000002,
            "gross_profit": 60268,
            "gross_margin": 33.3,
            "gross_margin_4q_avg": 31.35,
            "net_income": 16482,
            "net_income_4q": null,
            "revenue": 180991,
            "revenue_4q": null,
            "common_shares": 362355,
            "book_valuer_per_share": 40.96,
            "book_valuer_per_share_4q_avg": 40.31,
            "equity": 1484673,
            "current_ratio": 707.93,
            "debt_ratio": 5.26,
            "inventory_turnover_ratio": 0.77,
            "account_receivable_turnover_ratio": 2.32,
            "reinvestment_rate": 214.13,
            "research_to_sale_ratio": 4.74,
            "price_fair": 90.13,
            "eps_avg_yearly": 2.58,
            "eps_latest_yearly": 1.84,
            "eps_growth_yearly": 497.69
        },
        "20192": {
            "year_quarter": 20192,
            "year": 2019,
            "quarter": 2,
            "eps": 0.46,
            "eps_growth_year": 4500,
            "eps_4q": 1.23,
            "eps_4q_growth_year": -58.6,
            "roe": 1.13,
            "roe_4q": 3.07,
            "gross_profit": 60240,
            "gross_margin": 35.63,
            "gross_margin_4q_avg": 33.07,
            "net_income": 16774,
            "net_income_4q": null,
            "revenue": 169059,
            "revenue_4q": null,
            "common_shares": 365355,
            "book_valuer_per_share": 40.41,
            "book_valuer_per_share_4q_avg": 40.46,
            "equity": 1477121,
            "current_ratio": 432.89,
            "debt_ratio": 7.63,
            "inventory_turnover_ratio": 0.71,
            "account_receivable_turnover_ratio": 2.02,
            "reinvestment_rate": 230.82,
            "research_to_sale_ratio": 6.12,
            "price_fair": 85.58,
            "eps_avg_yearly": 2.45,
            "eps_latest_yearly": 1.84,
            "eps_growth_yearly": 507.93
        },
        "20193": {
            "year_quarter": 20193,
            "year": 2019,
            "quarter": 3,
            "eps": 0.58,
            "eps_growth_year": 205.26,
            "eps_4q": 1.63,
            "eps_4q_growth_year": -28.17,
            "roe": 1.43,
            "roe_4q": 4.02,
            "gross_profit": 63950,
            "gross_margin": 34.8,
            "gross_margin_4q_avg": 34.2,
            "net_income": 21253,
            "net_income_4q": null,
            "revenue": 183739,
            "revenue_4q": null,
            "common_shares": 365355,
            "book_valuer_per_share": 41,
            "book_valuer_per_share_4q_avg": 40.68,
            "equity": 1498441,
            "current_ratio": 441.99,
            "debt_ratio": 7.62,
            "inventory_turnover_ratio": 0.72,
            "account_receivable_turnover_ratio": 2.31,
            "reinvestment_rate": 144.03,
            "research_to_sale_ratio": 3.88,
            "price_fair": 86.45,
            "eps_avg_yearly": 2.47,
            "eps_latest_yearly": 2.32,
            "eps_growth_yearly": 527.21
        },
        "20194": {
            "year_quarter": 20194,
            "year": 2019,
            "quarter": 4,
            "eps": 0.41,
            "eps_growth_year": 198.93,
            "eps_4q": 1.9,
            "eps_4q_growth_year": 33.75,
            "roe": 1,
            "roe_4q": 4.68,
            "gross_profit": 53301,
            "gross_margin": 29.85,
            "gross_margin_4q_avg": 33.4,
            "net_income": 14796,
            "net_income_4q": null,
            "revenue": 178559,
            "revenue_4q": null,
            "common_shares": 365355,
            "book_valuer_per_share": 40.02,
            "book_valuer_per_share_4q_avg": 40.6,
            "equity": 1462908,
            "current_ratio": 714.62,
            "debt_ratio": 4.69,
            "inventory_turnover_ratio": 0.76,
            "account_receivable_turnover_ratio": 2.12,
            "reinvestment_rate": 137.05,
            "research_to_sale_ratio": 4.93,
            "price_fair": 86.1,
            "eps_avg_yearly": 2.46,
            "eps_latest_yearly": 1.64,
            "eps_growth_yearly": 521.45
        },
        "20201": {
            "year_quarter": 20201,
            "year": 2020,
            "quarter": 1,
            "eps": 0.06,
            "eps_growth_year": -86.96,
            "eps_4q": 1.51,
            "eps_4q_growth_year": 91.53,
            "roe": 0.15,
            "roe_4q": 3.71,
            "gross_profit": 42567,
            "gross_margin": 28.29,
            "gross_margin_4q_avg": 32.14,
            "net_income": 2238,
            "net_income_4q": null,
            "revenue": 150488,
            "revenue_4q": null,
            "common_shares": 365355,
            "book_valuer_per_share": 39.45,
            "book_valuer_per_share_4q_avg": 40.22,
            "equity": 1441902,
            "current_ratio": 457.93,
            "debt_ratio": 6.81,
            "inventory_turnover_ratio": 0.71,
            "account_receivable_turnover_ratio": 1.78,
            "reinvestment_rate": 155.61,
            "research_to_sale_ratio": 6.04,
            "price_fair": 80.59,
            "eps_avg_yearly": 2.3,
            "eps_latest_yearly": 0.24,
            "eps_growth_yearly": 486.77
        },
        "20202": {
            "year_quarter": 20202,
            "year": 2020,
            "quarter": 2,
            "eps": -0.22,
            "eps_growth_year": -147.83,
            "eps_4q": 0.84,
            "eps_4q_growth_year": -31.58,
            "roe": -0.56,
            "roe_4q": 2.02,
            "gross_profit": 30880,
            "gross_margin": 19.17,
            "gross_margin_4q_avg": 28.03,
            "net_income": -7907,
            "net_income_4q": null,
            "revenue": 161082,
            "revenue_4q": null,
            "common_shares": 365325,
            "book_valuer_per_share": 38.3,
            "book_valuer_per_share_4q_avg": 39.69,
            "equity": 1379471,
            "current_ratio": 364.95,
            "debt_ratio": 9.45,
            "inventory_turnover_ratio": 0.88,
            "account_receivable_turnover_ratio": 2.13,
            "reinvestment_rate": 172.39,
            "research_to_sale_ratio": 5.7,
            "price_fair": 76.16,
            "eps_avg_yearly": 2.18,
            "eps_latest_yearly": 0.24,
            "eps_growth_yearly": 505.31
        },
        "20203": {
            "year_quarter": 20203,
            "year": 2020,
            "quarter": 3,
            "eps": 0.61,
            "eps_growth_year": 5.17,
            "eps_4q": 0.86,
            "eps_4q_growth_year": -47.09,
            "roe": 1.59,
            "roe_4q": 2.1799999999999997,
            "gross_profit": 57365,
            "gross_margin": 32.89,
            "gross_margin_4q_avg": 27.55,
            "net_income": 21867,
            "net_income_4q": null,
            "revenue": 174392,
            "revenue_4q": null,
            "common_shares": 365181,
            "book_valuer_per_share": 38.22,
            "book_valuer_per_share_4q_avg": 39,
            "equity": 1376757,
            "current_ratio": 369.18,
            "debt_ratio": 9.41,
            "inventory_turnover_ratio": 0.79,
            "account_receivable_turnover_ratio": 1.95,
            "reinvestment_rate": 170.01,
            "research_to_sale_ratio": 4.96,
            "price_fair": 75.9,
            "eps_avg_yearly": 2.17,
            "eps_latest_yearly": 0.24,
            "eps_growth_yearly": 554.47
        },
        "20204": {
            "year_quarter": 20204,
            "year": 2020,
            "quarter": 4,
            "eps": 1.38,
            "eps_growth_year": 240.89,
            "eps_4q": 1.83,
            "eps_4q_growth_year": -3.49,
            "roe": 3.58,
            "roe_4q": 4.76,
            "gross_profit": 74980,
            "gross_margin": 41.39,
            "gross_margin_4q_avg": 30.44,
            "net_income": 49725,
            "net_income_4q": null,
            "revenue": 181147,
            "revenue_4q": null,
            "common_shares": 365181,
            "book_valuer_per_share": 38.84,
            "book_valuer_per_share_4q_avg": 38.7,
            "equity": 1399082,
            "current_ratio": 605.52,
            "debt_ratio": 5.37,
            "inventory_turnover_ratio": 0.67,
            "account_receivable_turnover_ratio": 1.38,
            "reinvestment_rate": 115.55,
            "research_to_sale_ratio": 4.42,
            "price_fair": 83.3,
            "eps_avg_yearly": 2.38,
            "eps_latest_yearly": 5.52,
            "eps_growth_yearly": 587.02
        },
        "20211": {
            "year_quarter": 20211,
            "year": 2021,
            "quarter": 1,
            "eps": 0.05,
            "eps_growth_year": -16.67,
            "eps_4q": 1.82,
            "eps_4q_growth_year": 20.86,
            "roe": 0.14,
            "roe_4q": 4.75,
            "gross_profit": 40368,
            "gross_margin": 26.56,
            "gross_margin_4q_avg": 30,
            "net_income": 1922,
            "net_income_4q": null,
            "revenue": 151982,
            "revenue_4q": null,
            "common_shares": 365181,
            "book_valuer_per_share": 38,
            "book_valuer_per_share_4q_avg": 38.34,
            "equity": 1368922,
            "current_ratio": 469.35,
            "debt_ratio": 6.74,
            "inventory_turnover_ratio": 0.7,
            "account_receivable_turnover_ratio": 1.14,
            "reinvestment_rate": 105.57,
            "research_to_sale_ratio": 5.54,
            "price_fair": 78.9,
            "eps_avg_yearly": 2.25,
            "eps_latest_yearly": 0.2,
            "eps_growth_yearly": 566.18
        },
        "20212": {
            "year_quarter": 20212,
            "year": 2021,
            "quarter": 2,
            "eps": 0.71,
            "eps_growth_year": null,
            "eps_4q": 2.75,
            "eps_4q_growth_year": 225.85,
            "roe": 1.86,
            "roe_4q": 7.17,
            "gross_profit": 62714,
            "gross_margin": 33.11,
            "gross_margin_4q_avg": 33.49,
            "net_income": 25341,
            "net_income_4q": null,
            "revenue": 189398,
            "revenue_4q": null,
            "common_shares": 365181,
            "book_valuer_per_share": 37.8,
            "book_valuer_per_share_4q_avg": 38.22,
            "equity": 1361647,
            "current_ratio": 412.24,
            "debt_ratio": 8.19,
            "inventory_turnover_ratio": 0.83,
            "account_receivable_turnover_ratio": 1.36,
            "reinvestment_rate": 22.48,
            "research_to_sale_ratio": 5.47,
            "price_fair": 74.2,
            "eps_avg_yearly": 2.12,
            "eps_latest_yearly": 2.84,
            "eps_growth_yearly": 903.09
        },
        "20213": {
            "year_quarter": 20213,
            "year": 2021,
            "quarter": 3,
            "eps": 0.95,
            "eps_growth_year": 55.74,
            "eps_4q": 3.08,
            "eps_4q_growth_year": 258.51,
            "roe": 2.47,
            "roe_4q": 8.05,
            "gross_profit": 70687,
            "gross_margin": 37.96,
            "gross_margin_4q_avg": 34.76,
            "net_income": 34006,
            "net_income_4q": null,
            "revenue": 186193,
            "revenue_4q": null,
            "common_shares": 365145,
            "book_valuer_per_share": 38.76,
            "book_valuer_per_share_4q_avg": 38.35,
            "equity": 1396096,
            "current_ratio": 462.53,
            "debt_ratio": 7.79,
            "inventory_turnover_ratio": 0.76,
            "account_receivable_turnover_ratio": 1.1,
            "reinvestment_rate": -13.14,
            "research_to_sale_ratio": 4.86,
            "price_fair": 74.7,
            "eps_avg_yearly": 2.13,
            "eps_latest_yearly": 3.8,
            "eps_growth_yearly": 919.53
        },
        "20214": {
            "year_quarter": 20214,
            "year": 2021,
            "quarter": 4,
            "eps": 0.72,
            "eps_growth_year": -47.75,
            "eps_4q": 2.4,
            "eps_4q_growth_year": 31.15,
            "roe": 1.85,
            "roe_4q": 6.32,
            "gross_profit": 90357,
            "gross_margin": 39.93,
            "gross_margin_4q_avg": 34.39,
            "net_income": 26334,
            "net_income_4q": null,
            "revenue": 226302,
            "revenue_4q": null,
            "common_shares": 365145,
            "book_valuer_per_share": 39.78,
            "book_valuer_per_share_4q_avg": 38.59,
            "equity": 1453297,
            "current_ratio": 566.12,
            "debt_ratio": 7.15,
            "inventory_turnover_ratio": 0.91,
            "account_receivable_turnover_ratio": 1.4,
            "reinvestment_rate": -27.39,
            "research_to_sale_ratio": 4.29,
            "price_fair": 72.1,
            "eps_avg_yearly": 2.06,
            "eps_latest_yearly": 2.88,
            "eps_growth_yearly": 910.07
        },
        "20221": {
            "year_quarter": 20221,
            "year": 2022,
            "quarter": 1,
            "eps": 1.16,
            "eps_growth_year": 2220,
            "eps_4q": 3.5,
            "eps_4q_growth_year": 92.31,
            "roe": 2.86,
            "roe_4q": 9.04,
            "gross_profit": 100117,
            "gross_margin": 45.52,
            "gross_margin_4q_avg": 39.13,
            "net_income": 42095,
            "net_income_4q": null,
            "revenue": 219949,
            "revenue_4q": null,
            "common_shares": 365145,
            "book_valuer_per_share": 40.85,
            "book_valuer_per_share_4q_avg": 39.3,
            "equity": 1492357,
            "current_ratio": 406.17,
            "debt_ratio": 9.76,
            "inventory_turnover_ratio": 0.79,
            "account_receivable_turnover_ratio": 1.49,
            "reinvestment_rate": -9.97,
            "research_to_sale_ratio": 5.28,
            "price_fair": 72.8,
            "eps_avg_yearly": 2.08,
            "eps_latest_yearly": 4.64,
            "eps_growth_yearly": 924.33
        },
        "20222": {
            "year_quarter": 20222,
            "year": 2022,
            "quarter": 2,
            "eps": 1.65,
            "eps_growth_year": 132.39,
            "eps_4q": 4.45,
            "eps_4q_growth_year": 62.08,
            "roe": 3.86,
            "roe_4q": 11.040000000000001,
            "gross_profit": 111695,
            "gross_margin": 44.52,
            "gross_margin_4q_avg": 41.98,
            "net_income": 59991,
            "net_income_4q": null,
            "revenue": 250890,
            "revenue_4q": null,
            "common_shares": 365109,
            "book_valuer_per_share": 44.15,
            "book_valuer_per_share_4q_avg": 40.89,
            "equity": 1612708,
            "current_ratio": 429.54,
            "debt_ratio": 9.93,
            "inventory_turnover_ratio": 0.89,
            "account_receivable_turnover_ratio": 1.62,
            "reinvestment_rate": -17.76,
            "research_to_sale_ratio": 4.39,
            "price_fair": 89.2,
            "eps_avg_yearly": 2.55,
            "eps_latest_yearly": 6.6,
            "eps_growth_yearly": 964.7
        },
        "20223": {
            "year_quarter": 20223,
            "year": 2022,
            "quarter": 3,
            "eps": 0.62,
            "eps_growth_year": -34.74,
            "eps_4q": 4.13,
            "eps_4q_growth_year": 33.99,
            "roe": 1.33,
            "roe_4q": 9.899999999999999,
            "gross_profit": 71730,
            "gross_margin": 34,
            "gross_margin_4q_avg": 40.99,
            "net_income": 22334,
            "net_income_4q": null,
            "revenue": 211000,
            "revenue_4q": null,
            "common_shares": 365109,
            "book_valuer_per_share": 47.94,
            "book_valuer_per_share_4q_avg": 43.18,
            "equity": 1750989,
            "current_ratio": 397.01,
            "debt_ratio": 9.87,
            "inventory_turnover_ratio": 0.8,
            "account_receivable_turnover_ratio": 1.29,
            "reinvestment_rate": 28.52,
            "research_to_sale_ratio": 5.78,
            "price_fair": 93.5,
            "eps_avg_yearly": 2.67,
            "eps_latest_yearly": 2.48,
            "eps_growth_yearly": 432.58
        },
        "20224": {
            "year_quarter": 20224,
            "year": 2022,
            "quarter": 4,
            "eps": 0.91,
            "eps_growth_year": 25.58,
            "eps_4q": 4.29,
            "eps_4q_growth_year": 78.89,
            "roe": 1.92,
            "roe_4q": 9.969999999999999,
            "gross_profit": 66630,
            "gross_margin": 31.62,
            "gross_margin_4q_avg": 38.92,
            "net_income": 33335,
            "net_income_4q": null,
            "revenue": 210694,
            "revenue_4q": null,
            "common_shares": 367684,
            "book_valuer_per_share": 46.95,
            "book_valuer_per_share_4q_avg": 44.97,
            "equity": 1726372,
            "current_ratio": 544.77,
            "debt_ratio": 6.83,
            "inventory_turnover_ratio": 0.7,
            "account_receivable_turnover_ratio": 1.42,
            "reinvestment_rate": 22.08,
            "research_to_sale_ratio": 3.32,
            "price_fair": 101.2,
            "eps_avg_yearly": 2.89,
            "eps_latest_yearly": 3.64,
            "eps_growth_yearly": 453.47
        },
        "20231": {
            "year_quarter": 20231,
            "year": 2023,
            "quarter": 1,
            "eps": 0.01,
            "eps_growth_year": -99.14,
            "eps_4q": 3.16,
            "eps_4q_growth_year": -9.78,
            "roe": 0.02,
            "roe_4q": 7.13,
            "gross_profit": 36893,
            "gross_margin": 24.94,
            "gross_margin_4q_avg": 33.77,
            "net_income": 398,
            "net_income_4q": null,
            "revenue": 147904,
            "revenue_4q": null,
            "common_shares": 367684,
            "book_valuer_per_share": 44.65,
            "book_valuer_per_share_4q_avg": 45.92,
            "equity": 1641178,
            "current_ratio": 359.89,
            "debt_ratio": 9.83,
            "inventory_turnover_ratio": 0.48,
            "account_receivable_turnover_ratio": 1.25,
            "reinvestment_rate": 25.23,
            "research_to_sale_ratio": 7.14,
            "price_fair": 96.7,
            "eps_avg_yearly": 2.76,
            "eps_latest_yearly": 0.04,
            "eps_growth_yearly": 359.9
        },
        "20232": {
            "year_quarter": 20232,
            "year": 2023,
            "quarter": 2,
            "eps": -0.55,
            "eps_growth_year": -133.33,
            "eps_4q": 0.97,
            "eps_4q_growth_year": -78.1,
            "roe": -1.22,
            "roe_4q": 2.05,
            "gross_profit": 18618,
            "gross_margin": 13.5,
            "gross_margin_4q_avg": 26.02,
            "net_income": -20197,
            "net_income_4q": null,
            "revenue": 137865,
            "revenue_4q": null,
            "common_shares": 367857,
            "book_valuer_per_share": 45.17,
            "book_valuer_per_share_4q_avg": 46.18,
            "equity": 1662190,
            "current_ratio": 366.27,
            "debt_ratio": 9.01,
            "inventory_turnover_ratio": 0.47,
            "account_receivable_turnover_ratio": 1.26,
            "reinvestment_rate": 30.7,
            "research_to_sale_ratio": 7.65,
            "price_fair": 99.18,
            "eps_avg_yearly": 2.83,
            "eps_latest_yearly": 0.04,
            "eps_growth_yearly": 387.59
        },
        "20233": {
            "year_quarter": 20233,
            "year": 2023,
            "quarter": 3,
            "eps": 1.22,
            "eps_growth_year": 96.77,
            "eps_4q": 1.58,
            "eps_4q_growth_year": -61.79,
            "roe": 2.59,
            "roe_4q": 3.3099999999999996,
            "gross_profit": 63707,
            "gross_margin": 31.26,
            "gross_margin_4q_avg": 25.33,
            "net_income": 44554,
            "net_income_4q": null,
            "revenue": 203809,
            "revenue_4q": null,
            "common_shares": 367857,
            "book_valuer_per_share": 48.19,
            "book_valuer_per_share_4q_avg": 46.24,
            "equity": 1773310,
            "current_ratio": 437.25,
            "debt_ratio": 7.6,
            "inventory_turnover_ratio": 0.56,
            "account_receivable_turnover_ratio": 1.55,
            "reinvestment_rate": 44.1,
            "research_to_sale_ratio": 5.56,
            "price_fair": 100.68,
            "eps_avg_yearly": 2.88,
            "eps_latest_yearly": 0.04,
            "eps_growth_yearly": 411.19
        },
        "20234": {
            "year_quarter": 20234,
            "year": 2023,
            "quarter": 4,
            "eps": -0.45,
            "eps_growth_year": -149.24,
            "eps_4q": 0.23,
            "eps_4q_growth_year": -94.72,
            "roe": -0.95,
            "roe_4q": 0.43999999999999995,
            "gross_profit": 35329,
            "gross_margin": 20.45,
            "gross_margin_4q_avg": 22.54,
            "net_income": -16395,
            "net_income_4q": null,
            "revenue": 172777,
            "revenue_4q": null,
            "common_shares": 367857,
            "book_valuer_per_share": 45.14,
            "book_valuer_per_share_4q_avg": 45.79,
            "equity": 1661255,
            "current_ratio": 249.67,
            "debt_ratio": 14.9,
            "inventory_turnover_ratio": 0.58,
            "account_receivable_turnover_ratio": 1.41,
            "reinvestment_rate": 43.06,
            "research_to_sale_ratio": 7.53,
            "price_fair": 104.62,
            "eps_avg_yearly": 2.99,
            "eps_latest_yearly": 0.04,
            "eps_growth_yearly": 459.23
        }
    },
    "months": {
        "2013-07": {
            "month": "2013-07",
            "price": "76.17",
            "revenue": 53316
        },
        "2013-08": {
            "month": "2013-08",
            "price": "76.48",
            "revenue": 42038
        },
        "2013-09": {
            "month": "2013-09",
            "price": "64.20",
            "revenue": 39972
        },
        "2013-10": {
            "month": "2013-10",
            "price": "56.41",
            "revenue": 41443
        },
        "2013-11": {
            "month": "2013-11",
            "price": "55.35",
            "revenue": 42205
        },
        "2013-12": {
            "month": "2013-12",
            "price": "63.65",
            "revenue": 49357
        },
        "2014-01": {
            "month": "2014-01",
            "price": "66.44",
            "revenue": 43494
        },
        "2014-02": {
            "month": "2014-02",
            "price": "67.56",
            "revenue": 41704
        },
        "2014-03": {
            "month": "2014-03",
            "price": "65.34",
            "revenue": 37670
        },
        "2014-04": {
            "month": "2014-04",
            "price": "60.20",
            "revenue": 38322
        },
        "2014-05": {
            "month": "2014-05",
            "price": "59.77",
            "revenue": 47682
        },
        "2014-06": {
            "month": "2014-06",
            "price": "64.88",
            "revenue": 66779
        },
        "2014-07": {
            "month": "2014-07",
            "price": "73.35",
            "revenue": 64063
        },
        "2014-08": {
            "month": "2014-08",
            "price": "70.17",
            "revenue": 66781
        },
        "2014-09": {
            "month": "2014-09",
            "price": "69.60",
            "revenue": 77736
        },
        "2014-10": {
            "month": "2014-10",
            "price": "64.21",
            "revenue": 54516
        },
        "2014-11": {
            "month": "2014-11",
            "price": "60.42",
            "revenue": 51409
        },
        "2014-12": {
            "month": "2014-12",
            "price": "66.61",
            "revenue": 65793
        },
        "2015-01": {
            "month": "2015-01",
            "price": "72.83",
            "revenue": 66522
        },
        "2015-02": {
            "month": "2015-02",
            "price": "74.30",
            "revenue": 69349
        },
        "2015-03": {
            "month": "2015-03",
            "price": "83.65",
            "revenue": 72253
        },
        "2015-04": {
            "month": "2015-04",
            "price": "88.70",
            "revenue": 76056
        },
        "2015-05": {
            "month": "2015-05",
            "price": "93.47",
            "revenue": 71113
        },
        "2015-06": {
            "month": "2015-06",
            "price": "89.05",
            "revenue": 76931
        },
        "2015-07": {
            "month": "2015-07",
            "price": "91.23",
            "revenue": 81864
        },
        "2015-08": {
            "month": "2015-08",
            "price": "80.60",
            "revenue": 80436
        },
        "2015-09": {
            "month": "2015-09",
            "price": "101.76",
            "revenue": 73383
        },
        "2015-10": {
            "month": "2015-10",
            "price": "118.10",
            "revenue": 73158
        },
        "2015-11": {
            "month": "2015-11",
            "price": "111.74",
            "revenue": 57173
        },
        "2015-12": {
            "month": "2015-12",
            "price": "119.20",
            "revenue": 58458
        },
        "2016-01": {
            "month": "2016-01",
            "price": "119.69",
            "revenue": 71531
        },
        "2016-02": {
            "month": "2016-02",
            "price": "133.38",
            "revenue": 76075
        },
        "2016-03": {
            "month": "2016-03",
            "price": "137.72",
            "revenue": 83627
        },
        "2016-04": {
            "month": "2016-04",
            "price": "136.42",
            "revenue": 87297
        },
        "2016-05": {
            "month": "2016-05",
            "price": "108.51",
            "revenue": 85429
        },
        "2016-06": {
            "month": "2016-06",
            "price": "104.73",
            "revenue": 71894
        },
        "2016-07": {
            "month": "2016-07",
            "price": "104.55",
            "revenue": 76913
        },
        "2016-08": {
            "month": "2016-08",
            "price": "107.22",
            "revenue": 71269
        },
        "2016-09": {
            "month": "2016-09",
            "price": "93.97",
            "revenue": 68898
        },
        "2016-10": {
            "month": "2016-10",
            "price": "81.16",
            "revenue": 66245
        },
        "2016-11": {
            "month": "2016-11",
            "price": "74.77",
            "revenue": 61460
        },
        "2016-12": {
            "month": "2016-12",
            "price": "79.16",
            "revenue": 64338
        },
        "2017-01": {
            "month": "2017-01",
            "price": "83.34",
            "revenue": 68060
        },
        "2017-02": {
            "month": "2017-02",
            "price": "90.81",
            "revenue": 62746
        },
        "2017-03": {
            "month": "2017-03",
            "price": "89.59",
            "revenue": 64173
        },
        "2017-04": {
            "month": "2017-04",
            "price": "83.14",
            "revenue": 66775
        },
        "2017-05": {
            "month": "2017-05",
            "price": "78.73",
            "revenue": 82160
        },
        "2017-06": {
            "month": "2017-06",
            "price": "85.12",
            "revenue": 88446
        },
        "2017-07": {
            "month": "2017-07",
            "price": "88.73",
            "revenue": 81519
        },
        "2017-08": {
            "month": "2017-08",
            "price": "86.28",
            "revenue": 78133
        },
        "2017-09": {
            "month": "2017-09",
            "price": "87.50",
            "revenue": 71870
        },
        "2017-10": {
            "month": "2017-10",
            "price": "85.75",
            "revenue": 70278
        },
        "2017-11": {
            "month": "2017-11",
            "price": "84.45",
            "revenue": 71014
        },
        "2017-12": {
            "month": "2017-12",
            "price": "101.22",
            "revenue": 74269
        },
        "2018-01": {
            "month": "2018-01",
            "price": "106.68",
            "revenue": 69477
        },
        "2018-02": {
            "month": "2018-02",
            "price": "94.26",
            "revenue": 63076
        },
        "2018-03": {
            "month": "2018-03",
            "price": "91.98",
            "revenue": 58611
        },
        "2018-04": {
            "month": "2018-04",
            "price": "88.07",
            "revenue": 48848
        },
        "2018-05": {
            "month": "2018-05",
            "price": "86.12",
            "revenue": 31899
        },
        "2018-06": {
            "month": "2018-06",
            "price": "84.23",
            "revenue": 51263
        },
        "2018-07": {
            "month": "2018-07",
            "price": "76.70",
            "revenue": 55087
        },
        "2018-08": {
            "month": "2018-08",
            "price": "65.73",
            "revenue": 58738
        },
        "2018-09": {
            "month": "2018-09",
            "price": "58.86",
            "revenue": 53706
        },
        "2018-10": {
            "month": "2018-10",
            "price": "49.53",
            "revenue": 61502
        },
        "2018-11": {
            "month": "2018-11",
            "price": "45.03",
            "revenue": 48952
        },
        "2018-12": {
            "month": "2018-12",
            "price": "51.40",
            "revenue": 49306
        },
        "2019-01": {
            "month": "2019-01",
            "price": "50.50",
            "revenue": 65778
        },
        "2019-02": {
            "month": "2019-02",
            "price": "59.78",
            "revenue": 52534
        },
        "2019-03": {
            "month": "2019-03",
            "price": "62.68",
            "revenue": 62655
        },
        "2019-04": {
            "month": "2019-04",
            "price": "66.38",
            "revenue": 48408
        },
        "2019-05": {
            "month": "2019-05",
            "price": "60.47",
            "revenue": 64416
        },
        "2019-06": {
            "month": "2019-06",
            "price": "59.27",
            "revenue": 56876
        },
        "2019-07": {
            "month": "2019-07",
            "price": "61.86",
            "revenue": 65229
        },
        "2019-08": {
            "month": "2019-08",
            "price": "61.53",
            "revenue": 59968
        },
        "2019-09": {
            "month": "2019-09",
            "price": "66.49",
            "revenue": 58069
        },
        "2019-10": {
            "month": "2019-10",
            "price": "64.42",
            "revenue": 67325
        },
        "2019-11": {
            "month": "2019-11",
            "price": "68.02",
            "revenue": 53466
        },
        "2019-12": {
            "month": "2019-12",
            "price": "64.08",
            "revenue": 57656
        },
        "2020-01": {
            "month": "2020-01",
            "price": "62.37",
            "revenue": 49313
        },
        "2020-02": {
            "month": "2020-02",
            "price": "56.07",
            "revenue": 45219
        },
        "2020-03": {
            "month": "2020-03",
            "price": "43.10",
            "revenue": 55946
        },
        "2020-04": {
            "month": "2020-04",
            "price": "47.34",
            "revenue": 57783
        },
        "2020-05": {
            "month": "2020-05",
            "price": "54.76",
            "revenue": 55454
        },
        "2020-06": {
            "month": "2020-06",
            "price": "56.18",
            "revenue": 47940
        },
        "2020-07": {
            "month": "2020-07",
            "price": "52.75",
            "revenue": 56734
        },
        "2020-08": {
            "month": "2020-08",
            "price": "50.43",
            "revenue": 66126
        },
        "2020-09": {
            "month": "2020-09",
            "price": "52.46",
            "revenue": 51669
        },
        "2020-10": {
            "month": "2020-10",
            "price": "50.23",
            "revenue": 51734
        },
        "2020-11": {
            "month": "2020-11",
            "price": "50.31",
            "revenue": 52221
        },
        "2020-12": {
            "month": "2020-12",
            "price": "52.47",
            "revenue": 76933
        },
        "2021-01": {
            "month": "2021-01",
            "price": "53.32",
            "revenue": 62211
        },
        "2021-02": {
            "month": "2021-02",
            "price": "52.71",
            "revenue": 39170
        },
        "2021-03": {
            "month": "2021-03",
            "price": "51.47",
            "revenue": 50610
        },
        "2021-04": {
            "month": "2021-04",
            "price": "58.51",
            "revenue": 57482
        },
        "2021-05": {
            "month": "2021-05",
            "price": "51.34",
            "revenue": 63005
        },
        "2021-06": {
            "month": "2021-06",
            "price": "54.47",
            "revenue": 68814
        },
        "2021-07": {
            "month": "2021-07",
            "price": "57.05",
            "revenue": 58275
        },
        "2021-08": {
            "month": "2021-08",
            "price": "55.95",
            "revenue": 59858
        },
        "2021-09": {
            "month": "2021-09",
            "price": "58.67",
            "revenue": 67960
        },
        "2021-10": {
            "month": "2021-10",
            "price": "67.58",
            "revenue": 71177
        },
        "2021-11": {
            "month": "2021-11",
            "price": "77.89",
            "revenue": 74341
        },
        "2021-12": {
            "month": "2021-12",
            "price": "71.51",
            "revenue": 80797
        },
        "2022-01": {
            "month": "2022-01",
            "price": "67.53",
            "revenue": 72519
        },
        "2022-02": {
            "month": "2022-02",
            "price": "65.91",
            "revenue": 69159
        },
        "2022-03": {
            "month": "2022-03",
            "price": "73.48",
            "revenue": 78376
        },
        "2022-04": {
            "month": "2022-04",
            "price": "74.87",
            "revenue": 81554
        },
        "2022-05": {
            "month": "2022-05",
            "price": "78.31",
            "revenue": 86254
        },
        "2022-06": {
            "month": "2022-06",
            "price": "75.50",
            "revenue": 83050
        },
        "2022-07": {
            "month": "2022-07",
            "price": "67.76",
            "revenue": 61171
        },
        "2022-08": {
            "month": "2022-08",
            "price": "71.22",
            "revenue": 72285
        },
        "2022-09": {
            "month": "2022-09",
            "price": "68.15",
            "revenue": 77813
        },
        "2022-10": {
            "month": "2022-10",
            "price": "59.79",
            "revenue": 76317
        },
        "2022-11": {
            "month": "2022-11",
            "price": "59.72",
            "revenue": 58220
        },
        "2022-12": {
            "month": "2022-12",
            "price": "55.51",
            "revenue": 76087
        },
        "2023-01": {
            "month": "2023-01",
            "price": "54.56",
            "revenue": 52493
        },
        "2023-02": {
            "month": "2023-02",
            "price": "57.04",
            "revenue": 53266
        },
        "2023-03": {
            "month": "2023-03",
            "price": "58.60",
            "revenue": 42077
        },
        "2023-04": {
            "month": "2023-04",
            "price": "66.45",
            "revenue": 33744
        },
        "2023-05": {
            "month": "2023-05",
            "price": "58.32",
            "revenue": 50182
        },
        "2023-06": {
            "month": "2023-06",
            "price": "58.86",
            "revenue": 53996
        },
        "2023-07": {
            "month": "2023-07",
            "price": "59.18",
            "revenue": 67983
        },
        "2023-08": {
            "month": "2023-08",
            "price": "56.72",
            "revenue": 60237
        },
        "2023-09": {
            "month": "2023-09",
            "price": "58.84",
            "revenue": 75620
        },
        "2023-10": {
            "month": "2023-10",
            "price": "56.24",
            "revenue": 63810
        },
        "2023-11": {
            "month": "2023-11",
            "price": "58.69",
            "revenue": 62732
        },
        "2023-12": {
            "month": "2023-12",
            "price": "62.64",
            "revenue": 46563
        }
    }
}
