{
    "summary": {
        "stock_name": "湯石照明",
        "stock_id": "4972",
        "category": "光電",
        "main_business": "專業商用照明燈具設計及製造",
        "website_url": "http://www.tonslight.com/",
        "ceo": "洪家政",
        "pe_ratio": 35,
        "report_year_from": 2008,
        "report_year_to": 2023,
        "age": 16,
        "eps_negative_percentage": 0,
        "eps_growth_avg": {
            "last_all": -1.81,
            "last_2y": -22.8,
            "last_4y": -17.48,
            "last_8y": -9.35,
            "last_12y": null,
            "last_16y": null,
            "last_20y": null,
            "at_2006_last_3y": null,
            "at_2007_last_3y": null,
            "at_2008_last_3y": null,
            "at_2009_last_3y": null,
            "at_2010_last_3y": null,
            "at_2011_last_3y": null,
            "at_2012_last_3y": null,
            "at_2013_last_3y": null,
            "at_2014_last_3y": null,
            "at_2015_last_3y": null,
            "at_2016_last_3y": 21.7,
            "at_2017_last_3y": 10.8,
            "at_2018_last_3y": 0.82,
            "at_2019_last_3y": -8.19,
            "at_2020_last_3y": -9.58,
            "at_2021_last_3y": -4,
            "at_2022_last_3y": -12.03,
            "at_2023_last_3y": -22.23,
            "at_2024_last_3y": -22.23,
            "at_2006_last_all": null,
            "at_2007_last_all": null,
            "at_2008_last_all": null,
            "at_2009_last_all": null,
            "at_2010_last_all": null,
            "at_2011_last_all": null,
            "at_2012_last_all": null,
            "at_2013_last_all": null,
            "at_2014_last_all": 32.11,
            "at_2015_last_all": 33.92,
            "at_2016_last_all": 21.7,
            "at_2017_last_all": 16.19,
            "at_2018_last_all": 11.25,
            "at_2019_last_all": 9.86,
            "at_2020_last_all": 6.06,
            "at_2021_last_all": 7.21,
            "at_2022_last_all": 1.94,
            "at_2023_last_all": -1.81,
            "at_2024_last_all": -1.81
        },
        "latest_eps": 0.85,
        "latest_price": 29.4,
        "latest_roe": 3.58,
        "latest_gross_margin": 31.14,
        "latest_equity": 1609843,
        "latest_revenue": 276743,
        "latest_gross_profit": 86190,
        "latest_net_income": 52877,
        "latest_debt_ratio": 26.52,
        "latest_current_ratio": 287.22,
        "latest_account_receivable_turnover_ratio": 1.5,
        "latest_inventory_turnover_ratio": 1.45,
        "latest_reinvestment_rate": 32.95,
        "latest_research_to_sale_ratio": 6.94
    },
    "eps_dividends": {
        "2001": {
            "cash": 0,
            "stock": 0,
            "eps": 0
        },
        "2002": {
            "cash": 0,
            "stock": 0,
            "eps": 0
        },
        "2003": {
            "cash": 0,
            "stock": 0,
            "eps": 0
        },
        "2004": {
            "cash": 0,
            "stock": 0,
            "eps": 0
        },
        "2005": {
            "cash": 0,
            "stock": 0,
            "eps": 0
        },
        "2006": {
            "cash": 0,
            "stock": 0,
            "eps": 0
        },
        "2007": {
            "cash": 0,
            "stock": 0,
            "eps": 0
        },
        "2008": {
            "cash": 0,
            "stock": 0,
            "eps": 0
        },
        "2009": {
            "cash": 0,
            "stock": 0,
            "eps": 0
        },
        "2010": {
            "cash": 0,
            "stock": 0,
            "eps": 0
        },
        "2011": {
            "cash": 0.7,
            "stock": 0.6,
            "eps": 0
        },
        "2012": {
            "cash": 1,
            "stock": 0.6,
            "eps": 1.59
        },
        "2013": {
            "cash": 1.06,
            "stock": 0.53,
            "eps": 2.19
        },
        "2014": {
            "cash": 1.5,
            "stock": 0.3,
            "eps": 2.77
        },
        "2015": {
            "cash": 1.8,
            "stock": 0.3,
            "eps": 3.81
        },
        "2016": {
            "cash": 2.8,
            "stock": 0.2,
            "eps": 3.24
        },
        "2017": {
            "cash": 2.6,
            "stock": 0.1,
            "eps": 3.05
        },
        "2018": {
            "cash": 2.3,
            "stock": 0,
            "eps": 2.64
        },
        "2019": {
            "cash": 2.3,
            "stock": 0,
            "eps": 2.68
        },
        "2020": {
            "cash": 2.15,
            "stock": 0,
            "eps": 2.13
        },
        "2021": {
            "cash": 2.4,
            "stock": 0,
            "eps": 2.48
        },
        "2022": {
            "cash": 2.1,
            "stock": 0,
            "eps": 1.35
        },
        "2023": {
            "cash": 1.62,
            "stock": 0,
            "eps": 0.82
        },
        "2024": {
            "cash": 0.7,
            "stock": 0,
            "eps": 0
        }
    },
    "dividends": {
        "2011-04-06": {
            "cash": 0.7,
            "stock": 0.6
        },
        "2012-06-20": {
            "cash": 1,
            "stock": 0.6
        },
        "2013-06-10": {
            "cash": 1.06,
            "stock": 0.53
        },
        "2014-09-05": {
            "cash": 1.5,
            "stock": 0.3
        },
        "2015-08-19": {
            "cash": 1.8,
            "stock": 0.3
        },
        "2016-08-29": {
            "cash": 2.8,
            "stock": 0.2
        },
        "2017-08-23": {
            "cash": 2.6,
            "stock": 0.1
        },
        "2018-07-20": {
            "cash": 2.3,
            "stock": 0
        },
        "2019-07-19": {
            "cash": 2.3,
            "stock": 0
        },
        "2020-07-17": {
            "cash": 2.15,
            "stock": 0
        },
        "2021-07-16": {
            "cash": 2.4,
            "stock": 0
        },
        "2022-07-18": {
            "cash": 2.1,
            "stock": 0
        },
        "2023-04-20": {
            "cash": 1.62,
            "stock": 0
        },
        "2024-04-26": {
            "cash": 0.7,
            "stock": 0
        }
    },
    "prices": {
        "200101": "無",
        "200102": "無",
        "200103": "無",
        "200104": "無",
        "200105": "無",
        "200106": "無",
        "200107": "無",
        "200108": "無",
        "200109": "無",
        "200110": "無",
        "200111": "無",
        "200112": "無",
        "200201": "無",
        "200202": "無",
        "200203": "無",
        "200204": "無",
        "200205": "無",
        "200206": "無",
        "200207": "無",
        "200208": "無",
        "200209": "無",
        "200210": "無",
        "200211": "無",
        "200212": "無",
        "200301": "無",
        "200302": "無",
        "200303": "無",
        "200304": "無",
        "200305": "無",
        "200306": "無",
        "200307": "無",
        "200308": "無",
        "200309": "無",
        "200310": "無",
        "200311": "無",
        "200312": "無",
        "200401": "無",
        "200402": "無",
        "200403": "無",
        "200404": "無",
        "200405": "無",
        "200406": "無",
        "200407": "無",
        "200408": "無",
        "200409": "無",
        "200410": "無",
        "200411": "無",
        "200412": "無",
        "200501": "無",
        "200502": "無",
        "200503": "無",
        "200504": "無",
        "200505": "無",
        "200506": "無",
        "200507": "無",
        "200508": "無",
        "200509": "無",
        "200510": "無",
        "200511": "無",
        "200512": "無",
        "200601": "無",
        "200602": "無",
        "200603": "無",
        "200604": "無",
        "200605": "無",
        "200606": "無",
        "200607": "無",
        "200608": "無",
        "200609": "無",
        "200610": "無",
        "200611": "無",
        "200612": "無",
        "200701": "無",
        "200702": "無",
        "200703": "無",
        "200704": "無",
        "200705": "無",
        "200706": "無",
        "200707": "無",
        "200708": "無",
        "200709": "無",
        "200710": "無",
        "200711": "無",
        "200712": "無",
        "200801": "無",
        "200802": "無",
        "200803": "無",
        "200804": "無",
        "200805": "無",
        "200806": "無",
        "200807": "無",
        "200808": "無",
        "200809": "無",
        "200810": "無",
        "200811": "無",
        "200812": "無",
        "200901": "無",
        "200902": "無",
        "200903": "無",
        "200904": "無",
        "200905": "無",
        "200906": "無",
        "200907": "無",
        "200908": "無",
        "200909": "無",
        "200910": "無",
        "200911": "無",
        "200912": "無",
        "201001": "無",
        "201002": "無",
        "201003": "無",
        "201004": "無",
        "201005": "無",
        "201006": "無",
        "201007": "無",
        "201008": "無",
        "201009": "無",
        "201010": "無",
        "201011": "無",
        "201012": "無",
        "201101": "無",
        "201102": "79.37",
        "201103": "68.69",
        "201104": "59.74",
        "201105": "56.16",
        "201106": "52.23",
        "201107": "46.65",
        "201108": "41.50",
        "201109": "39.38",
        "201110": "39.33",
        "201111": "38.38",
        "201112": "33.30",
        "201201": "31.66",
        "201202": "31.61",
        "201203": "36.86",
        "201204": "34.03",
        "201205": "32.93",
        "201206": "35.81",
        "201207": "33.39",
        "201208": "34.30",
        "201209": "34.77",
        "201210": "34.48",
        "201211": "32.98",
        "201212": "30.51",
        "201301": "29.97",
        "201302": "30.04",
        "201303": "34.96",
        "201304": "39.98",
        "201305": "41.56",
        "201306": "34.12",
        "201307": "30.55",
        "201308": "25.57",
        "201309": "27.24",
        "201310": "25.32",
        "201311": "24.34",
        "201312": "30.91",
        "201401": "34.90",
        "201402": "31.01",
        "201403": "34.55",
        "201404": "32.58",
        "201405": "31.60",
        "201406": "33.46",
        "201407": "32.52",
        "201408": "30.29",
        "201409": "31.28",
        "201410": "29.32",
        "201411": "28.93",
        "201412": "29.54",
        "201501": "29.38",
        "201502": "29.27",
        "201503": "31.62",
        "201504": "31.96",
        "201505": "32.58",
        "201506": "36.44",
        "201507": "34.46",
        "201508": "33.82",
        "201509": "35.63",
        "201510": "37.04",
        "201511": "38.61",
        "201512": "36.07",
        "201601": "35.12",
        "201602": "36.71",
        "201603": "41.84",
        "201604": "42.69",
        "201605": "42.53",
        "201606": "42.63",
        "201607": "41.07",
        "201608": "38.85",
        "201609": "37.30",
        "201610": "35.53",
        "201611": "34.59",
        "201612": "34.67",
        "201701": "34.67",
        "201702": "33.87",
        "201703": "35.44",
        "201704": "35.59",
        "201705": "33.20",
        "201706": "32.53",
        "201707": "31.92",
        "201708": "30.04",
        "201709": "29.88",
        "201710": "29.92",
        "201711": "30.65",
        "201712": "30.45",
        "201801": "31.02",
        "201802": "31.17",
        "201803": "39.64",
        "201804": "38.68",
        "201805": "41.03",
        "201806": "40.69",
        "201807": "37.02",
        "201808": "35.84",
        "201809": "34.43",
        "201810": "31.18",
        "201811": "30.65",
        "201812": "30.81",
        "201901": "31.38",
        "201902": "33.86",
        "201903": "33.64",
        "201904": "34.34",
        "201905": "33.30",
        "201906": "32.20",
        "201907": "31.19",
        "201908": "30.55",
        "201909": "30.60",
        "201910": "30.21",
        "201911": "30.40",
        "201912": "31.57",
        "202001": "31.46",
        "202002": "29.69",
        "202003": "28.71",
        "202004": "29.17",
        "202005": "29.99",
        "202006": "29.97",
        "202007": "28.22",
        "202008": "27.71",
        "202009": "27.81",
        "202010": "27.46",
        "202011": "28.21",
        "202012": "28.47",
        "202101": "28.41",
        "202102": "28.75",
        "202103": "34.51",
        "202104": "37.04",
        "202105": "33.66",
        "202106": "33.56",
        "202107": "31.81",
        "202108": "30.58",
        "202109": "30.28",
        "202110": "30.70",
        "202111": "31.32",
        "202112": "31.72",
        "202201": "31.77",
        "202202": "32.24",
        "202203": "32.69",
        "202204": "32.53",
        "202205": "32.15",
        "202206": "31.08",
        "202207": "29.90",
        "202208": "30.18",
        "202209": "30.95",
        "202210": "30.03",
        "202211": "29.71",
        "202212": "29.61",
        "202301": "29.51",
        "202302": "29.90",
        "202303": "30.05",
        "202304": "29.65",
        "202305": "29.12",
        "202306": "28.98",
        "202307": "28.55",
        "202308": "28.23",
        "202309": "28.26",
        "202310": "27.99",
        "202311": "27.89",
        "202312": "28.43"
    },
    "quarters": {
        "20011": {
            "year_quarter": 20011,
            "year": 2001,
            "quarter": 1,
            "eps": null,
            "eps_growth_year": null,
            "eps_4q": null,
            "eps_4q_growth_year": null,
            "roe": null,
            "roe_4q": 0,
            "gross_profit": null,
            "gross_margin": null,
            "gross_margin_4q_avg": 0,
            "net_income": null,
            "net_income_4q": null,
            "revenue": null,
            "revenue_4q": null,
            "common_shares": null,
            "book_valuer_per_share": null,
            "book_valuer_per_share_4q_avg": 0,
            "equity": null,
            "current_ratio": null,
            "debt_ratio": null,
            "inventory_turnover_ratio": null,
            "account_receivable_turnover_ratio": null,
            "reinvestment_rate": null,
            "research_to_sale_ratio": null,
            "price_fair": 0,
            "eps_avg_yearly": 0,
            "eps_latest_yearly": 0,
            "eps_growth_yearly": 0
        },
        "20012": {
            "year_quarter": 20012,
            "year": 2001,
            "quarter": 2,
            "eps": null,
            "eps_growth_year": null,
            "eps_4q": null,
            "eps_4q_growth_year": null,
            "roe": null,
            "roe_4q": 0,
            "gross_profit": null,
            "gross_margin": null,
            "gross_margin_4q_avg": 0,
            "net_income": null,
            "net_income_4q": null,
            "revenue": null,
            "revenue_4q": null,
            "common_shares": null,
            "book_valuer_per_share": null,
            "book_valuer_per_share_4q_avg": 0,
            "equity": null,
            "current_ratio": null,
            "debt_ratio": null,
            "inventory_turnover_ratio": null,
            "account_receivable_turnover_ratio": null,
            "reinvestment_rate": null,
            "research_to_sale_ratio": null,
            "price_fair": 0,
            "eps_avg_yearly": 0,
            "eps_latest_yearly": 0,
            "eps_growth_yearly": 0
        },
        "20013": {
            "year_quarter": 20013,
            "year": 2001,
            "quarter": 3,
            "eps": null,
            "eps_growth_year": null,
            "eps_4q": null,
            "eps_4q_growth_year": null,
            "roe": null,
            "roe_4q": 0,
            "gross_profit": null,
            "gross_margin": null,
            "gross_margin_4q_avg": 0,
            "net_income": null,
            "net_income_4q": null,
            "revenue": null,
            "revenue_4q": null,
            "common_shares": null,
            "book_valuer_per_share": null,
            "book_valuer_per_share_4q_avg": 0,
            "equity": null,
            "current_ratio": null,
            "debt_ratio": null,
            "inventory_turnover_ratio": null,
            "account_receivable_turnover_ratio": null,
            "reinvestment_rate": null,
            "research_to_sale_ratio": null,
            "price_fair": 0,
            "eps_avg_yearly": 0,
            "eps_latest_yearly": 0,
            "eps_growth_yearly": 0
        },
        "20014": {
            "year_quarter": 20014,
            "year": 2001,
            "quarter": 4,
            "eps": null,
            "eps_growth_year": null,
            "eps_4q": null,
            "eps_4q_growth_year": null,
            "roe": null,
            "roe_4q": 0,
            "gross_profit": null,
            "gross_margin": null,
            "gross_margin_4q_avg": 0,
            "net_income": null,
            "net_income_4q": null,
            "revenue": null,
            "revenue_4q": null,
            "common_shares": null,
            "book_valuer_per_share": null,
            "book_valuer_per_share_4q_avg": 0,
            "equity": null,
            "current_ratio": null,
            "debt_ratio": null,
            "inventory_turnover_ratio": null,
            "account_receivable_turnover_ratio": null,
            "reinvestment_rate": null,
            "research_to_sale_ratio": null,
            "price_fair": 0,
            "eps_avg_yearly": 0,
            "eps_latest_yearly": 0,
            "eps_growth_yearly": 0
        },
        "20021": {
            "year_quarter": 20021,
            "year": 2002,
            "quarter": 1,
            "eps": null,
            "eps_growth_year": null,
            "eps_4q": null,
            "eps_4q_growth_year": null,
            "roe": null,
            "roe_4q": 0,
            "gross_profit": null,
            "gross_margin": null,
            "gross_margin_4q_avg": 0,
            "net_income": null,
            "net_income_4q": null,
            "revenue": null,
            "revenue_4q": null,
            "common_shares": null,
            "book_valuer_per_share": null,
            "book_valuer_per_share_4q_avg": 0,
            "equity": null,
            "current_ratio": null,
            "debt_ratio": null,
            "inventory_turnover_ratio": null,
            "account_receivable_turnover_ratio": null,
            "reinvestment_rate": null,
            "research_to_sale_ratio": null,
            "price_fair": 0,
            "eps_avg_yearly": 0,
            "eps_latest_yearly": 0,
            "eps_growth_yearly": 0
        },
        "20022": {
            "year_quarter": 20022,
            "year": 2002,
            "quarter": 2,
            "eps": null,
            "eps_growth_year": null,
            "eps_4q": null,
            "eps_4q_growth_year": null,
            "roe": null,
            "roe_4q": 0,
            "gross_profit": null,
            "gross_margin": null,
            "gross_margin_4q_avg": 0,
            "net_income": null,
            "net_income_4q": null,
            "revenue": null,
            "revenue_4q": null,
            "common_shares": null,
            "book_valuer_per_share": null,
            "book_valuer_per_share_4q_avg": 0,
            "equity": null,
            "current_ratio": null,
            "debt_ratio": null,
            "inventory_turnover_ratio": null,
            "account_receivable_turnover_ratio": null,
            "reinvestment_rate": null,
            "research_to_sale_ratio": null,
            "price_fair": 0,
            "eps_avg_yearly": 0,
            "eps_latest_yearly": 0,
            "eps_growth_yearly": 0
        },
        "20023": {
            "year_quarter": 20023,
            "year": 2002,
            "quarter": 3,
            "eps": null,
            "eps_growth_year": null,
            "eps_4q": null,
            "eps_4q_growth_year": null,
            "roe": null,
            "roe_4q": 0,
            "gross_profit": null,
            "gross_margin": null,
            "gross_margin_4q_avg": 0,
            "net_income": null,
            "net_income_4q": null,
            "revenue": null,
            "revenue_4q": null,
            "common_shares": null,
            "book_valuer_per_share": null,
            "book_valuer_per_share_4q_avg": 0,
            "equity": null,
            "current_ratio": null,
            "debt_ratio": null,
            "inventory_turnover_ratio": null,
            "account_receivable_turnover_ratio": null,
            "reinvestment_rate": null,
            "research_to_sale_ratio": null,
            "price_fair": 0,
            "eps_avg_yearly": 0,
            "eps_latest_yearly": 0,
            "eps_growth_yearly": 0
        },
        "20024": {
            "year_quarter": 20024,
            "year": 2002,
            "quarter": 4,
            "eps": null,
            "eps_growth_year": null,
            "eps_4q": null,
            "eps_4q_growth_year": null,
            "roe": null,
            "roe_4q": 0,
            "gross_profit": null,
            "gross_margin": null,
            "gross_margin_4q_avg": 0,
            "net_income": null,
            "net_income_4q": null,
            "revenue": null,
            "revenue_4q": null,
            "common_shares": null,
            "book_valuer_per_share": null,
            "book_valuer_per_share_4q_avg": 0,
            "equity": null,
            "current_ratio": null,
            "debt_ratio": null,
            "inventory_turnover_ratio": null,
            "account_receivable_turnover_ratio": null,
            "reinvestment_rate": null,
            "research_to_sale_ratio": null,
            "price_fair": 0,
            "eps_avg_yearly": 0,
            "eps_latest_yearly": 0,
            "eps_growth_yearly": 0
        },
        "20031": {
            "year_quarter": 20031,
            "year": 2003,
            "quarter": 1,
            "eps": null,
            "eps_growth_year": null,
            "eps_4q": null,
            "eps_4q_growth_year": null,
            "roe": null,
            "roe_4q": 0,
            "gross_profit": null,
            "gross_margin": null,
            "gross_margin_4q_avg": 0,
            "net_income": null,
            "net_income_4q": null,
            "revenue": null,
            "revenue_4q": null,
            "common_shares": null,
            "book_valuer_per_share": null,
            "book_valuer_per_share_4q_avg": 0,
            "equity": null,
            "current_ratio": null,
            "debt_ratio": null,
            "inventory_turnover_ratio": null,
            "account_receivable_turnover_ratio": null,
            "reinvestment_rate": null,
            "research_to_sale_ratio": null,
            "price_fair": 0,
            "eps_avg_yearly": 0,
            "eps_latest_yearly": 0,
            "eps_growth_yearly": 0
        },
        "20032": {
            "year_quarter": 20032,
            "year": 2003,
            "quarter": 2,
            "eps": null,
            "eps_growth_year": null,
            "eps_4q": null,
            "eps_4q_growth_year": null,
            "roe": null,
            "roe_4q": 0,
            "gross_profit": null,
            "gross_margin": null,
            "gross_margin_4q_avg": 0,
            "net_income": null,
            "net_income_4q": null,
            "revenue": null,
            "revenue_4q": null,
            "common_shares": null,
            "book_valuer_per_share": null,
            "book_valuer_per_share_4q_avg": 0,
            "equity": null,
            "current_ratio": null,
            "debt_ratio": null,
            "inventory_turnover_ratio": null,
            "account_receivable_turnover_ratio": null,
            "reinvestment_rate": null,
            "research_to_sale_ratio": null,
            "price_fair": 0,
            "eps_avg_yearly": 0,
            "eps_latest_yearly": 0,
            "eps_growth_yearly": 0
        },
        "20033": {
            "year_quarter": 20033,
            "year": 2003,
            "quarter": 3,
            "eps": null,
            "eps_growth_year": null,
            "eps_4q": null,
            "eps_4q_growth_year": null,
            "roe": null,
            "roe_4q": 0,
            "gross_profit": null,
            "gross_margin": null,
            "gross_margin_4q_avg": 0,
            "net_income": null,
            "net_income_4q": null,
            "revenue": null,
            "revenue_4q": null,
            "common_shares": null,
            "book_valuer_per_share": null,
            "book_valuer_per_share_4q_avg": 0,
            "equity": null,
            "current_ratio": null,
            "debt_ratio": null,
            "inventory_turnover_ratio": null,
            "account_receivable_turnover_ratio": null,
            "reinvestment_rate": null,
            "research_to_sale_ratio": null,
            "price_fair": 0,
            "eps_avg_yearly": 0,
            "eps_latest_yearly": 0,
            "eps_growth_yearly": 0
        },
        "20034": {
            "year_quarter": 20034,
            "year": 2003,
            "quarter": 4,
            "eps": null,
            "eps_growth_year": null,
            "eps_4q": null,
            "eps_4q_growth_year": null,
            "roe": null,
            "roe_4q": 0,
            "gross_profit": null,
            "gross_margin": null,
            "gross_margin_4q_avg": 0,
            "net_income": null,
            "net_income_4q": null,
            "revenue": null,
            "revenue_4q": null,
            "common_shares": null,
            "book_valuer_per_share": null,
            "book_valuer_per_share_4q_avg": 0,
            "equity": null,
            "current_ratio": null,
            "debt_ratio": null,
            "inventory_turnover_ratio": null,
            "account_receivable_turnover_ratio": null,
            "reinvestment_rate": null,
            "research_to_sale_ratio": null,
            "price_fair": 0,
            "eps_avg_yearly": 0,
            "eps_latest_yearly": 0,
            "eps_growth_yearly": 0
        },
        "20041": {
            "year_quarter": 20041,
            "year": 2004,
            "quarter": 1,
            "eps": null,
            "eps_growth_year": null,
            "eps_4q": null,
            "eps_4q_growth_year": null,
            "roe": null,
            "roe_4q": 0,
            "gross_profit": null,
            "gross_margin": null,
            "gross_margin_4q_avg": 0,
            "net_income": null,
            "net_income_4q": null,
            "revenue": null,
            "revenue_4q": null,
            "common_shares": null,
            "book_valuer_per_share": null,
            "book_valuer_per_share_4q_avg": 0,
            "equity": null,
            "current_ratio": null,
            "debt_ratio": null,
            "inventory_turnover_ratio": null,
            "account_receivable_turnover_ratio": null,
            "reinvestment_rate": null,
            "research_to_sale_ratio": null,
            "price_fair": 0,
            "eps_avg_yearly": 0,
            "eps_latest_yearly": 0,
            "eps_growth_yearly": 0
        },
        "20042": {
            "year_quarter": 20042,
            "year": 2004,
            "quarter": 2,
            "eps": null,
            "eps_growth_year": null,
            "eps_4q": null,
            "eps_4q_growth_year": null,
            "roe": null,
            "roe_4q": 0,
            "gross_profit": null,
            "gross_margin": null,
            "gross_margin_4q_avg": 0,
            "net_income": null,
            "net_income_4q": null,
            "revenue": null,
            "revenue_4q": null,
            "common_shares": null,
            "book_valuer_per_share": null,
            "book_valuer_per_share_4q_avg": 0,
            "equity": null,
            "current_ratio": null,
            "debt_ratio": null,
            "inventory_turnover_ratio": null,
            "account_receivable_turnover_ratio": null,
            "reinvestment_rate": null,
            "research_to_sale_ratio": null,
            "price_fair": 0,
            "eps_avg_yearly": 0,
            "eps_latest_yearly": 0,
            "eps_growth_yearly": 0
        },
        "20043": {
            "year_quarter": 20043,
            "year": 2004,
            "quarter": 3,
            "eps": null,
            "eps_growth_year": null,
            "eps_4q": null,
            "eps_4q_growth_year": null,
            "roe": null,
            "roe_4q": 0,
            "gross_profit": null,
            "gross_margin": null,
            "gross_margin_4q_avg": 0,
            "net_income": null,
            "net_income_4q": null,
            "revenue": null,
            "revenue_4q": null,
            "common_shares": null,
            "book_valuer_per_share": null,
            "book_valuer_per_share_4q_avg": 0,
            "equity": null,
            "current_ratio": null,
            "debt_ratio": null,
            "inventory_turnover_ratio": null,
            "account_receivable_turnover_ratio": null,
            "reinvestment_rate": null,
            "research_to_sale_ratio": null,
            "price_fair": 0,
            "eps_avg_yearly": 0,
            "eps_latest_yearly": 0,
            "eps_growth_yearly": 0
        },
        "20044": {
            "year_quarter": 20044,
            "year": 2004,
            "quarter": 4,
            "eps": null,
            "eps_growth_year": null,
            "eps_4q": null,
            "eps_4q_growth_year": null,
            "roe": null,
            "roe_4q": 0,
            "gross_profit": null,
            "gross_margin": null,
            "gross_margin_4q_avg": 0,
            "net_income": null,
            "net_income_4q": null,
            "revenue": null,
            "revenue_4q": null,
            "common_shares": null,
            "book_valuer_per_share": null,
            "book_valuer_per_share_4q_avg": 0,
            "equity": null,
            "current_ratio": null,
            "debt_ratio": null,
            "inventory_turnover_ratio": null,
            "account_receivable_turnover_ratio": null,
            "reinvestment_rate": null,
            "research_to_sale_ratio": null,
            "price_fair": 0,
            "eps_avg_yearly": 0,
            "eps_latest_yearly": 0,
            "eps_growth_yearly": 0
        },
        "20051": {
            "year_quarter": 20051,
            "year": 2005,
            "quarter": 1,
            "eps": null,
            "eps_growth_year": null,
            "eps_4q": null,
            "eps_4q_growth_year": null,
            "roe": null,
            "roe_4q": 0,
            "gross_profit": null,
            "gross_margin": null,
            "gross_margin_4q_avg": 0,
            "net_income": null,
            "net_income_4q": null,
            "revenue": null,
            "revenue_4q": null,
            "common_shares": null,
            "book_valuer_per_share": null,
            "book_valuer_per_share_4q_avg": 0,
            "equity": null,
            "current_ratio": null,
            "debt_ratio": null,
            "inventory_turnover_ratio": null,
            "account_receivable_turnover_ratio": null,
            "reinvestment_rate": null,
            "research_to_sale_ratio": null,
            "price_fair": 0,
            "eps_avg_yearly": 0,
            "eps_latest_yearly": 0,
            "eps_growth_yearly": 0
        },
        "20052": {
            "year_quarter": 20052,
            "year": 2005,
            "quarter": 2,
            "eps": null,
            "eps_growth_year": null,
            "eps_4q": null,
            "eps_4q_growth_year": null,
            "roe": null,
            "roe_4q": 0,
            "gross_profit": null,
            "gross_margin": null,
            "gross_margin_4q_avg": 0,
            "net_income": null,
            "net_income_4q": null,
            "revenue": null,
            "revenue_4q": null,
            "common_shares": null,
            "book_valuer_per_share": null,
            "book_valuer_per_share_4q_avg": 0,
            "equity": null,
            "current_ratio": null,
            "debt_ratio": null,
            "inventory_turnover_ratio": null,
            "account_receivable_turnover_ratio": null,
            "reinvestment_rate": null,
            "research_to_sale_ratio": null,
            "price_fair": 0,
            "eps_avg_yearly": 0,
            "eps_latest_yearly": 0,
            "eps_growth_yearly": 0
        },
        "20053": {
            "year_quarter": 20053,
            "year": 2005,
            "quarter": 3,
            "eps": null,
            "eps_growth_year": null,
            "eps_4q": null,
            "eps_4q_growth_year": null,
            "roe": null,
            "roe_4q": 0,
            "gross_profit": null,
            "gross_margin": null,
            "gross_margin_4q_avg": 0,
            "net_income": null,
            "net_income_4q": null,
            "revenue": null,
            "revenue_4q": null,
            "common_shares": null,
            "book_valuer_per_share": null,
            "book_valuer_per_share_4q_avg": 0,
            "equity": null,
            "current_ratio": null,
            "debt_ratio": null,
            "inventory_turnover_ratio": null,
            "account_receivable_turnover_ratio": null,
            "reinvestment_rate": null,
            "research_to_sale_ratio": null,
            "price_fair": 0,
            "eps_avg_yearly": 0,
            "eps_latest_yearly": 0,
            "eps_growth_yearly": 0
        },
        "20054": {
            "year_quarter": 20054,
            "year": 2005,
            "quarter": 4,
            "eps": null,
            "eps_growth_year": null,
            "eps_4q": null,
            "eps_4q_growth_year": null,
            "roe": null,
            "roe_4q": 0,
            "gross_profit": null,
            "gross_margin": null,
            "gross_margin_4q_avg": 0,
            "net_income": null,
            "net_income_4q": null,
            "revenue": null,
            "revenue_4q": null,
            "common_shares": 20000,
            "book_valuer_per_share": 8.46,
            "book_valuer_per_share_4q_avg": 2.12,
            "equity": 16922,
            "current_ratio": 122.81,
            "debt_ratio": 65.83,
            "inventory_turnover_ratio": null,
            "account_receivable_turnover_ratio": null,
            "reinvestment_rate": null,
            "research_to_sale_ratio": null,
            "price_fair": 0,
            "eps_avg_yearly": 0,
            "eps_latest_yearly": 0,
            "eps_growth_yearly": 0
        },
        "20061": {
            "year_quarter": 20061,
            "year": 2006,
            "quarter": 1,
            "eps": null,
            "eps_growth_year": null,
            "eps_4q": null,
            "eps_4q_growth_year": null,
            "roe": null,
            "roe_4q": 0,
            "gross_profit": null,
            "gross_margin": null,
            "gross_margin_4q_avg": 0,
            "net_income": null,
            "net_income_4q": null,
            "revenue": null,
            "revenue_4q": null,
            "common_shares": null,
            "book_valuer_per_share": null,
            "book_valuer_per_share_4q_avg": 2.12,
            "equity": null,
            "current_ratio": null,
            "debt_ratio": null,
            "inventory_turnover_ratio": null,
            "account_receivable_turnover_ratio": null,
            "reinvestment_rate": null,
            "research_to_sale_ratio": null,
            "price_fair": 0,
            "eps_avg_yearly": 0,
            "eps_latest_yearly": 0,
            "eps_growth_yearly": 0
        },
        "20062": {
            "year_quarter": 20062,
            "year": 2006,
            "quarter": 2,
            "eps": null,
            "eps_growth_year": null,
            "eps_4q": null,
            "eps_4q_growth_year": null,
            "roe": null,
            "roe_4q": 0,
            "gross_profit": null,
            "gross_margin": null,
            "gross_margin_4q_avg": 0,
            "net_income": null,
            "net_income_4q": null,
            "revenue": null,
            "revenue_4q": null,
            "common_shares": null,
            "book_valuer_per_share": null,
            "book_valuer_per_share_4q_avg": 2.12,
            "equity": null,
            "current_ratio": null,
            "debt_ratio": null,
            "inventory_turnover_ratio": null,
            "account_receivable_turnover_ratio": null,
            "reinvestment_rate": null,
            "research_to_sale_ratio": null,
            "price_fair": 0,
            "eps_avg_yearly": 0,
            "eps_latest_yearly": 0,
            "eps_growth_yearly": 0
        },
        "20063": {
            "year_quarter": 20063,
            "year": 2006,
            "quarter": 3,
            "eps": null,
            "eps_growth_year": null,
            "eps_4q": null,
            "eps_4q_growth_year": null,
            "roe": null,
            "roe_4q": 0,
            "gross_profit": null,
            "gross_margin": null,
            "gross_margin_4q_avg": 0,
            "net_income": null,
            "net_income_4q": null,
            "revenue": null,
            "revenue_4q": null,
            "common_shares": null,
            "book_valuer_per_share": null,
            "book_valuer_per_share_4q_avg": 2.12,
            "equity": null,
            "current_ratio": null,
            "debt_ratio": null,
            "inventory_turnover_ratio": null,
            "account_receivable_turnover_ratio": null,
            "reinvestment_rate": null,
            "research_to_sale_ratio": null,
            "price_fair": 0,
            "eps_avg_yearly": 0,
            "eps_latest_yearly": 0,
            "eps_growth_yearly": 0
        },
        "20064": {
            "year_quarter": 20064,
            "year": 2006,
            "quarter": 4,
            "eps": null,
            "eps_growth_year": null,
            "eps_4q": null,
            "eps_4q_growth_year": null,
            "roe": null,
            "roe_4q": 0,
            "gross_profit": null,
            "gross_margin": null,
            "gross_margin_4q_avg": 0,
            "net_income": null,
            "net_income_4q": null,
            "revenue": null,
            "revenue_4q": null,
            "common_shares": 140000,
            "book_valuer_per_share": 12.33,
            "book_valuer_per_share_4q_avg": 3.08,
            "equity": 172662,
            "current_ratio": 102.44,
            "debt_ratio": 22.13,
            "inventory_turnover_ratio": null,
            "account_receivable_turnover_ratio": null,
            "reinvestment_rate": null,
            "research_to_sale_ratio": null,
            "price_fair": 0,
            "eps_avg_yearly": 0,
            "eps_latest_yearly": 0,
            "eps_growth_yearly": 0
        },
        "20071": {
            "year_quarter": 20071,
            "year": 2007,
            "quarter": 1,
            "eps": null,
            "eps_growth_year": null,
            "eps_4q": null,
            "eps_4q_growth_year": null,
            "roe": null,
            "roe_4q": 0,
            "gross_profit": null,
            "gross_margin": null,
            "gross_margin_4q_avg": 0,
            "net_income": null,
            "net_income_4q": null,
            "revenue": null,
            "revenue_4q": null,
            "common_shares": null,
            "book_valuer_per_share": null,
            "book_valuer_per_share_4q_avg": 3.08,
            "equity": null,
            "current_ratio": null,
            "debt_ratio": null,
            "inventory_turnover_ratio": null,
            "account_receivable_turnover_ratio": null,
            "reinvestment_rate": null,
            "research_to_sale_ratio": null,
            "price_fair": 0,
            "eps_avg_yearly": 0,
            "eps_latest_yearly": 0,
            "eps_growth_yearly": 0
        },
        "20072": {
            "year_quarter": 20072,
            "year": 2007,
            "quarter": 2,
            "eps": null,
            "eps_growth_year": null,
            "eps_4q": null,
            "eps_4q_growth_year": null,
            "roe": null,
            "roe_4q": 0,
            "gross_profit": null,
            "gross_margin": null,
            "gross_margin_4q_avg": 0,
            "net_income": null,
            "net_income_4q": null,
            "revenue": null,
            "revenue_4q": null,
            "common_shares": null,
            "book_valuer_per_share": null,
            "book_valuer_per_share_4q_avg": 3.08,
            "equity": null,
            "current_ratio": null,
            "debt_ratio": null,
            "inventory_turnover_ratio": null,
            "account_receivable_turnover_ratio": null,
            "reinvestment_rate": null,
            "research_to_sale_ratio": null,
            "price_fair": 0,
            "eps_avg_yearly": 0,
            "eps_latest_yearly": 0,
            "eps_growth_yearly": 0
        },
        "20073": {
            "year_quarter": 20073,
            "year": 2007,
            "quarter": 3,
            "eps": null,
            "eps_growth_year": null,
            "eps_4q": null,
            "eps_4q_growth_year": null,
            "roe": null,
            "roe_4q": 0,
            "gross_profit": null,
            "gross_margin": null,
            "gross_margin_4q_avg": 0,
            "net_income": null,
            "net_income_4q": null,
            "revenue": null,
            "revenue_4q": null,
            "common_shares": null,
            "book_valuer_per_share": null,
            "book_valuer_per_share_4q_avg": 3.08,
            "equity": null,
            "current_ratio": null,
            "debt_ratio": null,
            "inventory_turnover_ratio": null,
            "account_receivable_turnover_ratio": null,
            "reinvestment_rate": null,
            "research_to_sale_ratio": null,
            "price_fair": 0,
            "eps_avg_yearly": 0,
            "eps_latest_yearly": 0,
            "eps_growth_yearly": 0
        },
        "20074": {
            "year_quarter": 20074,
            "year": 2007,
            "quarter": 4,
            "eps": null,
            "eps_growth_year": null,
            "eps_4q": null,
            "eps_4q_growth_year": null,
            "roe": null,
            "roe_4q": 0,
            "gross_profit": null,
            "gross_margin": null,
            "gross_margin_4q_avg": 0,
            "net_income": null,
            "net_income_4q": null,
            "revenue": null,
            "revenue_4q": null,
            "common_shares": 190000,
            "book_valuer_per_share": 29.27,
            "book_valuer_per_share_4q_avg": 7.32,
            "equity": 556107,
            "current_ratio": 117.33,
            "debt_ratio": 22.32,
            "inventory_turnover_ratio": null,
            "account_receivable_turnover_ratio": null,
            "reinvestment_rate": null,
            "research_to_sale_ratio": null,
            "price_fair": 0,
            "eps_avg_yearly": 0,
            "eps_latest_yearly": 0,
            "eps_growth_yearly": 0
        },
        "20081": {
            "year_quarter": 20081,
            "year": 2008,
            "quarter": 1,
            "eps": null,
            "eps_growth_year": null,
            "eps_4q": null,
            "eps_4q_growth_year": null,
            "roe": null,
            "roe_4q": 0,
            "gross_profit": null,
            "gross_margin": null,
            "gross_margin_4q_avg": 0,
            "net_income": null,
            "net_income_4q": null,
            "revenue": null,
            "revenue_4q": null,
            "common_shares": null,
            "book_valuer_per_share": null,
            "book_valuer_per_share_4q_avg": 7.32,
            "equity": null,
            "current_ratio": null,
            "debt_ratio": null,
            "inventory_turnover_ratio": null,
            "account_receivable_turnover_ratio": null,
            "reinvestment_rate": null,
            "research_to_sale_ratio": null,
            "price_fair": 0,
            "eps_avg_yearly": 0,
            "eps_latest_yearly": 0,
            "eps_growth_yearly": 0
        },
        "20082": {
            "year_quarter": 20082,
            "year": 2008,
            "quarter": 2,
            "eps": null,
            "eps_growth_year": null,
            "eps_4q": null,
            "eps_4q_growth_year": null,
            "roe": null,
            "roe_4q": 0,
            "gross_profit": null,
            "gross_margin": null,
            "gross_margin_4q_avg": 0,
            "net_income": null,
            "net_income_4q": null,
            "revenue": null,
            "revenue_4q": null,
            "common_shares": null,
            "book_valuer_per_share": null,
            "book_valuer_per_share_4q_avg": 7.32,
            "equity": null,
            "current_ratio": null,
            "debt_ratio": null,
            "inventory_turnover_ratio": null,
            "account_receivable_turnover_ratio": null,
            "reinvestment_rate": null,
            "research_to_sale_ratio": null,
            "price_fair": 0,
            "eps_avg_yearly": 0,
            "eps_latest_yearly": 0,
            "eps_growth_yearly": 0
        },
        "20083": {
            "year_quarter": 20083,
            "year": 2008,
            "quarter": 3,
            "eps": null,
            "eps_growth_year": null,
            "eps_4q": null,
            "eps_4q_growth_year": null,
            "roe": null,
            "roe_4q": 0,
            "gross_profit": null,
            "gross_margin": null,
            "gross_margin_4q_avg": 0,
            "net_income": null,
            "net_income_4q": null,
            "revenue": null,
            "revenue_4q": null,
            "common_shares": null,
            "book_valuer_per_share": null,
            "book_valuer_per_share_4q_avg": 7.32,
            "equity": null,
            "current_ratio": null,
            "debt_ratio": null,
            "inventory_turnover_ratio": null,
            "account_receivable_turnover_ratio": null,
            "reinvestment_rate": null,
            "research_to_sale_ratio": null,
            "price_fair": 0,
            "eps_avg_yearly": 0,
            "eps_latest_yearly": 0,
            "eps_growth_yearly": 0
        },
        "20084": {
            "year_quarter": 20084,
            "year": 2008,
            "quarter": 4,
            "eps": null,
            "eps_growth_year": null,
            "eps_4q": null,
            "eps_4q_growth_year": null,
            "roe": null,
            "roe_4q": 0,
            "gross_profit": null,
            "gross_margin": null,
            "gross_margin_4q_avg": 0,
            "net_income": null,
            "net_income_4q": null,
            "revenue": null,
            "revenue_4q": null,
            "common_shares": 219500,
            "book_valuer_per_share": 27.49,
            "book_valuer_per_share_4q_avg": 6.87,
            "equity": 603484,
            "current_ratio": 137.85,
            "debt_ratio": 38.63,
            "inventory_turnover_ratio": null,
            "account_receivable_turnover_ratio": null,
            "reinvestment_rate": null,
            "research_to_sale_ratio": null,
            "price_fair": 0,
            "eps_avg_yearly": 0,
            "eps_latest_yearly": 0,
            "eps_growth_yearly": 0
        },
        "20091": {
            "year_quarter": 20091,
            "year": 2009,
            "quarter": 1,
            "eps": null,
            "eps_growth_year": null,
            "eps_4q": null,
            "eps_4q_growth_year": null,
            "roe": null,
            "roe_4q": 0,
            "gross_profit": null,
            "gross_margin": null,
            "gross_margin_4q_avg": 0,
            "net_income": null,
            "net_income_4q": null,
            "revenue": null,
            "revenue_4q": null,
            "common_shares": null,
            "book_valuer_per_share": null,
            "book_valuer_per_share_4q_avg": 6.87,
            "equity": null,
            "current_ratio": null,
            "debt_ratio": null,
            "inventory_turnover_ratio": null,
            "account_receivable_turnover_ratio": null,
            "reinvestment_rate": null,
            "research_to_sale_ratio": null,
            "price_fair": 0,
            "eps_avg_yearly": 0,
            "eps_latest_yearly": 0,
            "eps_growth_yearly": 0
        },
        "20092": {
            "year_quarter": 20092,
            "year": 2009,
            "quarter": 2,
            "eps": null,
            "eps_growth_year": null,
            "eps_4q": null,
            "eps_4q_growth_year": null,
            "roe": null,
            "roe_4q": 0,
            "gross_profit": null,
            "gross_margin": null,
            "gross_margin_4q_avg": 0,
            "net_income": null,
            "net_income_4q": null,
            "revenue": null,
            "revenue_4q": null,
            "common_shares": null,
            "book_valuer_per_share": null,
            "book_valuer_per_share_4q_avg": 6.87,
            "equity": null,
            "current_ratio": null,
            "debt_ratio": null,
            "inventory_turnover_ratio": null,
            "account_receivable_turnover_ratio": null,
            "reinvestment_rate": null,
            "research_to_sale_ratio": null,
            "price_fair": 0,
            "eps_avg_yearly": 0,
            "eps_latest_yearly": 0,
            "eps_growth_yearly": 0
        },
        "20093": {
            "year_quarter": 20093,
            "year": 2009,
            "quarter": 3,
            "eps": null,
            "eps_growth_year": null,
            "eps_4q": null,
            "eps_4q_growth_year": null,
            "roe": null,
            "roe_4q": 0,
            "gross_profit": null,
            "gross_margin": null,
            "gross_margin_4q_avg": 0,
            "net_income": null,
            "net_income_4q": null,
            "revenue": null,
            "revenue_4q": null,
            "common_shares": null,
            "book_valuer_per_share": null,
            "book_valuer_per_share_4q_avg": 6.87,
            "equity": null,
            "current_ratio": null,
            "debt_ratio": null,
            "inventory_turnover_ratio": null,
            "account_receivable_turnover_ratio": null,
            "reinvestment_rate": null,
            "research_to_sale_ratio": null,
            "price_fair": 0,
            "eps_avg_yearly": 0,
            "eps_latest_yearly": 0,
            "eps_growth_yearly": 0
        },
        "20094": {
            "year_quarter": 20094,
            "year": 2009,
            "quarter": 4,
            "eps": null,
            "eps_growth_year": null,
            "eps_4q": null,
            "eps_4q_growth_year": null,
            "roe": null,
            "roe_4q": 0,
            "gross_profit": null,
            "gross_margin": null,
            "gross_margin_4q_avg": 0,
            "net_income": null,
            "net_income_4q": null,
            "revenue": null,
            "revenue_4q": null,
            "common_shares": 231000,
            "book_valuer_per_share": 22.98,
            "book_valuer_per_share_4q_avg": 5.75,
            "equity": 530919,
            "current_ratio": 149.21,
            "debt_ratio": 46.39,
            "inventory_turnover_ratio": null,
            "account_receivable_turnover_ratio": null,
            "reinvestment_rate": null,
            "research_to_sale_ratio": null,
            "price_fair": 0,
            "eps_avg_yearly": 0,
            "eps_latest_yearly": 0,
            "eps_growth_yearly": 0
        },
        "20101": {
            "year_quarter": 20101,
            "year": 2010,
            "quarter": 1,
            "eps": null,
            "eps_growth_year": null,
            "eps_4q": null,
            "eps_4q_growth_year": null,
            "roe": null,
            "roe_4q": 0,
            "gross_profit": null,
            "gross_margin": null,
            "gross_margin_4q_avg": 0,
            "net_income": null,
            "net_income_4q": null,
            "revenue": null,
            "revenue_4q": null,
            "common_shares": null,
            "book_valuer_per_share": null,
            "book_valuer_per_share_4q_avg": 5.75,
            "equity": null,
            "current_ratio": null,
            "debt_ratio": null,
            "inventory_turnover_ratio": null,
            "account_receivable_turnover_ratio": null,
            "reinvestment_rate": null,
            "research_to_sale_ratio": null,
            "price_fair": 0,
            "eps_avg_yearly": 0,
            "eps_latest_yearly": 0,
            "eps_growth_yearly": 0
        },
        "20102": {
            "year_quarter": 20102,
            "year": 2010,
            "quarter": 2,
            "eps": null,
            "eps_growth_year": null,
            "eps_4q": null,
            "eps_4q_growth_year": null,
            "roe": null,
            "roe_4q": 0,
            "gross_profit": null,
            "gross_margin": null,
            "gross_margin_4q_avg": 0,
            "net_income": null,
            "net_income_4q": null,
            "revenue": null,
            "revenue_4q": null,
            "common_shares": 231000,
            "book_valuer_per_share": null,
            "book_valuer_per_share_4q_avg": 5.75,
            "equity": 559413,
            "current_ratio": null,
            "debt_ratio": null,
            "inventory_turnover_ratio": null,
            "account_receivable_turnover_ratio": null,
            "reinvestment_rate": null,
            "research_to_sale_ratio": null,
            "price_fair": 0,
            "eps_avg_yearly": 0,
            "eps_latest_yearly": 0,
            "eps_growth_yearly": 0
        },
        "20103": {
            "year_quarter": 20103,
            "year": 2010,
            "quarter": 3,
            "eps": null,
            "eps_growth_year": null,
            "eps_4q": null,
            "eps_4q_growth_year": null,
            "roe": null,
            "roe_4q": 0,
            "gross_profit": null,
            "gross_margin": null,
            "gross_margin_4q_avg": 0,
            "net_income": null,
            "net_income_4q": null,
            "revenue": null,
            "revenue_4q": null,
            "common_shares": null,
            "book_valuer_per_share": null,
            "book_valuer_per_share_4q_avg": 5.75,
            "equity": null,
            "current_ratio": null,
            "debt_ratio": null,
            "inventory_turnover_ratio": null,
            "account_receivable_turnover_ratio": null,
            "reinvestment_rate": null,
            "research_to_sale_ratio": null,
            "price_fair": 0,
            "eps_avg_yearly": 0,
            "eps_latest_yearly": 0,
            "eps_growth_yearly": 0
        },
        "20104": {
            "year_quarter": 20104,
            "year": 2010,
            "quarter": 4,
            "eps": null,
            "eps_growth_year": null,
            "eps_4q": null,
            "eps_4q_growth_year": null,
            "roe": null,
            "roe_4q": 0,
            "gross_profit": null,
            "gross_margin": null,
            "gross_margin_4q_avg": 0,
            "net_income": null,
            "net_income_4q": null,
            "revenue": null,
            "revenue_4q": null,
            "common_shares": 255968,
            "book_valuer_per_share": 27.18,
            "book_valuer_per_share_4q_avg": 6.8,
            "equity": 695730,
            "current_ratio": 226.13,
            "debt_ratio": 38,
            "inventory_turnover_ratio": null,
            "account_receivable_turnover_ratio": null,
            "reinvestment_rate": null,
            "research_to_sale_ratio": null,
            "price_fair": 0,
            "eps_avg_yearly": 0,
            "eps_latest_yearly": 0,
            "eps_growth_yearly": 0
        },
        "20111": {
            "year_quarter": 20111,
            "year": 2011,
            "quarter": 1,
            "eps": null,
            "eps_growth_year": null,
            "eps_4q": null,
            "eps_4q_growth_year": null,
            "roe": null,
            "roe_4q": 0,
            "gross_profit": null,
            "gross_margin": null,
            "gross_margin_4q_avg": 0,
            "net_income": null,
            "net_income_4q": null,
            "revenue": null,
            "revenue_4q": null,
            "common_shares": null,
            "book_valuer_per_share": null,
            "book_valuer_per_share_4q_avg": 6.8,
            "equity": null,
            "current_ratio": null,
            "debt_ratio": null,
            "inventory_turnover_ratio": null,
            "account_receivable_turnover_ratio": null,
            "reinvestment_rate": null,
            "research_to_sale_ratio": null,
            "price_fair": 0,
            "eps_avg_yearly": 0,
            "eps_latest_yearly": 0,
            "eps_growth_yearly": 0
        },
        "20112": {
            "year_quarter": 20112,
            "year": 2011,
            "quarter": 2,
            "eps": null,
            "eps_growth_year": null,
            "eps_4q": null,
            "eps_4q_growth_year": null,
            "roe": null,
            "roe_4q": 0,
            "gross_profit": null,
            "gross_margin": null,
            "gross_margin_4q_avg": 0,
            "net_income": null,
            "net_income_4q": null,
            "revenue": null,
            "revenue_4q": null,
            "common_shares": 255968,
            "book_valuer_per_share": 26.92,
            "book_valuer_per_share_4q_avg": 13.53,
            "equity": 689157,
            "current_ratio": 181.52,
            "debt_ratio": 38.33,
            "inventory_turnover_ratio": null,
            "account_receivable_turnover_ratio": null,
            "reinvestment_rate": null,
            "research_to_sale_ratio": null,
            "price_fair": 0,
            "eps_avg_yearly": 0,
            "eps_latest_yearly": 0,
            "eps_growth_yearly": 0
        },
        "20113": {
            "year_quarter": 20113,
            "year": 2011,
            "quarter": 3,
            "eps": null,
            "eps_growth_year": null,
            "eps_4q": null,
            "eps_4q_growth_year": null,
            "roe": null,
            "roe_4q": 0,
            "gross_profit": 36696,
            "gross_margin": null,
            "gross_margin_4q_avg": 0,
            "net_income": 29555,
            "net_income_4q": null,
            "revenue": 256681,
            "revenue_4q": null,
            "common_shares": 272050,
            "book_valuer_per_share": 27.72,
            "book_valuer_per_share_4q_avg": 20.46,
            "equity": 754202,
            "current_ratio": 280.13,
            "debt_ratio": 17.48,
            "inventory_turnover_ratio": null,
            "account_receivable_turnover_ratio": null,
            "reinvestment_rate": null,
            "research_to_sale_ratio": null,
            "price_fair": 0,
            "eps_avg_yearly": 0,
            "eps_latest_yearly": 0,
            "eps_growth_yearly": 0
        },
        "20114": {
            "year_quarter": 20114,
            "year": 2011,
            "quarter": 4,
            "eps": null,
            "eps_growth_year": null,
            "eps_4q": null,
            "eps_4q_growth_year": null,
            "roe": null,
            "roe_4q": 0,
            "gross_profit": 298753,
            "gross_margin": null,
            "gross_margin_4q_avg": 0,
            "net_income": 61986,
            "net_income_4q": null,
            "revenue": 1107819,
            "revenue_4q": null,
            "common_shares": 273401,
            "book_valuer_per_share": 28.62,
            "book_valuer_per_share_4q_avg": 20.82,
            "equity": 782348,
            "current_ratio": 196.34,
            "debt_ratio": 32.12,
            "inventory_turnover_ratio": null,
            "account_receivable_turnover_ratio": null,
            "reinvestment_rate": null,
            "research_to_sale_ratio": null,
            "price_fair": 0,
            "eps_avg_yearly": 0,
            "eps_latest_yearly": 0,
            "eps_growth_yearly": 0
        },
        "20121": {
            "year_quarter": 20121,
            "year": 2012,
            "quarter": 1,
            "eps": null,
            "eps_growth_year": null,
            "eps_4q": null,
            "eps_4q_growth_year": null,
            "roe": null,
            "roe_4q": 0,
            "gross_profit": 76220,
            "gross_margin": null,
            "gross_margin_4q_avg": 0,
            "net_income": 16088,
            "net_income_4q": null,
            "revenue": 258506,
            "revenue_4q": null,
            "common_shares": 273401,
            "book_valuer_per_share": null,
            "book_valuer_per_share_4q_avg": 20.82,
            "equity": 775903,
            "current_ratio": null,
            "debt_ratio": null,
            "inventory_turnover_ratio": null,
            "account_receivable_turnover_ratio": null,
            "reinvestment_rate": null,
            "research_to_sale_ratio": null,
            "price_fair": 0,
            "eps_avg_yearly": 0,
            "eps_latest_yearly": 0,
            "eps_growth_yearly": 0
        },
        "20122": {
            "year_quarter": 20122,
            "year": 2012,
            "quarter": 2,
            "eps": null,
            "eps_growth_year": null,
            "eps_4q": null,
            "eps_4q_growth_year": null,
            "roe": null,
            "roe_4q": 0,
            "gross_profit": 78016,
            "gross_margin": null,
            "gross_margin_4q_avg": 0,
            "net_income": 5092,
            "net_income_4q": null,
            "revenue": 303380,
            "revenue_4q": null,
            "common_shares": 274989,
            "book_valuer_per_share": 28.1,
            "book_valuer_per_share_4q_avg": 21.11,
            "equity": 772697,
            "current_ratio": 197.95,
            "debt_ratio": 32.09,
            "inventory_turnover_ratio": null,
            "account_receivable_turnover_ratio": null,
            "reinvestment_rate": null,
            "research_to_sale_ratio": null,
            "price_fair": 0,
            "eps_avg_yearly": 0,
            "eps_latest_yearly": 0,
            "eps_growth_yearly": 0
        },
        "20123": {
            "year_quarter": 20123,
            "year": 2012,
            "quarter": 3,
            "eps": 0.72,
            "eps_growth_year": null,
            "eps_4q": 0.72,
            "eps_4q_growth_year": null,
            "roe": 2.69,
            "roe_4q": 2.69,
            "gross_profit": 105903,
            "gross_margin": 32.75,
            "gross_margin_4q_avg": 8.19,
            "net_income": 21009,
            "net_income_4q": null,
            "revenue": 323355,
            "revenue_4q": null,
            "common_shares": 292183,
            "book_valuer_per_share": 26.94,
            "book_valuer_per_share_4q_avg": 20.92,
            "equity": 787152,
            "current_ratio": 217.53,
            "debt_ratio": 28.87,
            "inventory_turnover_ratio": 1.2,
            "account_receivable_turnover_ratio": 1.82,
            "reinvestment_rate": null,
            "research_to_sale_ratio": 2.91,
            "price_fair": 0,
            "eps_avg_yearly": 0,
            "eps_latest_yearly": 0,
            "eps_growth_yearly": 0
        },
        "20124": {
            "year_quarter": 20124,
            "year": 2012,
            "quarter": 4,
            "eps": 0.87,
            "eps_growth_year": null,
            "eps_4q": 1.58,
            "eps_4q_growth_year": null,
            "roe": 3.18,
            "roe_4q": 5.87,
            "gross_profit": 91961,
            "gross_margin": 30.36,
            "gross_margin_4q_avg": 15.78,
            "net_income": 25549,
            "net_income_4q": null,
            "revenue": 302880,
            "revenue_4q": null,
            "common_shares": 294249,
            "book_valuer_per_share": 27.78,
            "book_valuer_per_share_4q_avg": 20.71,
            "equity": 817529,
            "current_ratio": 286.08,
            "debt_ratio": 21.83,
            "inventory_turnover_ratio": 1.3,
            "account_receivable_turnover_ratio": 1.81,
            "reinvestment_rate": null,
            "research_to_sale_ratio": 3.46,
            "price_fair": 121.8,
            "eps_avg_yearly": 3.48,
            "eps_latest_yearly": 3.48,
            "eps_growth_yearly": 83.33
        },
        "20131": {
            "year_quarter": 20131,
            "year": 2013,
            "quarter": 1,
            "eps": 0.29,
            "eps_growth_year": null,
            "eps_4q": 1.86,
            "eps_4q_growth_year": null,
            "roe": 1.02,
            "roe_4q": 6.890000000000001,
            "gross_profit": 68707,
            "gross_margin": 28.34,
            "gross_margin_4q_avg": 22.86,
            "net_income": 8445,
            "net_income_4q": null,
            "revenue": 242435,
            "revenue_4q": null,
            "common_shares": 294249,
            "book_valuer_per_share": 28.32,
            "book_valuer_per_share_4q_avg": 27.79,
            "equity": 834657,
            "current_ratio": 287.12,
            "debt_ratio": 22.9,
            "inventory_turnover_ratio": 1.21,
            "account_receivable_turnover_ratio": 1.63,
            "reinvestment_rate": null,
            "research_to_sale_ratio": 3.72,
            "price_fair": 6.96,
            "eps_avg_yearly": 2.32,
            "eps_latest_yearly": 1.16,
            "eps_growth_yearly": -91.67
        },
        "20132": {
            "year_quarter": 20132,
            "year": 2013,
            "quarter": 2,
            "eps": 0.41,
            "eps_growth_year": null,
            "eps_4q": 1.92,
            "eps_4q_growth_year": null,
            "roe": 1.39,
            "roe_4q": 8.28,
            "gross_profit": 76510,
            "gross_margin": 31.35,
            "gross_margin_4q_avg": 30.7,
            "net_income": 12414,
            "net_income_4q": null,
            "revenue": 244064,
            "revenue_4q": null,
            "common_shares": 333989,
            "book_valuer_per_share": 28.34,
            "book_valuer_per_share_4q_avg": 27.85,
            "equity": 946685,
            "current_ratio": 313.93,
            "debt_ratio": 22.48,
            "inventory_turnover_ratio": 1.19,
            "account_receivable_turnover_ratio": 1.7,
            "reinvestment_rate": null,
            "research_to_sale_ratio": 3.52,
            "price_fair": 6.28,
            "eps_avg_yearly": 2.09,
            "eps_latest_yearly": 1.64,
            "eps_growth_yearly": -5.94
        },
        "20133": {
            "year_quarter": 20133,
            "year": 2013,
            "quarter": 3,
            "eps": 0.42,
            "eps_growth_year": -41.59,
            "eps_4q": 1.73,
            "eps_4q_growth_year": 141.14,
            "roe": 1.54,
            "roe_4q": 7.13,
            "gross_profit": 76244,
            "gross_margin": 27.77,
            "gross_margin_4q_avg": 29.46,
            "net_income": 14602,
            "net_income_4q": null,
            "revenue": 274509,
            "revenue_4q": null,
            "common_shares": 351868,
            "book_valuer_per_share": 27.14,
            "book_valuer_per_share_4q_avg": 27.9,
            "equity": 955018,
            "current_ratio": 312,
            "debt_ratio": 23.24,
            "inventory_turnover_ratio": 1.43,
            "account_receivable_turnover_ratio": 1.6,
            "reinvestment_rate": null,
            "research_to_sale_ratio": 3.76,
            "price_fair": 5.97,
            "eps_avg_yearly": 1.99,
            "eps_latest_yearly": 1.68,
            "eps_growth_yearly": -2.01
        },
        "20134": {
            "year_quarter": 20134,
            "year": 2013,
            "quarter": 4,
            "eps": 1.07,
            "eps_growth_year": 22.97,
            "eps_4q": 2.08,
            "eps_4q_growth_year": 31.17,
            "roe": 3.82,
            "roe_4q": 7.77,
            "gross_profit": 98993,
            "gross_margin": 33.39,
            "gross_margin_4q_avg": 30.21,
            "net_income": 37570,
            "net_income_4q": null,
            "revenue": 296503,
            "revenue_4q": null,
            "common_shares": 351868,
            "book_valuer_per_share": 28.7,
            "book_valuer_per_share_4q_avg": 28.13,
            "equity": 1010013,
            "current_ratio": 315.17,
            "debt_ratio": 22.86,
            "inventory_turnover_ratio": 1.35,
            "account_receivable_turnover_ratio": 1.4,
            "reinvestment_rate": null,
            "research_to_sale_ratio": 3.21,
            "price_fair": 85.68,
            "eps_avg_yearly": 2.45,
            "eps_latest_yearly": 4.28,
            "eps_growth_yearly": 122.2
        },
        "20141": {
            "year_quarter": 20141,
            "year": 2014,
            "quarter": 1,
            "eps": 0.53,
            "eps_growth_year": 82.76,
            "eps_4q": 2.35,
            "eps_4q_growth_year": 26.33,
            "roe": 1.82,
            "roe_4q": 8.57,
            "gross_profit": 71097,
            "gross_margin": 28.09,
            "gross_margin_4q_avg": 30.15,
            "net_income": 18609,
            "net_income_4q": null,
            "revenue": 253098,
            "revenue_4q": null,
            "common_shares": 351868,
            "book_valuer_per_share": 29.23,
            "book_valuer_per_share_4q_avg": 28.35,
            "equity": 1030187,
            "current_ratio": 342.84,
            "debt_ratio": 21.43,
            "inventory_turnover_ratio": 1.16,
            "account_receivable_turnover_ratio": 1.23,
            "reinvestment_rate": null,
            "research_to_sale_ratio": 3.69,
            "price_fair": 83.77,
            "eps_avg_yearly": 2.39,
            "eps_latest_yearly": 2.12,
            "eps_growth_yearly": 68.19
        },
        "20142": {
            "year_quarter": 20142,
            "year": 2014,
            "quarter": 2,
            "eps": 0.63,
            "eps_growth_year": 53.66,
            "eps_4q": 2.57,
            "eps_4q_growth_year": 34.31,
            "roe": 2.25,
            "roe_4q": 9.43,
            "gross_profit": 82983,
            "gross_margin": 28.48,
            "gross_margin_4q_avg": 29.43,
            "net_income": 22690,
            "net_income_4q": null,
            "revenue": 291362,
            "revenue_4q": null,
            "common_shares": 352456,
            "book_valuer_per_share": 28.02,
            "book_valuer_per_share_4q_avg": 28.27,
            "equity": 987493,
            "current_ratio": 278.8,
            "debt_ratio": 26.44,
            "inventory_turnover_ratio": 1.21,
            "account_receivable_turnover_ratio": 1.51,
            "reinvestment_rate": null,
            "research_to_sale_ratio": 3.89,
            "price_fair": 84.4,
            "eps_avg_yearly": 2.41,
            "eps_latest_yearly": 2.52,
            "eps_growth_yearly": 69.23
        },
        "20143": {
            "year_quarter": 20143,
            "year": 2014,
            "quarter": 3,
            "eps": 0.61,
            "eps_growth_year": 45.24,
            "eps_4q": 2.74,
            "eps_4q_growth_year": 58.13,
            "roe": 2.21,
            "roe_4q": 10.1,
            "gross_profit": 90670,
            "gross_margin": 28.49,
            "gross_margin_4q_avg": 29.61,
            "net_income": 22346,
            "net_income_4q": null,
            "revenue": 318205,
            "revenue_4q": null,
            "common_shares": 363030,
            "book_valuer_per_share": 28.24,
            "book_valuer_per_share_4q_avg": 28.55,
            "equity": 1033179,
            "current_ratio": 334.34,
            "debt_ratio": 22,
            "inventory_turnover_ratio": 1.21,
            "account_receivable_turnover_ratio": 1.59,
            "reinvestment_rate": null,
            "research_to_sale_ratio": 3.34,
            "price_fair": 84.53,
            "eps_avg_yearly": 2.42,
            "eps_latest_yearly": 2.44,
            "eps_growth_yearly": 58.99
        },
        "20144": {
            "year_quarter": 20144,
            "year": 2014,
            "quarter": 4,
            "eps": 1,
            "eps_growth_year": -6.37,
            "eps_4q": 2.73,
            "eps_4q_growth_year": 31.69,
            "roe": 3.45,
            "roe_4q": 9.73,
            "gross_profit": 93274,
            "gross_margin": 29.96,
            "gross_margin_4q_avg": 28.76,
            "net_income": 36703,
            "net_income_4q": null,
            "revenue": 311321,
            "revenue_4q": null,
            "common_shares": 366978,
            "book_valuer_per_share": 29.89,
            "book_valuer_per_share_4q_avg": 28.85,
            "equity": 1097105,
            "current_ratio": 359.04,
            "debt_ratio": 20.84,
            "inventory_turnover_ratio": 1.12,
            "account_receivable_turnover_ratio": 1.51,
            "reinvestment_rate": null,
            "research_to_sale_ratio": 3.11,
            "price_fair": 90.69,
            "eps_avg_yearly": 2.59,
            "eps_latest_yearly": 4,
            "eps_growth_yearly": 80.85
        },
        "20151": {
            "year_quarter": 20151,
            "year": 2015,
            "quarter": 1,
            "eps": 0.4,
            "eps_growth_year": -24.53,
            "eps_4q": 2.59,
            "eps_4q_growth_year": 10,
            "roe": 1.32,
            "roe_4q": 9.23,
            "gross_profit": 76888,
            "gross_margin": 27.87,
            "gross_margin_4q_avg": 28.7,
            "net_income": 14624,
            "net_income_4q": null,
            "revenue": 275841,
            "revenue_4q": null,
            "common_shares": 367479,
            "book_valuer_per_share": 30.06,
            "book_valuer_per_share_4q_avg": 29.05,
            "equity": 1110995,
            "current_ratio": 369.46,
            "debt_ratio": 19.55,
            "inventory_turnover_ratio": 1.01,
            "account_receivable_turnover_ratio": 1.42,
            "reinvestment_rate": null,
            "research_to_sale_ratio": 3.42,
            "price_fair": 87.22,
            "eps_avg_yearly": 2.49,
            "eps_latest_yearly": 1.6,
            "eps_growth_yearly": 48.76
        },
        "20152": {
            "year_quarter": 20152,
            "year": 2015,
            "quarter": 2,
            "eps": 0.99,
            "eps_growth_year": 57.14,
            "eps_4q": 2.93,
            "eps_4q_growth_year": 13.62,
            "roe": 3.43,
            "roe_4q": 10.41,
            "gross_profit": 108262,
            "gross_margin": 30.09,
            "gross_margin_4q_avg": 29.1,
            "net_income": 37698,
            "net_income_4q": null,
            "revenue": 359792,
            "revenue_4q": null,
            "common_shares": 369609,
            "book_valuer_per_share": 29.36,
            "book_valuer_per_share_4q_avg": 29.39,
            "equity": 1085311,
            "current_ratio": 272.7,
            "debt_ratio": 25.45,
            "inventory_turnover_ratio": 1.33,
            "account_receivable_turnover_ratio": 1.86,
            "reinvestment_rate": -89.47,
            "research_to_sale_ratio": 3.17,
            "price_fair": 91.89,
            "eps_avg_yearly": 2.63,
            "eps_latest_yearly": 3.96,
            "eps_growth_yearly": 97.97
        },
        "20153": {
            "year_quarter": 20153,
            "year": 2015,
            "quarter": 3,
            "eps": 1.37,
            "eps_growth_year": 124.59,
            "eps_4q": 3.7,
            "eps_4q_growth_year": 34.82,
            "roe": 4.65,
            "roe_4q": 12.850000000000001,
            "gross_profit": 123601,
            "gross_margin": 34.61,
            "gross_margin_4q_avg": 30.63,
            "net_income": 52327,
            "net_income_4q": null,
            "revenue": 357168,
            "revenue_4q": null,
            "common_shares": 380697,
            "book_valuer_per_share": 30.57,
            "book_valuer_per_share_4q_avg": 29.97,
            "equity": 1166020,
            "current_ratio": 329.75,
            "debt_ratio": 21.35,
            "inventory_turnover_ratio": 1.29,
            "account_receivable_turnover_ratio": 1.74,
            "reinvestment_rate": 106.51,
            "research_to_sale_ratio": 3.19,
            "price_fair": 100.22,
            "eps_avg_yearly": 2.86,
            "eps_latest_yearly": 5.48,
            "eps_growth_yearly": 102.6
        },
        "20154": {
            "year_quarter": 20154,
            "year": 2015,
            "quarter": 4,
            "eps": 1.05,
            "eps_growth_year": 4.81,
            "eps_4q": 3.79,
            "eps_4q_growth_year": 38.73,
            "roe": 3.4,
            "roe_4q": 12.8,
            "gross_profit": 108619,
            "gross_margin": 34.6,
            "gross_margin_4q_avg": 31.79,
            "net_income": 39961,
            "net_income_4q": null,
            "revenue": 313882,
            "revenue_4q": null,
            "common_shares": 381378,
            "book_valuer_per_share": 31.01,
            "book_valuer_per_share_4q_avg": 30.25,
            "equity": 1182833,
            "current_ratio": 368.66,
            "debt_ratio": 19.51,
            "inventory_turnover_ratio": 1.12,
            "account_receivable_turnover_ratio": 1.6,
            "reinvestment_rate": -126.88,
            "research_to_sale_ratio": 3.36,
            "price_fair": 103.82,
            "eps_avg_yearly": 2.97,
            "eps_latest_yearly": 4.2,
            "eps_growth_yearly": 87.52
        },
        "20161": {
            "year_quarter": 20161,
            "year": 2016,
            "quarter": 1,
            "eps": 0.99,
            "eps_growth_year": 147.5,
            "eps_4q": 4.39,
            "eps_4q_growth_year": 69.59,
            "roe": 3.14,
            "roe_4q": 14.620000000000001,
            "gross_profit": 106520,
            "gross_margin": 37.2,
            "gross_margin_4q_avg": 34.13,
            "net_income": 37886,
            "net_income_4q": null,
            "revenue": 286373,
            "revenue_4q": null,
            "common_shares": 382180,
            "book_valuer_per_share": 32.11,
            "book_valuer_per_share_4q_avg": 30.76,
            "equity": 1227210,
            "current_ratio": 387.6,
            "debt_ratio": 18.52,
            "inventory_turnover_ratio": 1.04,
            "account_receivable_turnover_ratio": 1.65,
            "reinvestment_rate": 12.92,
            "research_to_sale_ratio": 3.36,
            "price_fair": 106.3,
            "eps_avg_yearly": 3.04,
            "eps_latest_yearly": 3.96,
            "eps_growth_yearly": 79.63
        },
        "20162": {
            "year_quarter": 20162,
            "year": 2016,
            "quarter": 2,
            "eps": 1.01,
            "eps_growth_year": 2.02,
            "eps_4q": 4.33,
            "eps_4q_growth_year": 47.91,
            "roe": 3.27,
            "roe_4q": 14.46,
            "gross_profit": 121688,
            "gross_margin": 35.55,
            "gross_margin_4q_avg": 35.49,
            "net_income": 38503,
            "net_income_4q": null,
            "revenue": 342333,
            "revenue_4q": null,
            "common_shares": 382180,
            "book_valuer_per_share": 29.58,
            "book_valuer_per_share_4q_avg": 30.82,
            "equity": 1130323,
            "current_ratio": 283.35,
            "debt_ratio": 25.73,
            "inventory_turnover_ratio": 1.37,
            "account_receivable_turnover_ratio": 1.89,
            "reinvestment_rate": -125.14,
            "research_to_sale_ratio": 2.87,
            "price_fair": 108.64,
            "eps_avg_yearly": 3.1,
            "eps_latest_yearly": 4.04,
            "eps_growth_yearly": 74.86
        },
        "20163": {
            "year_quarter": 20163,
            "year": 2016,
            "quarter": 3,
            "eps": 0.8,
            "eps_growth_year": -41.61,
            "eps_4q": 3.77,
            "eps_4q_growth_year": 2.02,
            "roe": 2.75,
            "roe_4q": 12.56,
            "gross_profit": 95719,
            "gross_margin": 34.08,
            "gross_margin_4q_avg": 35.36,
            "net_income": 31352,
            "net_income_4q": null,
            "revenue": 280884,
            "revenue_4q": null,
            "common_shares": 389824,
            "book_valuer_per_share": 29.42,
            "book_valuer_per_share_4q_avg": 30.53,
            "equity": 1149097,
            "current_ratio": 398.5,
            "debt_ratio": 18.04,
            "inventory_turnover_ratio": 1.24,
            "account_receivable_turnover_ratio": 1.5,
            "reinvestment_rate": -120.64,
            "research_to_sale_ratio": 3.41,
            "price_fair": 108.85,
            "eps_avg_yearly": 3.11,
            "eps_latest_yearly": 3.2,
            "eps_growth_yearly": 64.99
        },
        "20164": {
            "year_quarter": 20164,
            "year": 2016,
            "quarter": 4,
            "eps": 0.44,
            "eps_growth_year": -58.16,
            "eps_4q": 3.17,
            "eps_4q_growth_year": -16.31,
            "roe": 1.5,
            "roe_4q": 10.66,
            "gross_profit": 91541,
            "gross_margin": 34.32,
            "gross_margin_4q_avg": 35.29,
            "net_income": 17270,
            "net_income_4q": null,
            "revenue": 266699,
            "revenue_4q": null,
            "common_shares": 390689,
            "book_valuer_per_share": 29.59,
            "book_valuer_per_share_4q_avg": 30.18,
            "equity": 1160135,
            "current_ratio": 398.83,
            "debt_ratio": 18.46,
            "inventory_turnover_ratio": 1.19,
            "account_receivable_turnover_ratio": 1.56,
            "reinvestment_rate": -126.11,
            "research_to_sale_ratio": 3.5,
            "price_fair": 105.09,
            "eps_avg_yearly": 3,
            "eps_latest_yearly": 1.76,
            "eps_growth_yearly": 48.53
        },
        "20171": {
            "year_quarter": 20171,
            "year": 2017,
            "quarter": 1,
            "eps": 0.44,
            "eps_growth_year": -55.56,
            "eps_4q": 2.65,
            "eps_4q_growth_year": -39.76,
            "roe": 1.49,
            "roe_4q": 9.01,
            "gross_profit": 72841,
            "gross_margin": 34.63,
            "gross_margin_4q_avg": 34.65,
            "net_income": 17171,
            "net_income_4q": null,
            "revenue": 210347,
            "revenue_4q": null,
            "common_shares": 394176,
            "book_valuer_per_share": 29.13,
            "book_valuer_per_share_4q_avg": 29.43,
            "equity": 1148283,
            "current_ratio": 430.71,
            "debt_ratio": 17.02,
            "inventory_turnover_ratio": 0.89,
            "account_receivable_turnover_ratio": 1.47,
            "reinvestment_rate": 2.86,
            "research_to_sale_ratio": 3.85,
            "price_fair": 106.4,
            "eps_avg_yearly": 3.04,
            "eps_latest_yearly": 1.76,
            "eps_growth_yearly": 65.2
        },
        "20172": {
            "year_quarter": 20172,
            "year": 2017,
            "quarter": 2,
            "eps": 0.58,
            "eps_growth_year": -42.57,
            "eps_4q": 2.24,
            "eps_4q_growth_year": -48.34,
            "roe": 2.08,
            "roe_4q": 7.82,
            "gross_profit": 87269,
            "gross_margin": 35.47,
            "gross_margin_4q_avg": 34.63,
            "net_income": 23195,
            "net_income_4q": null,
            "revenue": 246060,
            "revenue_4q": null,
            "common_shares": 394176,
            "book_valuer_per_share": 27.33,
            "book_valuer_per_share_4q_avg": 28.87,
            "equity": 1077125,
            "current_ratio": 289.27,
            "debt_ratio": 23.54,
            "inventory_turnover_ratio": 1,
            "account_receivable_turnover_ratio": 1.92,
            "reinvestment_rate": 19.01,
            "research_to_sale_ratio": 3.51,
            "price_fair": 107.89,
            "eps_avg_yearly": 3.08,
            "eps_latest_yearly": 2.32,
            "eps_growth_yearly": 62.8
        },
        "20173": {
            "year_quarter": 20173,
            "year": 2017,
            "quarter": 3,
            "eps": 0.93,
            "eps_growth_year": 16.25,
            "eps_4q": 2.38,
            "eps_4q_growth_year": -36.94,
            "roe": 3.36,
            "roe_4q": 8.43,
            "gross_profit": 96349,
            "gross_margin": 35.91,
            "gross_margin_4q_avg": 35.08,
            "net_income": 37041,
            "net_income_4q": null,
            "revenue": 268307,
            "revenue_4q": null,
            "common_shares": 398118,
            "book_valuer_per_share": 28.33,
            "book_valuer_per_share_4q_avg": 28.6,
            "equity": 1127919,
            "current_ratio": 367.53,
            "debt_ratio": 18.26,
            "inventory_turnover_ratio": 1.09,
            "account_receivable_turnover_ratio": 1.87,
            "reinvestment_rate": 23.36,
            "research_to_sale_ratio": 3.28,
            "price_fair": 112.35,
            "eps_avg_yearly": 3.21,
            "eps_latest_yearly": 3.72,
            "eps_growth_yearly": 77.28
        },
        "20174": {
            "year_quarter": 20174,
            "year": 2017,
            "quarter": 4,
            "eps": 1.1,
            "eps_growth_year": 149.91,
            "eps_4q": 3.04,
            "eps_4q_growth_year": -4.29,
            "roe": 3.78,
            "roe_4q": 10.709999999999999,
            "gross_profit": 89356,
            "gross_margin": 34.08,
            "gross_margin_4q_avg": 35.02,
            "net_income": 43676,
            "net_income_4q": null,
            "revenue": 262212,
            "revenue_4q": null,
            "common_shares": 398118,
            "book_valuer_per_share": 29.66,
            "book_valuer_per_share_4q_avg": 28.61,
            "equity": 1181614,
            "current_ratio": 390.32,
            "debt_ratio": 18,
            "inventory_turnover_ratio": 1.1,
            "account_receivable_turnover_ratio": 1.72,
            "reinvestment_rate": 23.01,
            "research_to_sale_ratio": 3.51,
            "price_fair": 112.61,
            "eps_avg_yearly": 3.22,
            "eps_latest_yearly": 4.4,
            "eps_growth_yearly": 43.16
        },
        "20181": {
            "year_quarter": 20181,
            "year": 2018,
            "quarter": 1,
            "eps": 5.69,
            "eps_growth_year": 1193.18,
            "eps_4q": 8.3,
            "eps_4q_growth_year": 213.56,
            "roe": 16.53,
            "roe_4q": 25.75,
            "gross_profit": 70857,
            "gross_margin": 32.96,
            "gross_margin_4q_avg": 34.61,
            "net_income": 227074,
            "net_income_4q": null,
            "revenue": 214999,
            "revenue_4q": null,
            "common_shares": 398948,
            "book_valuer_per_share": 39.24,
            "book_valuer_per_share_4q_avg": 31.14,
            "equity": 1565394,
            "current_ratio": 502.61,
            "debt_ratio": 13.9,
            "inventory_turnover_ratio": 0.91,
            "account_receivable_turnover_ratio": 1.51,
            "reinvestment_rate": -0.22,
            "research_to_sale_ratio": 3.97,
            "price_fair": 157.76,
            "eps_avg_yearly": 4.51,
            "eps_latest_yearly": 22.76,
            "eps_growth_yearly": 160.1
        },
        "20182": {
            "year_quarter": 20182,
            "year": 2018,
            "quarter": 2,
            "eps": -1.6,
            "eps_growth_year": -375.86,
            "eps_4q": 6.12,
            "eps_4q_growth_year": 173.65,
            "roe": -4.38,
            "roe_4q": 19.290000000000003,
            "gross_profit": 99025,
            "gross_margin": 34.02,
            "gross_margin_4q_avg": 34.24,
            "net_income": -63766,
            "net_income_4q": null,
            "revenue": 291084,
            "revenue_4q": null,
            "common_shares": 398948,
            "book_valuer_per_share": 33.7,
            "book_valuer_per_share_4q_avg": 32.73,
            "equity": 1344489,
            "current_ratio": 312,
            "debt_ratio": 21.7,
            "inventory_turnover_ratio": 1.19,
            "account_receivable_turnover_ratio": 2.09,
            "reinvestment_rate": -1.19,
            "research_to_sale_ratio": 3.24,
            "price_fair": 162.4,
            "eps_avg_yearly": 4.64,
            "eps_latest_yearly": 22.76,
            "eps_growth_yearly": 165.74
        },
        "20183": {
            "year_quarter": 20183,
            "year": 2018,
            "quarter": 3,
            "eps": 0.78,
            "eps_growth_year": -16.13,
            "eps_4q": 5.97,
            "eps_4q_growth_year": 151.04,
            "roe": 2.31,
            "roe_4q": 18.240000000000002,
            "gross_profit": 98123,
            "gross_margin": 34.08,
            "gross_margin_4q_avg": 33.79,
            "net_income": 31204,
            "net_income_4q": null,
            "revenue": 287896,
            "revenue_4q": null,
            "common_shares": 398948,
            "book_valuer_per_share": 33.98,
            "book_valuer_per_share_4q_avg": 34.15,
            "equity": 1355852,
            "current_ratio": 393.76,
            "debt_ratio": 16.65,
            "inventory_turnover_ratio": 1.2,
            "account_receivable_turnover_ratio": 1.89,
            "reinvestment_rate": -4.74,
            "research_to_sale_ratio": 3.43,
            "price_fair": 167.9,
            "eps_avg_yearly": 4.8,
            "eps_latest_yearly": 22.76,
            "eps_growth_yearly": 178.48
        },
        "20184": {
            "year_quarter": 20184,
            "year": 2018,
            "quarter": 4,
            "eps": -2.23,
            "eps_growth_year": -303.17,
            "eps_4q": 2.64,
            "eps_4q_growth_year": -13.03,
            "roe": -6.98,
            "roe_4q": 7.48,
            "gross_profit": 92688,
            "gross_margin": 35.78,
            "gross_margin_4q_avg": 34.21,
            "net_income": -88955,
            "net_income_4q": null,
            "revenue": 259057,
            "revenue_4q": null,
            "common_shares": 399628,
            "book_valuer_per_share": 29.88,
            "book_valuer_per_share_4q_avg": 34.2,
            "equity": 1193900,
            "current_ratio": 357.54,
            "debt_ratio": 18.7,
            "inventory_turnover_ratio": 1.02,
            "account_receivable_turnover_ratio": 1.65,
            "reinvestment_rate": -6.04,
            "research_to_sale_ratio": 4.74,
            "price_fair": 170.05,
            "eps_avg_yearly": 4.86,
            "eps_latest_yearly": 22.76,
            "eps_growth_yearly": 172.54
        },
        "20191": {
            "year_quarter": 20191,
            "year": 2019,
            "quarter": 1,
            "eps": 0.52,
            "eps_growth_year": -90.86,
            "eps_4q": -2.55,
            "eps_4q_growth_year": -130.73,
            "roe": 1.72,
            "roe_4q": -7.33,
            "gross_profit": 79973,
            "gross_margin": 35.42,
            "gross_margin_4q_avg": 34.83,
            "net_income": 20761,
            "net_income_4q": null,
            "revenue": 225780,
            "revenue_4q": null,
            "common_shares": 400408,
            "book_valuer_per_share": 30.84,
            "book_valuer_per_share_4q_avg": 32.1,
            "equity": 1218870,
            "current_ratio": 395.69,
            "debt_ratio": 16.76,
            "inventory_turnover_ratio": 0.84,
            "account_receivable_turnover_ratio": 1.57,
            "reinvestment_rate": -12.83,
            "research_to_sale_ratio": 3.66,
            "price_fair": 179.55,
            "eps_avg_yearly": 5.13,
            "eps_latest_yearly": 22.76,
            "eps_growth_yearly": 206.92
        },
        "20192": {
            "year_quarter": 20192,
            "year": 2019,
            "quarter": 2,
            "eps": 0.35,
            "eps_growth_year": null,
            "eps_4q": -0.59,
            "eps_4q_growth_year": -109.67,
            "roe": 1.19,
            "roe_4q": -1.7600000000000002,
            "gross_profit": 113152,
            "gross_margin": 38.43,
            "gross_margin_4q_avg": 35.93,
            "net_income": 13864,
            "net_income_4q": null,
            "revenue": 294439,
            "revenue_4q": null,
            "common_shares": 400408,
            "book_valuer_per_share": 28.48,
            "book_valuer_per_share_4q_avg": 30.8,
            "equity": 1113526,
            "current_ratio": 261.82,
            "debt_ratio": 24.56,
            "inventory_turnover_ratio": 1.06,
            "account_receivable_turnover_ratio": 1.98,
            "reinvestment_rate": -11.63,
            "research_to_sale_ratio": 3.42,
            "price_fair": 172.08,
            "eps_avg_yearly": 4.92,
            "eps_latest_yearly": 1.4,
            "eps_growth_yearly": 146.85
        },
        "20193": {
            "year_quarter": 20193,
            "year": 2019,
            "quarter": 3,
            "eps": 0.84,
            "eps_growth_year": 7.69,
            "eps_4q": -0.55,
            "eps_4q_growth_year": -109.13,
            "roe": 2.97,
            "roe_4q": -1.1000000000000005,
            "gross_profit": 109628,
            "gross_margin": 38.57,
            "gross_margin_4q_avg": 37.05,
            "net_income": 33010,
            "net_income_4q": null,
            "revenue": 284231,
            "revenue_4q": null,
            "common_shares": 400408,
            "book_valuer_per_share": 28.29,
            "book_valuer_per_share_4q_avg": 29.37,
            "equity": 1106179,
            "current_ratio": 391.39,
            "debt_ratio": 16.61,
            "inventory_turnover_ratio": 1.12,
            "account_receivable_turnover_ratio": 1.59,
            "reinvestment_rate": -17.27,
            "research_to_sale_ratio": 4.13,
            "price_fair": 165.9,
            "eps_avg_yearly": 4.74,
            "eps_latest_yearly": 3.36,
            "eps_growth_yearly": 180.73
        },
        "20194": {
            "year_quarter": 20194,
            "year": 2019,
            "quarter": 4,
            "eps": 0.97,
            "eps_growth_year": null,
            "eps_4q": 2.7,
            "eps_4q_growth_year": 2.19,
            "roe": 3.38,
            "roe_4q": 9.26,
            "gross_profit": 117700,
            "gross_margin": 41.74,
            "gross_margin_4q_avg": 38.54,
            "net_income": 38053,
            "net_income_4q": null,
            "revenue": 281970,
            "revenue_4q": null,
            "common_shares": 401253,
            "book_valuer_per_share": 29.17,
            "book_valuer_per_share_4q_avg": 29.2,
            "equity": 1142182,
            "current_ratio": 400.02,
            "debt_ratio": 16.88,
            "inventory_turnover_ratio": 1.06,
            "account_receivable_turnover_ratio": 1.66,
            "reinvestment_rate": -14.53,
            "research_to_sale_ratio": 4.33,
            "price_fair": 164.97,
            "eps_avg_yearly": 4.71,
            "eps_latest_yearly": 3.88,
            "eps_growth_yearly": 193.67
        },
        "20201": {
            "year_quarter": 20201,
            "year": 2020,
            "quarter": 1,
            "eps": -1.13,
            "eps_growth_year": -317.31,
            "eps_4q": 1.06,
            "eps_4q_growth_year": null,
            "roe": -4.2,
            "roe_4q": 3.34,
            "gross_profit": 38233,
            "gross_margin": 29.82,
            "gross_margin_4q_avg": 37.14,
            "net_income": -44279,
            "net_income_4q": null,
            "revenue": 128195,
            "revenue_4q": null,
            "common_shares": 402533,
            "book_valuer_per_share": 25.12,
            "book_valuer_per_share_4q_avg": 27.77,
            "equity": 966528,
            "current_ratio": 306.82,
            "debt_ratio": 21.62,
            "inventory_turnover_ratio": 0.54,
            "account_receivable_turnover_ratio": 1.16,
            "reinvestment_rate": -22.45,
            "research_to_sale_ratio": 6.02,
            "price_fair": 167.36,
            "eps_avg_yearly": 4.78,
            "eps_latest_yearly": 3.88,
            "eps_growth_yearly": 213.36
        },
        "20202": {
            "year_quarter": 20202,
            "year": 2020,
            "quarter": 2,
            "eps": 1.19,
            "eps_growth_year": 240,
            "eps_4q": 1.91,
            "eps_4q_growth_year": null,
            "roe": 4.55,
            "roe_4q": 6.699999999999999,
            "gross_profit": 87033,
            "gross_margin": 38.37,
            "gross_margin_4q_avg": 37.13,
            "net_income": 45138,
            "net_income_4q": null,
            "revenue": 226801,
            "revenue_4q": null,
            "common_shares": 402533,
            "book_valuer_per_share": 27.02,
            "book_valuer_per_share_4q_avg": 27.4,
            "equity": 1017518,
            "current_ratio": 303.19,
            "debt_ratio": 21.59,
            "inventory_turnover_ratio": 0.85,
            "account_receivable_turnover_ratio": 2.04,
            "reinvestment_rate": -20.79,
            "research_to_sale_ratio": 3.64,
            "price_fair": 169.96,
            "eps_avg_yearly": 4.86,
            "eps_latest_yearly": 3.88,
            "eps_growth_yearly": 233.88
        },
        "20203": {
            "year_quarter": 20203,
            "year": 2020,
            "quarter": 3,
            "eps": 1.05,
            "eps_growth_year": 25,
            "eps_4q": 2.09,
            "eps_4q_growth_year": null,
            "roe": 3.8,
            "roe_4q": 7.529999999999999,
            "gross_profit": 85623,
            "gross_margin": 37.91,
            "gross_margin_4q_avg": 36.96,
            "net_income": 39683,
            "net_income_4q": null,
            "revenue": 225844,
            "revenue_4q": null,
            "common_shares": 396533,
            "book_valuer_per_share": 28.42,
            "book_valuer_per_share_4q_avg": 27.43,
            "equity": 1070784,
            "current_ratio": 466.99,
            "debt_ratio": 15.78,
            "inventory_turnover_ratio": 0.95,
            "account_receivable_turnover_ratio": 1.81,
            "reinvestment_rate": -21.11,
            "research_to_sale_ratio": 4.21,
            "price_fair": 173.46,
            "eps_avg_yearly": 4.96,
            "eps_latest_yearly": 4.2,
            "eps_growth_yearly": 237.49
        },
        "20204": {
            "year_quarter": 20204,
            "year": 2020,
            "quarter": 4,
            "eps": 1.02,
            "eps_growth_year": 4.92,
            "eps_4q": 2.09,
            "eps_4q_growth_year": -22.45,
            "roe": 3.49,
            "roe_4q": 7.64,
            "gross_profit": 84035,
            "gross_margin": 36.83,
            "gross_margin_4q_avg": 35.73,
            "net_income": 38512,
            "net_income_4q": null,
            "revenue": 228141,
            "revenue_4q": null,
            "common_shares": 396723,
            "book_valuer_per_share": 30.03,
            "book_valuer_per_share_4q_avg": 27.65,
            "equity": 1134232,
            "current_ratio": 429.3,
            "debt_ratio": 17.44,
            "inventory_turnover_ratio": 0.94,
            "account_receivable_turnover_ratio": 2.02,
            "reinvestment_rate": -17.42,
            "research_to_sale_ratio": 3.82,
            "price_fair": 181.58,
            "eps_avg_yearly": 5.19,
            "eps_latest_yearly": 4.08,
            "eps_growth_yearly": 254.35
        },
        "20211": {
            "year_quarter": 20211,
            "year": 2021,
            "quarter": 1,
            "eps": 0.01,
            "eps_growth_year": null,
            "eps_4q": 3.26,
            "eps_4q_growth_year": 208.61,
            "roe": 0.04,
            "roe_4q": 11.879999999999999,
            "gross_profit": 68614,
            "gross_margin": 31.28,
            "gross_margin_4q_avg": 36.1,
            "net_income": 434,
            "net_income_4q": null,
            "revenue": 219371,
            "revenue_4q": null,
            "common_shares": 399616,
            "book_valuer_per_share": 27.37,
            "book_valuer_per_share_4q_avg": 28.21,
            "equity": 1038837,
            "current_ratio": 312.82,
            "debt_ratio": 23.63,
            "inventory_turnover_ratio": 0.89,
            "account_receivable_turnover_ratio": 1.55,
            "reinvestment_rate": -17.69,
            "research_to_sale_ratio": 3.85,
            "price_fair": 175.56,
            "eps_avg_yearly": 5.02,
            "eps_latest_yearly": 0.04,
            "eps_growth_yearly": 214.74
        },
        "20212": {
            "year_quarter": 20212,
            "year": 2021,
            "quarter": 2,
            "eps": 0.24,
            "eps_growth_year": -79.83,
            "eps_4q": 2.31,
            "eps_4q_growth_year": 20.77,
            "roe": 0.87,
            "roe_4q": 8.2,
            "gross_profit": 74992,
            "gross_margin": 35.08,
            "gross_margin_4q_avg": 35.28,
            "net_income": 8994,
            "net_income_4q": null,
            "revenue": 213749,
            "revenue_4q": null,
            "common_shares": 399616,
            "book_valuer_per_share": 27.27,
            "book_valuer_per_share_4q_avg": 28.27,
            "equity": 1035797,
            "current_ratio": 305.66,
            "debt_ratio": 24.31,
            "inventory_turnover_ratio": 0.7,
            "account_receivable_turnover_ratio": 1.7,
            "reinvestment_rate": -35.5,
            "research_to_sale_ratio": 4.71,
            "price_fair": 170.8,
            "eps_avg_yearly": 4.88,
            "eps_latest_yearly": 0.96,
            "eps_growth_yearly": 1122.02
        },
        "20213": {
            "year_quarter": 20213,
            "year": 2021,
            "quarter": 3,
            "eps": 1.02,
            "eps_growth_year": -2.86,
            "eps_4q": 2.26,
            "eps_4q_growth_year": 8.31,
            "roe": 3.71,
            "roe_4q": 8.11,
            "gross_profit": 109896,
            "gross_margin": 34.91,
            "gross_margin_4q_avg": 34.53,
            "net_income": 39512,
            "net_income_4q": null,
            "revenue": 314807,
            "revenue_4q": null,
            "common_shares": 401616,
            "book_valuer_per_share": 28.25,
            "book_valuer_per_share_4q_avg": 28.23,
            "equity": 1093391,
            "current_ratio": 400.76,
            "debt_ratio": 18.93,
            "inventory_turnover_ratio": 0.91,
            "account_receivable_turnover_ratio": 2.72,
            "reinvestment_rate": -40,
            "research_to_sale_ratio": 3.25,
            "price_fair": 172.06,
            "eps_avg_yearly": 4.92,
            "eps_latest_yearly": 4.08,
            "eps_growth_yearly": 1227.88
        },
        "20214": {
            "year_quarter": 20214,
            "year": 2021,
            "quarter": 4,
            "eps": 1.21,
            "eps_growth_year": 18.84,
            "eps_4q": 2.47,
            "eps_4q_growth_year": 18.13,
            "roe": 4.19,
            "roe_4q": 8.809999999999999,
            "gross_profit": 110833,
            "gross_margin": 36.49,
            "gross_margin_4q_avg": 34.44,
            "net_income": 47032,
            "net_income_4q": null,
            "revenue": 303772,
            "revenue_4q": null,
            "common_shares": 402031,
            "book_valuer_per_share": 29.7,
            "book_valuer_per_share_4q_avg": 28.15,
            "equity": 1152629,
            "current_ratio": 404.87,
            "debt_ratio": 19.18,
            "inventory_turnover_ratio": 0.81,
            "account_receivable_turnover_ratio": 2.18,
            "reinvestment_rate": -42.66,
            "research_to_sale_ratio": 3.51,
            "price_fair": 173.6,
            "eps_avg_yearly": 4.96,
            "eps_latest_yearly": 4.84,
            "eps_growth_yearly": 1228.02
        },
        "20221": {
            "year_quarter": 20221,
            "year": 2022,
            "quarter": 1,
            "eps": 0.25,
            "eps_growth_year": 2400,
            "eps_4q": 2.71,
            "eps_4q_growth_year": -17.01,
            "roe": 0.85,
            "roe_4q": 9.62,
            "gross_profit": 76612,
            "gross_margin": 30.32,
            "gross_margin_4q_avg": 34.2,
            "net_income": 9640,
            "net_income_4q": null,
            "revenue": 252653,
            "revenue_4q": null,
            "common_shares": 403721,
            "book_valuer_per_share": 28.63,
            "book_valuer_per_share_4q_avg": 28.46,
            "equity": 1113091,
            "current_ratio": 346.57,
            "debt_ratio": 22.38,
            "inventory_turnover_ratio": 0.74,
            "account_receivable_turnover_ratio": 1.94,
            "reinvestment_rate": -25.45,
            "research_to_sale_ratio": 3.95,
            "price_fair": 97.44,
            "eps_avg_yearly": 2.78,
            "eps_latest_yearly": 1,
            "eps_growth_yearly": 1029.37
        },
        "20222": {
            "year_quarter": 20222,
            "year": 2022,
            "quarter": 2,
            "eps": 0.33,
            "eps_growth_year": 37.5,
            "eps_4q": 2.81,
            "eps_4q_growth_year": 21.79,
            "roe": 1.17,
            "roe_4q": 9.920000000000002,
            "gross_profit": 79252,
            "gross_margin": 32.75,
            "gross_margin_4q_avg": 33.62,
            "net_income": 13021,
            "net_income_4q": null,
            "revenue": 242006,
            "revenue_4q": null,
            "common_shares": 393721,
            "book_valuer_per_share": 28.61,
            "book_valuer_per_share_4q_avg": 28.8,
            "equity": 1112110,
            "current_ratio": 363.94,
            "debt_ratio": 21.2,
            "inventory_turnover_ratio": 0.71,
            "account_receivable_turnover_ratio": 2.1,
            "reinvestment_rate": -20.2,
            "research_to_sale_ratio": 4.33,
            "price_fair": 92.78,
            "eps_avg_yearly": 2.65,
            "eps_latest_yearly": 1.32,
            "eps_growth_yearly": 947.43
        },
        "20223": {
            "year_quarter": 20223,
            "year": 2022,
            "quarter": 3,
            "eps": 0.14,
            "eps_growth_year": -86.27,
            "eps_4q": 1.93,
            "eps_4q_growth_year": -14.67,
            "roe": 0.47,
            "roe_4q": 6.68,
            "gross_profit": 71319,
            "gross_margin": 33.85,
            "gross_margin_4q_avg": 33.35,
            "net_income": 5261,
            "net_income_4q": null,
            "revenue": 210693,
            "revenue_4q": null,
            "common_shares": 393721,
            "book_valuer_per_share": 28.9,
            "book_valuer_per_share_4q_avg": 28.96,
            "equity": 1123355,
            "current_ratio": 576.07,
            "debt_ratio": 13.71,
            "inventory_turnover_ratio": 0.67,
            "account_receivable_turnover_ratio": 2.13,
            "reinvestment_rate": -19.84,
            "research_to_sale_ratio": 4.49,
            "price_fair": 86.68,
            "eps_avg_yearly": 2.48,
            "eps_latest_yearly": 0.56,
            "eps_growth_yearly": 849.29
        },
        "20224": {
            "year_quarter": 20224,
            "year": 2022,
            "quarter": 4,
            "eps": 0.63,
            "eps_growth_year": -48.11,
            "eps_4q": 1.35,
            "eps_4q_growth_year": -45.56,
            "roe": 2.17,
            "roe_4q": 4.659999999999999,
            "gross_profit": 70323,
            "gross_margin": 33.74,
            "gross_margin_4q_avg": 32.67,
            "net_income": 24472,
            "net_income_4q": null,
            "revenue": 208449,
            "revenue_4q": null,
            "common_shares": 394223,
            "book_valuer_per_share": 29.14,
            "book_valuer_per_share_4q_avg": 28.82,
            "equity": 1134237,
            "current_ratio": 579.78,
            "debt_ratio": 13.97,
            "inventory_turnover_ratio": 0.74,
            "account_receivable_turnover_ratio": 2.2,
            "reinvestment_rate": -19.79,
            "research_to_sale_ratio": 4.39,
            "price_fair": 86.8,
            "eps_avg_yearly": 2.48,
            "eps_latest_yearly": 2.52,
            "eps_growth_yearly": 891.65
        },
        "20231": {
            "year_quarter": 20231,
            "year": 2023,
            "quarter": 1,
            "eps": 0.02,
            "eps_growth_year": -92,
            "eps_4q": 1.12,
            "eps_4q_growth_year": -58.61,
            "roe": 0.08,
            "roe_4q": 3.8899999999999997,
            "gross_profit": 51133,
            "gross_margin": 31.51,
            "gross_margin_4q_avg": 32.96,
            "net_income": 916,
            "net_income_4q": null,
            "revenue": 162286,
            "revenue_4q": null,
            "common_shares": 394956,
            "book_valuer_per_share": 27.69,
            "book_valuer_per_share_4q_avg": 28.59,
            "equity": 1079940,
            "current_ratio": 451.99,
            "debt_ratio": 18.22,
            "inventory_turnover_ratio": 0.65,
            "account_receivable_turnover_ratio": 1.62,
            "reinvestment_rate": -29.07,
            "research_to_sale_ratio": 5.06,
            "price_fair": 80.8,
            "eps_avg_yearly": 2.31,
            "eps_latest_yearly": 0.08,
            "eps_growth_yearly": 800.29
        },
        "20232": {
            "year_quarter": 20232,
            "year": 2023,
            "quarter": 2,
            "eps": -0.18,
            "eps_growth_year": -154.55,
            "eps_4q": 0.61,
            "eps_4q_growth_year": -78.45,
            "roe": -0.66,
            "roe_4q": 2.0599999999999996,
            "gross_profit": 58587,
            "gross_margin": 32.16,
            "gross_margin_4q_avg": 32.82,
            "net_income": -7039,
            "net_income_4q": null,
            "revenue": 182174,
            "revenue_4q": null,
            "common_shares": 394955,
            "book_valuer_per_share": 26.76,
            "book_valuer_per_share_4q_avg": 28.12,
            "equity": 1043378,
            "current_ratio": 694.9,
            "debt_ratio": 12.43,
            "inventory_turnover_ratio": 0.81,
            "account_receivable_turnover_ratio": 2.08,
            "reinvestment_rate": -57.39,
            "research_to_sale_ratio": 5.55,
            "price_fair": 83.25,
            "eps_avg_yearly": 2.38,
            "eps_latest_yearly": 0.08,
            "eps_growth_yearly": 871.91
        },
        "20233": {
            "year_quarter": 20233,
            "year": 2023,
            "quarter": 3,
            "eps": 0.06,
            "eps_growth_year": -57.14,
            "eps_4q": 0.53,
            "eps_4q_growth_year": -72.52,
            "roe": 0.22,
            "roe_4q": 1.8099999999999998,
            "gross_profit": 62191,
            "gross_margin": 32.61,
            "gross_margin_4q_avg": 32.51,
            "net_income": 2314,
            "net_income_4q": null,
            "revenue": 190730,
            "revenue_4q": null,
            "common_shares": 394956,
            "book_valuer_per_share": 27.51,
            "book_valuer_per_share_4q_avg": 27.78,
            "equity": 1072897,
            "current_ratio": 708.33,
            "debt_ratio": 12.2,
            "inventory_turnover_ratio": 0.98,
            "account_receivable_turnover_ratio": 2.1,
            "reinvestment_rate": -59.04,
            "research_to_sale_ratio": 5.49,
            "price_fair": 80.38,
            "eps_avg_yearly": 2.3,
            "eps_latest_yearly": 0.08,
            "eps_growth_yearly": 897.91
        },
        "20234": {
            "year_quarter": 20234,
            "year": 2023,
            "quarter": 4,
            "eps": 0.92,
            "eps_growth_year": 46.27,
            "eps_4q": 0.85,
            "eps_4q_growth_year": -36.6,
            "roe": 3.94,
            "roe_4q": 3.58,
            "gross_profit": 86190,
            "gross_margin": 31.14,
            "gross_margin_4q_avg": 31.86,
            "net_income": 52877,
            "net_income_4q": null,
            "revenue": 276743,
            "revenue_4q": null,
            "common_shares": 579966,
            "book_valuer_per_share": 28,
            "book_valuer_per_share_4q_avg": 27.49,
            "equity": 1609843,
            "current_ratio": 287.22,
            "debt_ratio": 26.52,
            "inventory_turnover_ratio": 1.45,
            "account_receivable_turnover_ratio": 1.5,
            "reinvestment_rate": 32.95,
            "research_to_sale_ratio": 6.94,
            "price_fair": 79.8,
            "eps_avg_yearly": 2.28,
            "eps_latest_yearly": 3.68,
            "eps_growth_yearly": 1370.53
        }
    },
    "months": {
        "2011-02": {
            "month": "2011-02",
            "price": "79.37",
            "revenue": 44323
        },
        "2011-03": {
            "month": "2011-03",
            "price": "68.69",
            "revenue": 87044
        },
        "2011-04": {
            "month": "2011-04",
            "price": "59.74",
            "revenue": 90213
        },
        "2011-05": {
            "month": "2011-05",
            "price": "56.16",
            "revenue": 91954
        },
        "2011-06": {
            "month": "2011-06",
            "price": "52.23",
            "revenue": 108200
        },
        "2011-07": {
            "month": "2011-07",
            "price": "46.65",
            "revenue": 85137
        },
        "2011-08": {
            "month": "2011-08",
            "price": "41.50",
            "revenue": 81430
        },
        "2011-09": {
            "month": "2011-09",
            "price": "39.38",
            "revenue": 90113
        },
        "2011-10": {
            "month": "2011-10",
            "price": "39.33",
            "revenue": 70847
        },
        "2011-11": {
            "month": "2011-11",
            "price": "38.38",
            "revenue": 96850
        },
        "2011-12": {
            "month": "2011-12",
            "price": "33.30",
            "revenue": 93280
        },
        "2012-01": {
            "month": "2012-01",
            "price": "31.66",
            "revenue": 71536
        },
        "2012-02": {
            "month": "2012-02",
            "price": "31.61",
            "revenue": 74633
        },
        "2012-03": {
            "month": "2012-03",
            "price": "36.86",
            "revenue": 90328
        },
        "2012-04": {
            "month": "2012-04",
            "price": "34.03",
            "revenue": 87356
        },
        "2012-05": {
            "month": "2012-05",
            "price": "32.93",
            "revenue": 97035
        },
        "2012-06": {
            "month": "2012-06",
            "price": "35.81",
            "revenue": 98925
        },
        "2012-07": {
            "month": "2012-07",
            "price": "33.39",
            "revenue": 89965
        },
        "2012-08": {
            "month": "2012-08",
            "price": "34.30",
            "revenue": 104961
        },
        "2012-09": {
            "month": "2012-09",
            "price": "34.77",
            "revenue": 98996
        },
        "2012-10": {
            "month": "2012-10",
            "price": "34.48",
            "revenue": 84716
        },
        "2012-11": {
            "month": "2012-11",
            "price": "32.98",
            "revenue": 112760
        },
        "2012-12": {
            "month": "2012-12",
            "price": "30.51",
            "revenue": 90777
        },
        "2013-01": {
            "month": "2013-01",
            "price": "29.97",
            "revenue": 94969
        },
        "2013-02": {
            "month": "2013-02",
            "price": "30.04",
            "revenue": 47032
        },
        "2013-03": {
            "month": "2013-03",
            "price": "34.96",
            "revenue": 100434
        },
        "2013-04": {
            "month": "2013-04",
            "price": "39.98",
            "revenue": 90508
        },
        "2013-05": {
            "month": "2013-05",
            "price": "41.56",
            "revenue": 81836
        },
        "2013-06": {
            "month": "2013-06",
            "price": "34.12",
            "revenue": 71720
        },
        "2013-07": {
            "month": "2013-07",
            "price": "30.55",
            "revenue": 76954
        },
        "2013-08": {
            "month": "2013-08",
            "price": "25.57",
            "revenue": 104031
        },
        "2013-09": {
            "month": "2013-09",
            "price": "27.24",
            "revenue": 93519
        },
        "2013-10": {
            "month": "2013-10",
            "price": "25.32",
            "revenue": 89021
        },
        "2013-11": {
            "month": "2013-11",
            "price": "24.34",
            "revenue": 97423
        },
        "2013-12": {
            "month": "2013-12",
            "price": "30.91",
            "revenue": 110064
        },
        "2014-01": {
            "month": "2014-01",
            "price": "34.90",
            "revenue": 78939
        },
        "2014-02": {
            "month": "2014-02",
            "price": "31.01",
            "revenue": 76228
        },
        "2014-03": {
            "month": "2014-03",
            "price": "34.55",
            "revenue": 97931
        },
        "2014-04": {
            "month": "2014-04",
            "price": "32.58",
            "revenue": 102856
        },
        "2014-05": {
            "month": "2014-05",
            "price": "31.60",
            "revenue": 102816
        },
        "2014-06": {
            "month": "2014-06",
            "price": "33.46",
            "revenue": 85690
        },
        "2014-07": {
            "month": "2014-07",
            "price": "32.52",
            "revenue": 102751
        },
        "2014-08": {
            "month": "2014-08",
            "price": "30.29",
            "revenue": 108887
        },
        "2014-09": {
            "month": "2014-09",
            "price": "31.28",
            "revenue": 106567
        },
        "2014-10": {
            "month": "2014-10",
            "price": "29.32",
            "revenue": 102590
        },
        "2014-11": {
            "month": "2014-11",
            "price": "28.93",
            "revenue": 102443
        },
        "2014-12": {
            "month": "2014-12",
            "price": "29.54",
            "revenue": 106288
        },
        "2015-01": {
            "month": "2015-01",
            "price": "29.38",
            "revenue": 111669
        },
        "2015-02": {
            "month": "2015-02",
            "price": "29.27",
            "revenue": 58684
        },
        "2015-03": {
            "month": "2015-03",
            "price": "31.62",
            "revenue": 105488
        },
        "2015-04": {
            "month": "2015-04",
            "price": "31.96",
            "revenue": 118463
        },
        "2015-05": {
            "month": "2015-05",
            "price": "32.58",
            "revenue": 126100
        },
        "2015-06": {
            "month": "2015-06",
            "price": "36.44",
            "revenue": 115229
        },
        "2015-07": {
            "month": "2015-07",
            "price": "34.46",
            "revenue": 111137
        },
        "2015-08": {
            "month": "2015-08",
            "price": "33.82",
            "revenue": 123687
        },
        "2015-09": {
            "month": "2015-09",
            "price": "35.63",
            "revenue": 122344
        },
        "2015-10": {
            "month": "2015-10",
            "price": "37.04",
            "revenue": 95696
        },
        "2015-11": {
            "month": "2015-11",
            "price": "38.61",
            "revenue": 98753
        },
        "2015-12": {
            "month": "2015-12",
            "price": "36.07",
            "revenue": 119433
        },
        "2016-01": {
            "month": "2016-01",
            "price": "35.12",
            "revenue": 116008
        },
        "2016-02": {
            "month": "2016-02",
            "price": "36.71",
            "revenue": 58183
        },
        "2016-03": {
            "month": "2016-03",
            "price": "41.84",
            "revenue": 112182
        },
        "2016-04": {
            "month": "2016-04",
            "price": "42.69",
            "revenue": 114768
        },
        "2016-05": {
            "month": "2016-05",
            "price": "42.53",
            "revenue": 125479
        },
        "2016-06": {
            "month": "2016-06",
            "price": "42.63",
            "revenue": 102086
        },
        "2016-07": {
            "month": "2016-07",
            "price": "41.07",
            "revenue": 95671
        },
        "2016-08": {
            "month": "2016-08",
            "price": "38.85",
            "revenue": 88716
        },
        "2016-09": {
            "month": "2016-09",
            "price": "37.30",
            "revenue": 96497
        },
        "2016-10": {
            "month": "2016-10",
            "price": "35.53",
            "revenue": 78096
        },
        "2016-11": {
            "month": "2016-11",
            "price": "34.59",
            "revenue": 93793
        },
        "2016-12": {
            "month": "2016-12",
            "price": "34.67",
            "revenue": 94810
        },
        "2017-01": {
            "month": "2017-01",
            "price": "34.67",
            "revenue": 67498
        },
        "2017-02": {
            "month": "2017-02",
            "price": "33.87",
            "revenue": 51227
        },
        "2017-03": {
            "month": "2017-03",
            "price": "35.44",
            "revenue": 91622
        },
        "2017-04": {
            "month": "2017-04",
            "price": "35.59",
            "revenue": 84609
        },
        "2017-05": {
            "month": "2017-05",
            "price": "33.20",
            "revenue": 81441
        },
        "2017-06": {
            "month": "2017-06",
            "price": "32.53",
            "revenue": 80057
        },
        "2017-07": {
            "month": "2017-07",
            "price": "31.92",
            "revenue": 88327
        },
        "2017-08": {
            "month": "2017-08",
            "price": "30.04",
            "revenue": 86356
        },
        "2017-09": {
            "month": "2017-09",
            "price": "29.88",
            "revenue": 93577
        },
        "2017-10": {
            "month": "2017-10",
            "price": "29.92",
            "revenue": 81024
        },
        "2017-11": {
            "month": "2017-11",
            "price": "30.65",
            "revenue": 81859
        },
        "2017-12": {
            "month": "2017-12",
            "price": "30.45",
            "revenue": 99329
        },
        "2018-01": {
            "month": "2018-01",
            "price": "31.02",
            "revenue": 79463
        },
        "2018-02": {
            "month": "2018-02",
            "price": "31.17",
            "revenue": 54804
        },
        "2018-03": {
            "month": "2018-03",
            "price": "39.64",
            "revenue": 80732
        },
        "2018-04": {
            "month": "2018-04",
            "price": "38.68",
            "revenue": 99648
        },
        "2018-05": {
            "month": "2018-05",
            "price": "41.03",
            "revenue": 104500
        },
        "2018-06": {
            "month": "2018-06",
            "price": "40.69",
            "revenue": 86936
        },
        "2018-07": {
            "month": "2018-07",
            "price": "37.02",
            "revenue": 107997
        },
        "2018-08": {
            "month": "2018-08",
            "price": "35.84",
            "revenue": 91651
        },
        "2018-09": {
            "month": "2018-09",
            "price": "34.43",
            "revenue": 88248
        },
        "2018-10": {
            "month": "2018-10",
            "price": "31.18",
            "revenue": 74647
        },
        "2018-11": {
            "month": "2018-11",
            "price": "30.65",
            "revenue": 81264
        },
        "2018-12": {
            "month": "2018-12",
            "price": "30.81",
            "revenue": 103146
        },
        "2019-01": {
            "month": "2019-01",
            "price": "31.38",
            "revenue": 100681
        },
        "2019-02": {
            "month": "2019-02",
            "price": "33.86",
            "revenue": 32674
        },
        "2019-03": {
            "month": "2019-03",
            "price": "33.64",
            "revenue": 92425
        },
        "2019-04": {
            "month": "2019-04",
            "price": "34.34",
            "revenue": 99777
        },
        "2019-05": {
            "month": "2019-05",
            "price": "33.30",
            "revenue": 95086
        },
        "2019-06": {
            "month": "2019-06",
            "price": "32.20",
            "revenue": 99576
        },
        "2019-07": {
            "month": "2019-07",
            "price": "31.19",
            "revenue": 97362
        },
        "2019-08": {
            "month": "2019-08",
            "price": "30.55",
            "revenue": 96542
        },
        "2019-09": {
            "month": "2019-09",
            "price": "30.60",
            "revenue": 90327
        },
        "2019-10": {
            "month": "2019-10",
            "price": "30.21",
            "revenue": 75537
        },
        "2019-11": {
            "month": "2019-11",
            "price": "30.40",
            "revenue": 103195
        },
        "2019-12": {
            "month": "2019-12",
            "price": "31.57",
            "revenue": 103238
        },
        "2020-01": {
            "month": "2020-01",
            "price": "31.46",
            "revenue": 60054
        },
        "2020-02": {
            "month": "2020-02",
            "price": "29.69",
            "revenue": 4453
        },
        "2020-03": {
            "month": "2020-03",
            "price": "28.71",
            "revenue": 63688
        },
        "2020-04": {
            "month": "2020-04",
            "price": "29.17",
            "revenue": 70720
        },
        "2020-05": {
            "month": "2020-05",
            "price": "29.99",
            "revenue": 63763
        },
        "2020-06": {
            "month": "2020-06",
            "price": "29.97",
            "revenue": 92318
        },
        "2020-07": {
            "month": "2020-07",
            "price": "28.22",
            "revenue": 76061
        },
        "2020-08": {
            "month": "2020-08",
            "price": "27.71",
            "revenue": 80909
        },
        "2020-09": {
            "month": "2020-09",
            "price": "27.81",
            "revenue": 68874
        },
        "2020-10": {
            "month": "2020-10",
            "price": "27.46",
            "revenue": 60554
        },
        "2020-11": {
            "month": "2020-11",
            "price": "28.21",
            "revenue": 62054
        },
        "2020-12": {
            "month": "2020-12",
            "price": "28.47",
            "revenue": 105533
        },
        "2021-01": {
            "month": "2021-01",
            "price": "28.41",
            "revenue": 85025
        },
        "2021-02": {
            "month": "2021-02",
            "price": "28.75",
            "revenue": 46380
        },
        "2021-03": {
            "month": "2021-03",
            "price": "34.51",
            "revenue": 87966
        },
        "2021-04": {
            "month": "2021-04",
            "price": "37.04",
            "revenue": 68897
        },
        "2021-05": {
            "month": "2021-05",
            "price": "33.66",
            "revenue": 74922
        },
        "2021-06": {
            "month": "2021-06",
            "price": "33.56",
            "revenue": 69930
        },
        "2021-07": {
            "month": "2021-07",
            "price": "31.81",
            "revenue": 118759
        },
        "2021-08": {
            "month": "2021-08",
            "price": "30.58",
            "revenue": 74299
        },
        "2021-09": {
            "month": "2021-09",
            "price": "30.28",
            "revenue": 121749
        },
        "2021-10": {
            "month": "2021-10",
            "price": "30.70",
            "revenue": 96399
        },
        "2021-11": {
            "month": "2021-11",
            "price": "31.32",
            "revenue": 104540
        },
        "2021-12": {
            "month": "2021-12",
            "price": "31.72",
            "revenue": 102833
        },
        "2022-01": {
            "month": "2022-01",
            "price": "31.77",
            "revenue": 106754
        },
        "2022-02": {
            "month": "2022-02",
            "price": "32.24",
            "revenue": 60288
        },
        "2022-03": {
            "month": "2022-03",
            "price": "32.69",
            "revenue": 85611
        },
        "2022-04": {
            "month": "2022-04",
            "price": "32.53",
            "revenue": 86670
        },
        "2022-05": {
            "month": "2022-05",
            "price": "32.15",
            "revenue": 78441
        },
        "2022-06": {
            "month": "2022-06",
            "price": "31.08",
            "revenue": 76895
        },
        "2022-07": {
            "month": "2022-07",
            "price": "29.90",
            "revenue": 64710
        },
        "2022-08": {
            "month": "2022-08",
            "price": "30.18",
            "revenue": 76785
        },
        "2022-09": {
            "month": "2022-09",
            "price": "30.95",
            "revenue": 69198
        },
        "2022-10": {
            "month": "2022-10",
            "price": "30.03",
            "revenue": 54286
        },
        "2022-11": {
            "month": "2022-11",
            "price": "29.71",
            "revenue": 73431
        },
        "2022-12": {
            "month": "2022-12",
            "price": "29.61",
            "revenue": 80732
        },
        "2023-01": {
            "month": "2023-01",
            "price": "29.51",
            "revenue": 39062
        },
        "2023-02": {
            "month": "2023-02",
            "price": "29.90",
            "revenue": 43010
        },
        "2023-03": {
            "month": "2023-03",
            "price": "30.05",
            "revenue": 80214
        },
        "2023-04": {
            "month": "2023-04",
            "price": "29.65",
            "revenue": 67386
        },
        "2023-05": {
            "month": "2023-05",
            "price": "29.12",
            "revenue": 61409
        },
        "2023-06": {
            "month": "2023-06",
            "price": "28.98",
            "revenue": 53379
        },
        "2023-07": {
            "month": "2023-07",
            "price": "28.55",
            "revenue": 66162
        },
        "2023-08": {
            "month": "2023-08",
            "price": "28.23",
            "revenue": 65293
        },
        "2023-09": {
            "month": "2023-09",
            "price": "28.26",
            "revenue": 59275
        },
        "2023-10": {
            "month": "2023-10",
            "price": "27.99",
            "revenue": 49979
        },
        "2023-11": {
            "month": "2023-11",
            "price": "27.89",
            "revenue": 98279
        },
        "2023-12": {
            "month": "2023-12",
            "price": "28.43",
            "revenue": 128487
        }
    }
}
