{
    "summary": {
        "stock_name": "廣穎",
        "stock_id": "4973",
        "category": "半導體",
        "main_business": "快閃記憶體相關產品之製造及買賣<br>記憶體模組之製造及買賣",
        "website_url": "http://www.silicon-power.com",
        "ceo": "袁培榮",
        "pe_ratio": 9,
        "report_year_from": 2009,
        "report_year_to": 2023,
        "age": 14,
        "eps_negative_percentage": 0,
        "eps_growth_avg": {
            "last_all": 7.14,
            "last_2y": 2.2,
            "last_4y": 24.03,
            "last_8y": 2.15,
            "last_12y": null,
            "last_16y": null,
            "last_20y": null,
            "at_2006_last_3y": null,
            "at_2007_last_3y": null,
            "at_2008_last_3y": null,
            "at_2009_last_3y": null,
            "at_2010_last_3y": null,
            "at_2011_last_3y": null,
            "at_2012_last_3y": null,
            "at_2013_last_3y": null,
            "at_2014_last_3y": null,
            "at_2015_last_3y": -13.58,
            "at_2016_last_3y": -3.87,
            "at_2017_last_3y": -25.19,
            "at_2018_last_3y": 13.06,
            "at_2019_last_3y": 31.57,
            "at_2020_last_3y": 0.61,
            "at_2021_last_3y": 5.03,
            "at_2022_last_3y": 5.03,
            "at_2023_last_3y": 5.03,
            "at_2006_last_all": null,
            "at_2007_last_all": null,
            "at_2008_last_all": null,
            "at_2009_last_all": null,
            "at_2010_last_all": null,
            "at_2011_last_all": null,
            "at_2012_last_all": null,
            "at_2013_last_all": 29.58,
            "at_2014_last_all": 2.05,
            "at_2015_last_all": -13.58,
            "at_2016_last_all": 9.13,
            "at_2017_last_all": -6.93,
            "at_2018_last_all": 8.34,
            "at_2019_last_all": 8.99,
            "at_2020_last_all": 5.34,
            "at_2021_last_all": -2.15,
            "at_2022_last_all": 7.14,
            "at_2023_last_all": 7.14
        },
        "latest_eps": 3.34,
        "latest_price": 31,
        "latest_roe": 11.01,
        "latest_gross_margin": 18.98,
        "latest_equity": 2022240,
        "latest_revenue": 1077279,
        "latest_gross_profit": 204501,
        "latest_net_income": 10037,
        "latest_debt_ratio": 30.9,
        "latest_current_ratio": 203.41,
        "latest_account_receivable_turnover_ratio": 2.36,
        "latest_inventory_turnover_ratio": 0.93,
        "latest_reinvestment_rate": -13.71,
        "latest_research_to_sale_ratio": 1
    },
    "eps_dividends": {
        "2001": {
            "cash": 0,
            "stock": 0,
            "eps": 0
        },
        "2002": {
            "cash": 0,
            "stock": 0,
            "eps": 0
        },
        "2003": {
            "cash": 0,
            "stock": 0,
            "eps": 0
        },
        "2004": {
            "cash": 0,
            "stock": 0,
            "eps": 0
        },
        "2005": {
            "cash": 0,
            "stock": 0,
            "eps": 0
        },
        "2006": {
            "cash": 0,
            "stock": 0,
            "eps": 0
        },
        "2007": {
            "cash": 0,
            "stock": 0,
            "eps": 0
        },
        "2008": {
            "cash": 0,
            "stock": 0,
            "eps": 0
        },
        "2009": {
            "cash": 0,
            "stock": 0,
            "eps": 0
        },
        "2010": {
            "cash": 0,
            "stock": 0,
            "eps": 0
        },
        "2011": {
            "cash": 1.5,
            "stock": 1,
            "eps": 2.83
        },
        "2012": {
            "cash": 1.7,
            "stock": 0.3,
            "eps": 4.56
        },
        "2013": {
            "cash": 3.5,
            "stock": 0,
            "eps": 4.47
        },
        "2014": {
            "cash": 3.5,
            "stock": 0,
            "eps": 2.1
        },
        "2015": {
            "cash": 1.5,
            "stock": 0,
            "eps": 0.83
        },
        "2016": {
            "cash": 1.2,
            "stock": 0,
            "eps": 2.12
        },
        "2017": {
            "cash": 1.8,
            "stock": 0,
            "eps": 0.27
        },
        "2018": {
            "cash": 1,
            "stock": 0,
            "eps": 1.33
        },
        "2019": {
            "cash": 1.2,
            "stock": 0,
            "eps": 1.51
        },
        "2020": {
            "cash": 1.2,
            "stock": 0,
            "eps": 1.15
        },
        "2021": {
            "cash": 1,
            "stock": 0,
            "eps": 0.35
        },
        "2022": {
            "cash": 1,
            "stock": 0,
            "eps": 2.89
        },
        "2023": {
            "cash": 2,
            "stock": 0,
            "eps": 0.54
        }
    },
    "dividends": {
        "2011-04-11": {
            "cash": 1.5,
            "stock": 1
        },
        "2012-04-23": {
            "cash": 1.7,
            "stock": 0.3
        },
        "2013-06-26": {
            "cash": 3.5,
            "stock": 0
        },
        "2014-10-09": {
            "cash": 3.5,
            "stock": 0
        },
        "2015-09-25": {
            "cash": 1.5,
            "stock": 0
        },
        "2016-09-14": {
            "cash": 1.2,
            "stock": 0
        },
        "2017-09-15": {
            "cash": 1.8,
            "stock": 0
        },
        "2018-08-01": {
            "cash": 1,
            "stock": 0
        },
        "2019-08-05": {
            "cash": 1.2,
            "stock": 0
        },
        "2020-05-15": {
            "cash": 1.2,
            "stock": 0
        },
        "2021-05-17": {
            "cash": 1,
            "stock": 0
        },
        "2022-05-20": {
            "cash": 1,
            "stock": 0
        },
        "2023-05-19": {
            "cash": 2,
            "stock": 0
        }
    },
    "prices": {
        "200101": "無",
        "200102": "無",
        "200103": "無",
        "200104": "無",
        "200105": "無",
        "200106": "無",
        "200107": "無",
        "200108": "無",
        "200109": "無",
        "200110": "無",
        "200111": "無",
        "200112": "無",
        "200201": "無",
        "200202": "無",
        "200203": "無",
        "200204": "無",
        "200205": "無",
        "200206": "無",
        "200207": "無",
        "200208": "無",
        "200209": "無",
        "200210": "無",
        "200211": "無",
        "200212": "無",
        "200301": "無",
        "200302": "無",
        "200303": "無",
        "200304": "無",
        "200305": "無",
        "200306": "無",
        "200307": "無",
        "200308": "無",
        "200309": "無",
        "200310": "無",
        "200311": "無",
        "200312": "無",
        "200401": "無",
        "200402": "無",
        "200403": "無",
        "200404": "無",
        "200405": "無",
        "200406": "無",
        "200407": "無",
        "200408": "無",
        "200409": "無",
        "200410": "無",
        "200411": "無",
        "200412": "無",
        "200501": "無",
        "200502": "無",
        "200503": "無",
        "200504": "無",
        "200505": "無",
        "200506": "無",
        "200507": "無",
        "200508": "無",
        "200509": "無",
        "200510": "無",
        "200511": "無",
        "200512": "無",
        "200601": "無",
        "200602": "無",
        "200603": "無",
        "200604": "無",
        "200605": "無",
        "200606": "無",
        "200607": "無",
        "200608": "無",
        "200609": "無",
        "200610": "無",
        "200611": "無",
        "200612": "無",
        "200701": "無",
        "200702": "無",
        "200703": "無",
        "200704": "無",
        "200705": "無",
        "200706": "無",
        "200707": "無",
        "200708": "無",
        "200709": "無",
        "200710": "無",
        "200711": "無",
        "200712": "無",
        "200801": "無",
        "200802": "無",
        "200803": "無",
        "200804": "無",
        "200805": "無",
        "200806": "無",
        "200807": "無",
        "200808": "無",
        "200809": "無",
        "200810": "無",
        "200811": "無",
        "200812": "無",
        "200901": "無",
        "200902": "無",
        "200903": "無",
        "200904": "無",
        "200905": "無",
        "200906": "無",
        "200907": "無",
        "200908": "無",
        "200909": "無",
        "200910": "無",
        "200911": "無",
        "200912": "無",
        "201001": "無",
        "201002": "無",
        "201003": "無",
        "201004": "無",
        "201005": "無",
        "201006": "無",
        "201007": "無",
        "201008": "無",
        "201009": "無",
        "201010": "無",
        "201011": "無",
        "201012": "無",
        "201101": "46.12",
        "201102": "42.36",
        "201103": "37.50",
        "201104": "37.18",
        "201105": "39.12",
        "201106": "37.06",
        "201107": "36.23",
        "201108": "29.98",
        "201109": "27.28",
        "201110": "26.71",
        "201111": "26.66",
        "201112": "26.50",
        "201201": "28.10",
        "201202": "34.60",
        "201203": "38.71",
        "201204": "38.98",
        "201205": "37.39",
        "201206": "31.88",
        "201207": "32.57",
        "201208": "35.51",
        "201209": "37.37",
        "201210": "35.00",
        "201211": "41.31",
        "201212": "48.12",
        "201301": "50.76",
        "201302": "49.65",
        "201303": "52.83",
        "201304": "46.71",
        "201305": "46.38",
        "201306": "47.47",
        "201307": "47.92",
        "201308": "44.05",
        "201309": "39.85",
        "201310": "40.46",
        "201311": "37.11",
        "201312": "38.49",
        "201401": "38.81",
        "201402": "38.44",
        "201403": "40.66",
        "201404": "42.56",
        "201405": "42.45",
        "201406": "42.84",
        "201407": "41.64",
        "201408": "38.35",
        "201409": "33.63",
        "201410": "29.27",
        "201411": "29.22",
        "201412": "30.45",
        "201501": "31.04",
        "201502": "30.40",
        "201503": "30.07",
        "201504": "26.38",
        "201505": "23.70",
        "201506": "20.16",
        "201507": "18.02",
        "201508": "14.95",
        "201509": "15.74",
        "201510": "17.55",
        "201511": "16.35",
        "201512": "16.68",
        "201601": "14.96",
        "201602": "14.75",
        "201603": "16.20",
        "201604": "17.02",
        "201605": "18.49",
        "201606": "23.65",
        "201607": "23.10",
        "201608": "25.53",
        "201609": "25.08",
        "201610": "22.77",
        "201611": "20.96",
        "201612": "21.04",
        "201701": "20.20",
        "201702": "20.17",
        "201703": "21.72",
        "201704": "22.72",
        "201705": "22.26",
        "201706": "22.09",
        "201707": "21.47",
        "201708": "20.15",
        "201709": "19.65",
        "201710": "19.94",
        "201711": "20.04",
        "201712": "18.95",
        "201801": "19.22",
        "201802": "18.14",
        "201803": "19.82",
        "201804": "19.15",
        "201805": "17.03",
        "201806": "16.60",
        "201807": "15.95",
        "201808": "15.37",
        "201809": "14.35",
        "201810": "13.04",
        "201811": "13.85",
        "201812": "15.02",
        "201901": "14.58",
        "201902": "14.41",
        "201903": "15.64",
        "201904": "17.73",
        "201905": "17.31",
        "201906": "17.23",
        "201907": "17.35",
        "201908": "17.27",
        "201909": "17.40",
        "201910": "17.52",
        "201911": "20.98",
        "201912": "24.74",
        "202001": "27.90",
        "202002": "32.44",
        "202003": "25.54",
        "202004": "25.28",
        "202005": "24.76",
        "202006": "26.62",
        "202007": "28.70",
        "202008": "24.26",
        "202009": "22.54",
        "202010": "22.46",
        "202011": "22.88",
        "202012": "25.81",
        "202101": "24.87",
        "202102": "24.41",
        "202103": "24.96",
        "202104": "28.48",
        "202105": "25.19",
        "202106": "26.34",
        "202107": "28.98",
        "202108": "25.86",
        "202109": "23.74",
        "202110": "22.71",
        "202111": "24.19",
        "202112": "24.96",
        "202201": "24.04",
        "202202": "24.01",
        "202203": "23.63",
        "202204": "23.19",
        "202205": "21.37",
        "202206": "20.92",
        "202207": "19.22",
        "202208": "19.78",
        "202209": "20.00",
        "202210": "19.17",
        "202211": "21.25",
        "202212": "22.24",
        "202301": "22.18",
        "202302": "23.00",
        "202303": "25.55",
        "202304": "26.84",
        "202305": "26.22",
        "202306": "29.70",
        "202307": "31.19",
        "202308": "28.94",
        "202309": "30.16"
    },
    "quarters": {
        "20011": {
            "year_quarter": 20011,
            "year": 2001,
            "quarter": 1,
            "eps": null,
            "eps_growth_year": null,
            "eps_4q": null,
            "eps_4q_growth_year": null,
            "roe": null,
            "roe_4q": 0,
            "gross_profit": null,
            "gross_margin": null,
            "gross_margin_4q_avg": 0,
            "net_income": null,
            "revenue": null,
            "common_shares": null,
            "book_valuer_per_share": null,
            "book_valuer_per_share_4q_avg": 0,
            "equity": null,
            "current_ratio": null,
            "debt_ratio": null,
            "inventory_turnover_ratio": null,
            "account_receivable_turnover_ratio": null,
            "reinvestment_rate": null,
            "research_to_sale_ratio": null,
            "price_fair": 0,
            "eps_avg_yearly": 0,
            "eps_latest_yearly": 0,
            "eps_growth_yearly": 0
        },
        "20012": {
            "year_quarter": 20012,
            "year": 2001,
            "quarter": 2,
            "eps": null,
            "eps_growth_year": null,
            "eps_4q": null,
            "eps_4q_growth_year": null,
            "roe": null,
            "roe_4q": 0,
            "gross_profit": null,
            "gross_margin": null,
            "gross_margin_4q_avg": 0,
            "net_income": null,
            "revenue": null,
            "common_shares": null,
            "book_valuer_per_share": null,
            "book_valuer_per_share_4q_avg": 0,
            "equity": null,
            "current_ratio": null,
            "debt_ratio": null,
            "inventory_turnover_ratio": null,
            "account_receivable_turnover_ratio": null,
            "reinvestment_rate": null,
            "research_to_sale_ratio": null,
            "price_fair": 0,
            "eps_avg_yearly": 0,
            "eps_latest_yearly": 0,
            "eps_growth_yearly": 0
        },
        "20013": {
            "year_quarter": 20013,
            "year": 2001,
            "quarter": 3,
            "eps": null,
            "eps_growth_year": null,
            "eps_4q": null,
            "eps_4q_growth_year": null,
            "roe": null,
            "roe_4q": 0,
            "gross_profit": null,
            "gross_margin": null,
            "gross_margin_4q_avg": 0,
            "net_income": null,
            "revenue": null,
            "common_shares": null,
            "book_valuer_per_share": null,
            "book_valuer_per_share_4q_avg": 0,
            "equity": null,
            "current_ratio": null,
            "debt_ratio": null,
            "inventory_turnover_ratio": null,
            "account_receivable_turnover_ratio": null,
            "reinvestment_rate": null,
            "research_to_sale_ratio": null,
            "price_fair": 0,
            "eps_avg_yearly": 0,
            "eps_latest_yearly": 0,
            "eps_growth_yearly": 0
        },
        "20014": {
            "year_quarter": 20014,
            "year": 2001,
            "quarter": 4,
            "eps": null,
            "eps_growth_year": null,
            "eps_4q": null,
            "eps_4q_growth_year": null,
            "roe": null,
            "roe_4q": 0,
            "gross_profit": null,
            "gross_margin": null,
            "gross_margin_4q_avg": 0,
            "net_income": null,
            "revenue": null,
            "common_shares": null,
            "book_valuer_per_share": null,
            "book_valuer_per_share_4q_avg": 0,
            "equity": null,
            "current_ratio": null,
            "debt_ratio": null,
            "inventory_turnover_ratio": null,
            "account_receivable_turnover_ratio": null,
            "reinvestment_rate": null,
            "research_to_sale_ratio": null,
            "price_fair": 0,
            "eps_avg_yearly": 0,
            "eps_latest_yearly": 0,
            "eps_growth_yearly": 0
        },
        "20021": {
            "year_quarter": 20021,
            "year": 2002,
            "quarter": 1,
            "eps": null,
            "eps_growth_year": null,
            "eps_4q": null,
            "eps_4q_growth_year": null,
            "roe": null,
            "roe_4q": 0,
            "gross_profit": null,
            "gross_margin": null,
            "gross_margin_4q_avg": 0,
            "net_income": null,
            "revenue": null,
            "common_shares": null,
            "book_valuer_per_share": null,
            "book_valuer_per_share_4q_avg": 0,
            "equity": null,
            "current_ratio": null,
            "debt_ratio": null,
            "inventory_turnover_ratio": null,
            "account_receivable_turnover_ratio": null,
            "reinvestment_rate": null,
            "research_to_sale_ratio": null,
            "price_fair": 0,
            "eps_avg_yearly": 0,
            "eps_latest_yearly": 0,
            "eps_growth_yearly": 0
        },
        "20022": {
            "year_quarter": 20022,
            "year": 2002,
            "quarter": 2,
            "eps": null,
            "eps_growth_year": null,
            "eps_4q": null,
            "eps_4q_growth_year": null,
            "roe": null,
            "roe_4q": 0,
            "gross_profit": null,
            "gross_margin": null,
            "gross_margin_4q_avg": 0,
            "net_income": null,
            "revenue": null,
            "common_shares": null,
            "book_valuer_per_share": null,
            "book_valuer_per_share_4q_avg": 0,
            "equity": null,
            "current_ratio": null,
            "debt_ratio": null,
            "inventory_turnover_ratio": null,
            "account_receivable_turnover_ratio": null,
            "reinvestment_rate": null,
            "research_to_sale_ratio": null,
            "price_fair": 0,
            "eps_avg_yearly": 0,
            "eps_latest_yearly": 0,
            "eps_growth_yearly": 0
        },
        "20023": {
            "year_quarter": 20023,
            "year": 2002,
            "quarter": 3,
            "eps": null,
            "eps_growth_year": null,
            "eps_4q": null,
            "eps_4q_growth_year": null,
            "roe": null,
            "roe_4q": 0,
            "gross_profit": null,
            "gross_margin": null,
            "gross_margin_4q_avg": 0,
            "net_income": null,
            "revenue": null,
            "common_shares": null,
            "book_valuer_per_share": null,
            "book_valuer_per_share_4q_avg": 0,
            "equity": null,
            "current_ratio": null,
            "debt_ratio": null,
            "inventory_turnover_ratio": null,
            "account_receivable_turnover_ratio": null,
            "reinvestment_rate": null,
            "research_to_sale_ratio": null,
            "price_fair": 0,
            "eps_avg_yearly": 0,
            "eps_latest_yearly": 0,
            "eps_growth_yearly": 0
        },
        "20024": {
            "year_quarter": 20024,
            "year": 2002,
            "quarter": 4,
            "eps": null,
            "eps_growth_year": null,
            "eps_4q": null,
            "eps_4q_growth_year": null,
            "roe": null,
            "roe_4q": 0,
            "gross_profit": null,
            "gross_margin": null,
            "gross_margin_4q_avg": 0,
            "net_income": null,
            "revenue": null,
            "common_shares": null,
            "book_valuer_per_share": null,
            "book_valuer_per_share_4q_avg": 0,
            "equity": null,
            "current_ratio": null,
            "debt_ratio": null,
            "inventory_turnover_ratio": null,
            "account_receivable_turnover_ratio": null,
            "reinvestment_rate": null,
            "research_to_sale_ratio": null,
            "price_fair": 0,
            "eps_avg_yearly": 0,
            "eps_latest_yearly": 0,
            "eps_growth_yearly": 0
        },
        "20031": {
            "year_quarter": 20031,
            "year": 2003,
            "quarter": 1,
            "eps": null,
            "eps_growth_year": null,
            "eps_4q": null,
            "eps_4q_growth_year": null,
            "roe": null,
            "roe_4q": 0,
            "gross_profit": null,
            "gross_margin": null,
            "gross_margin_4q_avg": 0,
            "net_income": null,
            "revenue": null,
            "common_shares": null,
            "book_valuer_per_share": null,
            "book_valuer_per_share_4q_avg": 0,
            "equity": null,
            "current_ratio": null,
            "debt_ratio": null,
            "inventory_turnover_ratio": null,
            "account_receivable_turnover_ratio": null,
            "reinvestment_rate": null,
            "research_to_sale_ratio": null,
            "price_fair": 0,
            "eps_avg_yearly": 0,
            "eps_latest_yearly": 0,
            "eps_growth_yearly": 0
        },
        "20032": {
            "year_quarter": 20032,
            "year": 2003,
            "quarter": 2,
            "eps": null,
            "eps_growth_year": null,
            "eps_4q": null,
            "eps_4q_growth_year": null,
            "roe": null,
            "roe_4q": 0,
            "gross_profit": null,
            "gross_margin": null,
            "gross_margin_4q_avg": 0,
            "net_income": null,
            "revenue": null,
            "common_shares": null,
            "book_valuer_per_share": null,
            "book_valuer_per_share_4q_avg": 0,
            "equity": null,
            "current_ratio": null,
            "debt_ratio": null,
            "inventory_turnover_ratio": null,
            "account_receivable_turnover_ratio": null,
            "reinvestment_rate": null,
            "research_to_sale_ratio": null,
            "price_fair": 0,
            "eps_avg_yearly": 0,
            "eps_latest_yearly": 0,
            "eps_growth_yearly": 0
        },
        "20033": {
            "year_quarter": 20033,
            "year": 2003,
            "quarter": 3,
            "eps": null,
            "eps_growth_year": null,
            "eps_4q": null,
            "eps_4q_growth_year": null,
            "roe": null,
            "roe_4q": 0,
            "gross_profit": null,
            "gross_margin": null,
            "gross_margin_4q_avg": 0,
            "net_income": null,
            "revenue": null,
            "common_shares": null,
            "book_valuer_per_share": null,
            "book_valuer_per_share_4q_avg": 0,
            "equity": null,
            "current_ratio": null,
            "debt_ratio": null,
            "inventory_turnover_ratio": null,
            "account_receivable_turnover_ratio": null,
            "reinvestment_rate": null,
            "research_to_sale_ratio": null,
            "price_fair": 0,
            "eps_avg_yearly": 0,
            "eps_latest_yearly": 0,
            "eps_growth_yearly": 0
        },
        "20034": {
            "year_quarter": 20034,
            "year": 2003,
            "quarter": 4,
            "eps": null,
            "eps_growth_year": null,
            "eps_4q": null,
            "eps_4q_growth_year": null,
            "roe": null,
            "roe_4q": 0,
            "gross_profit": null,
            "gross_margin": null,
            "gross_margin_4q_avg": 0,
            "net_income": null,
            "revenue": null,
            "common_shares": null,
            "book_valuer_per_share": null,
            "book_valuer_per_share_4q_avg": 0,
            "equity": null,
            "current_ratio": null,
            "debt_ratio": null,
            "inventory_turnover_ratio": null,
            "account_receivable_turnover_ratio": null,
            "reinvestment_rate": null,
            "research_to_sale_ratio": null,
            "price_fair": 0,
            "eps_avg_yearly": 0,
            "eps_latest_yearly": 0,
            "eps_growth_yearly": 0
        },
        "20041": {
            "year_quarter": 20041,
            "year": 2004,
            "quarter": 1,
            "eps": null,
            "eps_growth_year": null,
            "eps_4q": null,
            "eps_4q_growth_year": null,
            "roe": null,
            "roe_4q": 0,
            "gross_profit": null,
            "gross_margin": null,
            "gross_margin_4q_avg": 0,
            "net_income": null,
            "revenue": null,
            "common_shares": null,
            "book_valuer_per_share": null,
            "book_valuer_per_share_4q_avg": 0,
            "equity": null,
            "current_ratio": null,
            "debt_ratio": null,
            "inventory_turnover_ratio": null,
            "account_receivable_turnover_ratio": null,
            "reinvestment_rate": null,
            "research_to_sale_ratio": null,
            "price_fair": 0,
            "eps_avg_yearly": 0,
            "eps_latest_yearly": 0,
            "eps_growth_yearly": 0
        },
        "20042": {
            "year_quarter": 20042,
            "year": 2004,
            "quarter": 2,
            "eps": null,
            "eps_growth_year": null,
            "eps_4q": null,
            "eps_4q_growth_year": null,
            "roe": null,
            "roe_4q": 0,
            "gross_profit": null,
            "gross_margin": null,
            "gross_margin_4q_avg": 0,
            "net_income": null,
            "revenue": null,
            "common_shares": null,
            "book_valuer_per_share": null,
            "book_valuer_per_share_4q_avg": 0,
            "equity": null,
            "current_ratio": null,
            "debt_ratio": null,
            "inventory_turnover_ratio": null,
            "account_receivable_turnover_ratio": null,
            "reinvestment_rate": null,
            "research_to_sale_ratio": null,
            "price_fair": 0,
            "eps_avg_yearly": 0,
            "eps_latest_yearly": 0,
            "eps_growth_yearly": 0
        },
        "20043": {
            "year_quarter": 20043,
            "year": 2004,
            "quarter": 3,
            "eps": null,
            "eps_growth_year": null,
            "eps_4q": null,
            "eps_4q_growth_year": null,
            "roe": null,
            "roe_4q": 0,
            "gross_profit": null,
            "gross_margin": null,
            "gross_margin_4q_avg": 0,
            "net_income": null,
            "revenue": null,
            "common_shares": null,
            "book_valuer_per_share": null,
            "book_valuer_per_share_4q_avg": 0,
            "equity": null,
            "current_ratio": null,
            "debt_ratio": null,
            "inventory_turnover_ratio": null,
            "account_receivable_turnover_ratio": null,
            "reinvestment_rate": null,
            "research_to_sale_ratio": null,
            "price_fair": 0,
            "eps_avg_yearly": 0,
            "eps_latest_yearly": 0,
            "eps_growth_yearly": 0
        },
        "20044": {
            "year_quarter": 20044,
            "year": 2004,
            "quarter": 4,
            "eps": null,
            "eps_growth_year": null,
            "eps_4q": null,
            "eps_4q_growth_year": null,
            "roe": null,
            "roe_4q": 0,
            "gross_profit": null,
            "gross_margin": null,
            "gross_margin_4q_avg": 0,
            "net_income": null,
            "revenue": null,
            "common_shares": null,
            "book_valuer_per_share": null,
            "book_valuer_per_share_4q_avg": 0,
            "equity": null,
            "current_ratio": null,
            "debt_ratio": null,
            "inventory_turnover_ratio": null,
            "account_receivable_turnover_ratio": null,
            "reinvestment_rate": null,
            "research_to_sale_ratio": null,
            "price_fair": 0,
            "eps_avg_yearly": 0,
            "eps_latest_yearly": 0,
            "eps_growth_yearly": 0
        },
        "20051": {
            "year_quarter": 20051,
            "year": 2005,
            "quarter": 1,
            "eps": null,
            "eps_growth_year": null,
            "eps_4q": null,
            "eps_4q_growth_year": null,
            "roe": null,
            "roe_4q": 0,
            "gross_profit": null,
            "gross_margin": null,
            "gross_margin_4q_avg": 0,
            "net_income": null,
            "revenue": null,
            "common_shares": null,
            "book_valuer_per_share": null,
            "book_valuer_per_share_4q_avg": 0,
            "equity": null,
            "current_ratio": null,
            "debt_ratio": null,
            "inventory_turnover_ratio": null,
            "account_receivable_turnover_ratio": null,
            "reinvestment_rate": null,
            "research_to_sale_ratio": null,
            "price_fair": 0,
            "eps_avg_yearly": 0,
            "eps_latest_yearly": 0,
            "eps_growth_yearly": 0
        },
        "20052": {
            "year_quarter": 20052,
            "year": 2005,
            "quarter": 2,
            "eps": null,
            "eps_growth_year": null,
            "eps_4q": null,
            "eps_4q_growth_year": null,
            "roe": null,
            "roe_4q": 0,
            "gross_profit": null,
            "gross_margin": null,
            "gross_margin_4q_avg": 0,
            "net_income": null,
            "revenue": null,
            "common_shares": null,
            "book_valuer_per_share": null,
            "book_valuer_per_share_4q_avg": 0,
            "equity": null,
            "current_ratio": null,
            "debt_ratio": null,
            "inventory_turnover_ratio": null,
            "account_receivable_turnover_ratio": null,
            "reinvestment_rate": null,
            "research_to_sale_ratio": null,
            "price_fair": 0,
            "eps_avg_yearly": 0,
            "eps_latest_yearly": 0,
            "eps_growth_yearly": 0
        },
        "20053": {
            "year_quarter": 20053,
            "year": 2005,
            "quarter": 3,
            "eps": null,
            "eps_growth_year": null,
            "eps_4q": null,
            "eps_4q_growth_year": null,
            "roe": null,
            "roe_4q": 0,
            "gross_profit": null,
            "gross_margin": null,
            "gross_margin_4q_avg": 0,
            "net_income": null,
            "revenue": null,
            "common_shares": null,
            "book_valuer_per_share": null,
            "book_valuer_per_share_4q_avg": 0,
            "equity": null,
            "current_ratio": null,
            "debt_ratio": null,
            "inventory_turnover_ratio": null,
            "account_receivable_turnover_ratio": null,
            "reinvestment_rate": null,
            "research_to_sale_ratio": null,
            "price_fair": 0,
            "eps_avg_yearly": 0,
            "eps_latest_yearly": 0,
            "eps_growth_yearly": 0
        },
        "20054": {
            "year_quarter": 20054,
            "year": 2005,
            "quarter": 4,
            "eps": null,
            "eps_growth_year": null,
            "eps_4q": null,
            "eps_4q_growth_year": null,
            "roe": null,
            "roe_4q": 0,
            "gross_profit": null,
            "gross_margin": null,
            "gross_margin_4q_avg": 0,
            "net_income": null,
            "revenue": null,
            "common_shares": 175380,
            "book_valuer_per_share": 13.03,
            "book_valuer_per_share_4q_avg": 3.26,
            "equity": 228572,
            "current_ratio": 363.59,
            "debt_ratio": 24.52,
            "inventory_turnover_ratio": null,
            "account_receivable_turnover_ratio": null,
            "reinvestment_rate": null,
            "research_to_sale_ratio": null,
            "price_fair": 0,
            "eps_avg_yearly": 0,
            "eps_latest_yearly": 0,
            "eps_growth_yearly": 0
        },
        "20061": {
            "year_quarter": 20061,
            "year": 2006,
            "quarter": 1,
            "eps": null,
            "eps_growth_year": null,
            "eps_4q": null,
            "eps_4q_growth_year": null,
            "roe": null,
            "roe_4q": 0,
            "gross_profit": null,
            "gross_margin": null,
            "gross_margin_4q_avg": 0,
            "net_income": null,
            "revenue": null,
            "common_shares": null,
            "book_valuer_per_share": null,
            "book_valuer_per_share_4q_avg": 3.26,
            "equity": null,
            "current_ratio": null,
            "debt_ratio": null,
            "inventory_turnover_ratio": null,
            "account_receivable_turnover_ratio": null,
            "reinvestment_rate": null,
            "research_to_sale_ratio": null,
            "price_fair": 0,
            "eps_avg_yearly": 0,
            "eps_latest_yearly": 0,
            "eps_growth_yearly": 0
        },
        "20062": {
            "year_quarter": 20062,
            "year": 2006,
            "quarter": 2,
            "eps": null,
            "eps_growth_year": null,
            "eps_4q": null,
            "eps_4q_growth_year": null,
            "roe": null,
            "roe_4q": 0,
            "gross_profit": null,
            "gross_margin": null,
            "gross_margin_4q_avg": 0,
            "net_income": null,
            "revenue": null,
            "common_shares": null,
            "book_valuer_per_share": null,
            "book_valuer_per_share_4q_avg": 3.26,
            "equity": null,
            "current_ratio": null,
            "debt_ratio": null,
            "inventory_turnover_ratio": null,
            "account_receivable_turnover_ratio": null,
            "reinvestment_rate": null,
            "research_to_sale_ratio": null,
            "price_fair": 0,
            "eps_avg_yearly": 0,
            "eps_latest_yearly": 0,
            "eps_growth_yearly": 0
        },
        "20063": {
            "year_quarter": 20063,
            "year": 2006,
            "quarter": 3,
            "eps": null,
            "eps_growth_year": null,
            "eps_4q": null,
            "eps_4q_growth_year": null,
            "roe": null,
            "roe_4q": 0,
            "gross_profit": null,
            "gross_margin": null,
            "gross_margin_4q_avg": 0,
            "net_income": null,
            "revenue": null,
            "common_shares": null,
            "book_valuer_per_share": null,
            "book_valuer_per_share_4q_avg": 3.26,
            "equity": null,
            "current_ratio": null,
            "debt_ratio": null,
            "inventory_turnover_ratio": null,
            "account_receivable_turnover_ratio": null,
            "reinvestment_rate": null,
            "research_to_sale_ratio": null,
            "price_fair": 0,
            "eps_avg_yearly": 0,
            "eps_latest_yearly": 0,
            "eps_growth_yearly": 0
        },
        "20064": {
            "year_quarter": 20064,
            "year": 2006,
            "quarter": 4,
            "eps": null,
            "eps_growth_year": null,
            "eps_4q": null,
            "eps_4q_growth_year": null,
            "roe": null,
            "roe_4q": 0,
            "gross_profit": null,
            "gross_margin": null,
            "gross_margin_4q_avg": 0,
            "net_income": null,
            "revenue": null,
            "common_shares": 276626,
            "book_valuer_per_share": 14.46,
            "book_valuer_per_share_4q_avg": 3.62,
            "equity": 399945,
            "current_ratio": 452.69,
            "debt_ratio": 20.96,
            "inventory_turnover_ratio": null,
            "account_receivable_turnover_ratio": null,
            "reinvestment_rate": null,
            "research_to_sale_ratio": null,
            "price_fair": 0,
            "eps_avg_yearly": 0,
            "eps_latest_yearly": 0,
            "eps_growth_yearly": 0
        },
        "20071": {
            "year_quarter": 20071,
            "year": 2007,
            "quarter": 1,
            "eps": null,
            "eps_growth_year": null,
            "eps_4q": null,
            "eps_4q_growth_year": null,
            "roe": null,
            "roe_4q": 0,
            "gross_profit": null,
            "gross_margin": null,
            "gross_margin_4q_avg": 0,
            "net_income": null,
            "revenue": null,
            "common_shares": null,
            "book_valuer_per_share": null,
            "book_valuer_per_share_4q_avg": 3.62,
            "equity": null,
            "current_ratio": null,
            "debt_ratio": null,
            "inventory_turnover_ratio": null,
            "account_receivable_turnover_ratio": null,
            "reinvestment_rate": null,
            "research_to_sale_ratio": null,
            "price_fair": 0,
            "eps_avg_yearly": 0,
            "eps_latest_yearly": 0,
            "eps_growth_yearly": 0
        },
        "20072": {
            "year_quarter": 20072,
            "year": 2007,
            "quarter": 2,
            "eps": null,
            "eps_growth_year": null,
            "eps_4q": null,
            "eps_4q_growth_year": null,
            "roe": null,
            "roe_4q": 0,
            "gross_profit": null,
            "gross_margin": null,
            "gross_margin_4q_avg": 0,
            "net_income": null,
            "revenue": null,
            "common_shares": null,
            "book_valuer_per_share": null,
            "book_valuer_per_share_4q_avg": 3.62,
            "equity": null,
            "current_ratio": null,
            "debt_ratio": null,
            "inventory_turnover_ratio": null,
            "account_receivable_turnover_ratio": null,
            "reinvestment_rate": null,
            "research_to_sale_ratio": null,
            "price_fair": 0,
            "eps_avg_yearly": 0,
            "eps_latest_yearly": 0,
            "eps_growth_yearly": 0
        },
        "20073": {
            "year_quarter": 20073,
            "year": 2007,
            "quarter": 3,
            "eps": null,
            "eps_growth_year": null,
            "eps_4q": null,
            "eps_4q_growth_year": null,
            "roe": null,
            "roe_4q": 0,
            "gross_profit": null,
            "gross_margin": null,
            "gross_margin_4q_avg": 0,
            "net_income": null,
            "revenue": null,
            "common_shares": null,
            "book_valuer_per_share": null,
            "book_valuer_per_share_4q_avg": 3.62,
            "equity": null,
            "current_ratio": null,
            "debt_ratio": null,
            "inventory_turnover_ratio": null,
            "account_receivable_turnover_ratio": null,
            "reinvestment_rate": null,
            "research_to_sale_ratio": null,
            "price_fair": 0,
            "eps_avg_yearly": 0,
            "eps_latest_yearly": 0,
            "eps_growth_yearly": 0
        },
        "20074": {
            "year_quarter": 20074,
            "year": 2007,
            "quarter": 4,
            "eps": null,
            "eps_growth_year": null,
            "eps_4q": null,
            "eps_4q_growth_year": null,
            "roe": null,
            "roe_4q": 0,
            "gross_profit": null,
            "gross_margin": null,
            "gross_margin_4q_avg": 0,
            "net_income": null,
            "revenue": null,
            "common_shares": 299532,
            "book_valuer_per_share": 14.64,
            "book_valuer_per_share_4q_avg": 3.66,
            "equity": 438645,
            "current_ratio": 409.57,
            "debt_ratio": 28.09,
            "inventory_turnover_ratio": null,
            "account_receivable_turnover_ratio": null,
            "reinvestment_rate": null,
            "research_to_sale_ratio": null,
            "price_fair": 0,
            "eps_avg_yearly": 0,
            "eps_latest_yearly": 0,
            "eps_growth_yearly": 0
        },
        "20081": {
            "year_quarter": 20081,
            "year": 2008,
            "quarter": 1,
            "eps": null,
            "eps_growth_year": null,
            "eps_4q": null,
            "eps_4q_growth_year": null,
            "roe": null,
            "roe_4q": 0,
            "gross_profit": null,
            "gross_margin": null,
            "gross_margin_4q_avg": 0,
            "net_income": null,
            "revenue": null,
            "common_shares": null,
            "book_valuer_per_share": null,
            "book_valuer_per_share_4q_avg": 3.66,
            "equity": null,
            "current_ratio": null,
            "debt_ratio": null,
            "inventory_turnover_ratio": null,
            "account_receivable_turnover_ratio": null,
            "reinvestment_rate": null,
            "research_to_sale_ratio": null,
            "price_fair": 0,
            "eps_avg_yearly": 0,
            "eps_latest_yearly": 0,
            "eps_growth_yearly": 0
        },
        "20082": {
            "year_quarter": 20082,
            "year": 2008,
            "quarter": 2,
            "eps": null,
            "eps_growth_year": null,
            "eps_4q": null,
            "eps_4q_growth_year": null,
            "roe": null,
            "roe_4q": 0,
            "gross_profit": null,
            "gross_margin": null,
            "gross_margin_4q_avg": 0,
            "net_income": null,
            "revenue": null,
            "common_shares": null,
            "book_valuer_per_share": null,
            "book_valuer_per_share_4q_avg": 3.66,
            "equity": null,
            "current_ratio": null,
            "debt_ratio": null,
            "inventory_turnover_ratio": null,
            "account_receivable_turnover_ratio": null,
            "reinvestment_rate": null,
            "research_to_sale_ratio": null,
            "price_fair": 0,
            "eps_avg_yearly": 0,
            "eps_latest_yearly": 0,
            "eps_growth_yearly": 0
        },
        "20083": {
            "year_quarter": 20083,
            "year": 2008,
            "quarter": 3,
            "eps": null,
            "eps_growth_year": null,
            "eps_4q": null,
            "eps_4q_growth_year": null,
            "roe": null,
            "roe_4q": 0,
            "gross_profit": null,
            "gross_margin": null,
            "gross_margin_4q_avg": 0,
            "net_income": null,
            "revenue": null,
            "common_shares": null,
            "book_valuer_per_share": null,
            "book_valuer_per_share_4q_avg": 3.66,
            "equity": null,
            "current_ratio": null,
            "debt_ratio": null,
            "inventory_turnover_ratio": null,
            "account_receivable_turnover_ratio": null,
            "reinvestment_rate": null,
            "research_to_sale_ratio": null,
            "price_fair": 0,
            "eps_avg_yearly": 0,
            "eps_latest_yearly": 0,
            "eps_growth_yearly": 0
        },
        "20084": {
            "year_quarter": 20084,
            "year": 2008,
            "quarter": 4,
            "eps": null,
            "eps_growth_year": null,
            "eps_4q": null,
            "eps_4q_growth_year": null,
            "roe": null,
            "roe_4q": 0,
            "gross_profit": null,
            "gross_margin": null,
            "gross_margin_4q_avg": 0,
            "net_income": null,
            "revenue": null,
            "common_shares": 336434,
            "book_valuer_per_share": 16.46,
            "book_valuer_per_share_4q_avg": 4.12,
            "equity": 553624,
            "current_ratio": 335.24,
            "debt_ratio": 28.96,
            "inventory_turnover_ratio": null,
            "account_receivable_turnover_ratio": null,
            "reinvestment_rate": null,
            "research_to_sale_ratio": null,
            "price_fair": 0,
            "eps_avg_yearly": 0,
            "eps_latest_yearly": 0,
            "eps_growth_yearly": 0
        },
        "20091": {
            "year_quarter": 20091,
            "year": 2009,
            "quarter": 1,
            "eps": null,
            "eps_growth_year": null,
            "eps_4q": null,
            "eps_4q_growth_year": null,
            "roe": null,
            "roe_4q": 0,
            "gross_profit": null,
            "gross_margin": null,
            "gross_margin_4q_avg": 0,
            "net_income": null,
            "revenue": null,
            "common_shares": null,
            "book_valuer_per_share": null,
            "book_valuer_per_share_4q_avg": 4.12,
            "equity": null,
            "current_ratio": null,
            "debt_ratio": null,
            "inventory_turnover_ratio": null,
            "account_receivable_turnover_ratio": null,
            "reinvestment_rate": null,
            "research_to_sale_ratio": null,
            "price_fair": 0,
            "eps_avg_yearly": 0,
            "eps_latest_yearly": 0,
            "eps_growth_yearly": 0
        },
        "20092": {
            "year_quarter": 20092,
            "year": 2009,
            "quarter": 2,
            "eps": null,
            "eps_growth_year": null,
            "eps_4q": null,
            "eps_4q_growth_year": null,
            "roe": null,
            "roe_4q": 0,
            "gross_profit": null,
            "gross_margin": null,
            "gross_margin_4q_avg": 0,
            "net_income": null,
            "revenue": null,
            "common_shares": null,
            "book_valuer_per_share": null,
            "book_valuer_per_share_4q_avg": 4.12,
            "equity": null,
            "current_ratio": null,
            "debt_ratio": null,
            "inventory_turnover_ratio": null,
            "account_receivable_turnover_ratio": null,
            "reinvestment_rate": null,
            "research_to_sale_ratio": null,
            "price_fair": 0,
            "eps_avg_yearly": 0,
            "eps_latest_yearly": 0,
            "eps_growth_yearly": 0
        },
        "20093": {
            "year_quarter": 20093,
            "year": 2009,
            "quarter": 3,
            "eps": null,
            "eps_growth_year": null,
            "eps_4q": null,
            "eps_4q_growth_year": null,
            "roe": null,
            "roe_4q": 0,
            "gross_profit": null,
            "gross_margin": null,
            "gross_margin_4q_avg": 0,
            "net_income": null,
            "revenue": null,
            "common_shares": null,
            "book_valuer_per_share": null,
            "book_valuer_per_share_4q_avg": 4.12,
            "equity": null,
            "current_ratio": null,
            "debt_ratio": null,
            "inventory_turnover_ratio": null,
            "account_receivable_turnover_ratio": null,
            "reinvestment_rate": null,
            "research_to_sale_ratio": null,
            "price_fair": 0,
            "eps_avg_yearly": 0,
            "eps_latest_yearly": 0,
            "eps_growth_yearly": 0
        },
        "20094": {
            "year_quarter": 20094,
            "year": 2009,
            "quarter": 4,
            "eps": null,
            "eps_growth_year": null,
            "eps_4q": null,
            "eps_4q_growth_year": null,
            "roe": null,
            "roe_4q": 0,
            "gross_profit": null,
            "gross_margin": null,
            "gross_margin_4q_avg": 0,
            "net_income": null,
            "revenue": null,
            "common_shares": 388976,
            "book_valuer_per_share": 17.12,
            "book_valuer_per_share_4q_avg": 4.28,
            "equity": 665886,
            "current_ratio": 248.72,
            "debt_ratio": 39.36,
            "inventory_turnover_ratio": null,
            "account_receivable_turnover_ratio": null,
            "reinvestment_rate": null,
            "research_to_sale_ratio": null,
            "price_fair": 0,
            "eps_avg_yearly": 0,
            "eps_latest_yearly": 0,
            "eps_growth_yearly": 0
        },
        "20101": {
            "year_quarter": 20101,
            "year": 2010,
            "quarter": 1,
            "eps": null,
            "eps_growth_year": null,
            "eps_4q": null,
            "eps_4q_growth_year": null,
            "roe": null,
            "roe_4q": 0,
            "gross_profit": null,
            "gross_margin": null,
            "gross_margin_4q_avg": 0,
            "net_income": null,
            "revenue": null,
            "common_shares": null,
            "book_valuer_per_share": null,
            "book_valuer_per_share_4q_avg": 4.28,
            "equity": null,
            "current_ratio": null,
            "debt_ratio": null,
            "inventory_turnover_ratio": null,
            "account_receivable_turnover_ratio": null,
            "reinvestment_rate": null,
            "research_to_sale_ratio": null,
            "price_fair": 0,
            "eps_avg_yearly": 0,
            "eps_latest_yearly": 0,
            "eps_growth_yearly": 0
        },
        "20102": {
            "year_quarter": 20102,
            "year": 2010,
            "quarter": 2,
            "eps": null,
            "eps_growth_year": null,
            "eps_4q": null,
            "eps_4q_growth_year": null,
            "roe": null,
            "roe_4q": 0,
            "gross_profit": null,
            "gross_margin": null,
            "gross_margin_4q_avg": 0,
            "net_income": null,
            "revenue": null,
            "common_shares": 454280,
            "book_valuer_per_share": null,
            "book_valuer_per_share_4q_avg": 4.28,
            "equity": 740796,
            "current_ratio": null,
            "debt_ratio": null,
            "inventory_turnover_ratio": null,
            "account_receivable_turnover_ratio": null,
            "reinvestment_rate": null,
            "research_to_sale_ratio": null,
            "price_fair": 0,
            "eps_avg_yearly": 0,
            "eps_latest_yearly": 0,
            "eps_growth_yearly": 0
        },
        "20103": {
            "year_quarter": 20103,
            "year": 2010,
            "quarter": 3,
            "eps": null,
            "eps_growth_year": null,
            "eps_4q": null,
            "eps_4q_growth_year": null,
            "roe": null,
            "roe_4q": 0,
            "gross_profit": 80444,
            "gross_margin": null,
            "gross_margin_4q_avg": 0,
            "net_income": 28940,
            "revenue": 1444447,
            "common_shares": 454280,
            "book_valuer_per_share": 16.88,
            "book_valuer_per_share_4q_avg": 8.5,
            "equity": 766768,
            "current_ratio": 214.49,
            "debt_ratio": 51.67,
            "inventory_turnover_ratio": null,
            "account_receivable_turnover_ratio": null,
            "reinvestment_rate": null,
            "research_to_sale_ratio": null,
            "price_fair": 0,
            "eps_avg_yearly": 0,
            "eps_latest_yearly": 0,
            "eps_growth_yearly": 0
        },
        "20104": {
            "year_quarter": 20104,
            "year": 2010,
            "quarter": 4,
            "eps": null,
            "eps_growth_year": null,
            "eps_4q": null,
            "eps_4q_growth_year": null,
            "roe": null,
            "roe_4q": 0,
            "gross_profit": 522032,
            "gross_margin": null,
            "gross_margin_4q_avg": 0,
            "net_income": 179917,
            "revenue": 6412263,
            "common_shares": 454280,
            "book_valuer_per_share": 18.85,
            "book_valuer_per_share_4q_avg": 8.93,
            "equity": 856543,
            "current_ratio": 184.85,
            "debt_ratio": 52.18,
            "inventory_turnover_ratio": null,
            "account_receivable_turnover_ratio": null,
            "reinvestment_rate": null,
            "research_to_sale_ratio": null,
            "price_fair": 0,
            "eps_avg_yearly": 0,
            "eps_latest_yearly": 0,
            "eps_growth_yearly": 0
        },
        "20111": {
            "year_quarter": 20111,
            "year": 2011,
            "quarter": 1,
            "eps": null,
            "eps_growth_year": null,
            "eps_4q": null,
            "eps_4q_growth_year": null,
            "roe": null,
            "roe_4q": 0,
            "gross_profit": 156298,
            "gross_margin": null,
            "gross_margin_4q_avg": 0,
            "net_income": 91831,
            "revenue": 1628558,
            "common_shares": 454280,
            "book_valuer_per_share": 21.05,
            "book_valuer_per_share_4q_avg": 14.2,
            "equity": 956442,
            "current_ratio": 206.8,
            "debt_ratio": 50.91,
            "inventory_turnover_ratio": null,
            "account_receivable_turnover_ratio": null,
            "reinvestment_rate": null,
            "research_to_sale_ratio": null,
            "price_fair": 0,
            "eps_avg_yearly": 0,
            "eps_latest_yearly": 0,
            "eps_growth_yearly": 0
        },
        "20112": {
            "year_quarter": 20112,
            "year": 2011,
            "quarter": 2,
            "eps": -0.28,
            "eps_growth_year": null,
            "eps_4q": -0.28,
            "eps_4q_growth_year": null,
            "roe": -1.57,
            "roe_4q": -1.57,
            "gross_profit": 86476,
            "gross_margin": 7.02,
            "gross_margin_4q_avg": 1.76,
            "net_income": -14514,
            "revenue": 1232611,
            "common_shares": 462280,
            "book_valuer_per_share": 19.32,
            "book_valuer_per_share_4q_avg": 19.03,
            "equity": 893188,
            "current_ratio": 200.9,
            "debt_ratio": 48.3,
            "inventory_turnover_ratio": 2.47,
            "account_receivable_turnover_ratio": 3.43,
            "reinvestment_rate": null,
            "research_to_sale_ratio": null,
            "price_fair": 0,
            "eps_avg_yearly": 0,
            "eps_latest_yearly": 0,
            "eps_growth_yearly": 0
        },
        "20113": {
            "year_quarter": 20113,
            "year": 2011,
            "quarter": 3,
            "eps": 1.35,
            "eps_growth_year": null,
            "eps_4q": 1.07,
            "eps_4q_growth_year": null,
            "roe": 7.57,
            "roe_4q": 6,
            "gross_profit": 147527,
            "gross_margin": 8.87,
            "gross_margin_4q_avg": 3.97,
            "net_income": 69970,
            "revenue": 1662622,
            "common_shares": 519718,
            "book_valuer_per_share": 18.41,
            "book_valuer_per_share_4q_avg": 19.41,
            "equity": 956566,
            "current_ratio": 195.23,
            "debt_ratio": 49.51,
            "inventory_turnover_ratio": 3.65,
            "account_receivable_turnover_ratio": 1.91,
            "reinvestment_rate": null,
            "research_to_sale_ratio": 0.81,
            "price_fair": 0,
            "eps_avg_yearly": 0,
            "eps_latest_yearly": 0,
            "eps_growth_yearly": 0
        },
        "20114": {
            "year_quarter": 20114,
            "year": 2011,
            "quarter": 4,
            "eps": 1.76,
            "eps_growth_year": null,
            "eps_4q": 2.83,
            "eps_4q_growth_year": null,
            "roe": 9.11,
            "roe_4q": 15.11,
            "gross_profit": 187340,
            "gross_margin": 9.61,
            "gross_margin_4q_avg": 6.38,
            "net_income": 91417,
            "revenue": 1948505,
            "common_shares": 519718,
            "book_valuer_per_share": 20.19,
            "book_valuer_per_share_4q_avg": 19.74,
            "equity": 1049391,
            "current_ratio": 186.11,
            "debt_ratio": 52.06,
            "inventory_turnover_ratio": 3.35,
            "account_receivable_turnover_ratio": 1.76,
            "reinvestment_rate": null,
            "research_to_sale_ratio": 0.77,
            "price_fair": 246.4,
            "eps_avg_yearly": 7.04,
            "eps_latest_yearly": 7.04,
            "eps_growth_yearly": 121.48
        },
        "20121": {
            "year_quarter": 20121,
            "year": 2012,
            "quarter": 1,
            "eps": 1.01,
            "eps_growth_year": null,
            "eps_4q": 3.84,
            "eps_4q_growth_year": null,
            "roe": 4.87,
            "roe_4q": 19.98,
            "gross_profit": 198187,
            "gross_margin": 11.16,
            "gross_margin_4q_avg": 9.17,
            "net_income": 52496,
            "revenue": 1776074,
            "common_shares": 519718,
            "book_valuer_per_share": 21.29,
            "book_valuer_per_share_4q_avg": 19.8,
            "equity": 1106499,
            "current_ratio": 201.06,
            "debt_ratio": 48.16,
            "inventory_turnover_ratio": 2.67,
            "account_receivable_turnover_ratio": 1.93,
            "reinvestment_rate": null,
            "research_to_sale_ratio": 0.94,
            "price_fair": 16.62,
            "eps_avg_yearly": 5.54,
            "eps_latest_yearly": 4.04,
            "eps_growth_yearly": -24.49
        },
        "20122": {
            "year_quarter": 20122,
            "year": 2012,
            "quarter": 2,
            "eps": 0.81,
            "eps_growth_year": null,
            "eps_4q": 4.36,
            "eps_4q_growth_year": null,
            "roe": 4.16,
            "roe_4q": 25.71,
            "gross_profit": 152982,
            "gross_margin": 10.85,
            "gross_margin_4q_avg": 10.12,
            "net_income": 48780,
            "revenue": 1410300,
            "common_shares": 602039,
            "book_valuer_per_share": 20.6,
            "book_valuer_per_share_4q_avg": 20.12,
            "equity": 1240435,
            "current_ratio": 209.72,
            "debt_ratio": 40.46,
            "inventory_turnover_ratio": 2.43,
            "account_receivable_turnover_ratio": 1.78,
            "reinvestment_rate": null,
            "research_to_sale_ratio": 1.26,
            "price_fair": 14.32,
            "eps_avg_yearly": 4.77,
            "eps_latest_yearly": 3.24,
            "eps_growth_yearly": -42.73
        },
        "20123": {
            "year_quarter": 20123,
            "year": 2012,
            "quarter": 3,
            "eps": 1.81,
            "eps_growth_year": 34.17,
            "eps_4q": 5.01,
            "eps_4q_growth_year": 369.25,
            "roe": 8.4,
            "roe_4q": 26.54,
            "gross_profit": 233291,
            "gross_margin": 13.34,
            "gross_margin_4q_avg": 11.24,
            "net_income": 108752,
            "revenue": 1748184,
            "common_shares": 602039,
            "book_valuer_per_share": 22.41,
            "book_valuer_per_share_4q_avg": 21.12,
            "equity": 1348963,
            "current_ratio": 246.6,
            "debt_ratio": 34.07,
            "inventory_turnover_ratio": 3.32,
            "account_receivable_turnover_ratio": 1.69,
            "reinvestment_rate": null,
            "research_to_sale_ratio": 1.11,
            "price_fair": 188.65,
            "eps_avg_yearly": 5.39,
            "eps_latest_yearly": 7.24,
            "eps_growth_yearly": 91.41
        },
        "20124": {
            "year_quarter": 20124,
            "year": 2012,
            "quarter": 4,
            "eps": 0.93,
            "eps_growth_year": -47.32,
            "eps_4q": 4.42,
            "eps_4q_growth_year": 56.24,
            "roe": 4.04,
            "roe_4q": 21.470000000000002,
            "gross_profit": 186600,
            "gross_margin": 9.98,
            "gross_margin_4q_avg": 11.33,
            "net_income": 55791,
            "revenue": 1869818,
            "common_shares": 602039,
            "book_valuer_per_share": 23.45,
            "book_valuer_per_share_4q_avg": 21.94,
            "equity": 1411577,
            "current_ratio": 206.98,
            "debt_ratio": 41.75,
            "inventory_turnover_ratio": 3.34,
            "account_receivable_turnover_ratio": 1.63,
            "reinvestment_rate": null,
            "research_to_sale_ratio": 0.96,
            "price_fair": 176.96,
            "eps_avg_yearly": 5.06,
            "eps_latest_yearly": 3.72,
            "eps_growth_yearly": 34.23
        },
        "20131": {
            "year_quarter": 20131,
            "year": 2013,
            "quarter": 1,
            "eps": 1.33,
            "eps_growth_year": 31.68,
            "eps_4q": 4.87,
            "eps_4q_growth_year": 26.91,
            "roe": 5.51,
            "roe_4q": 22.110000000000003,
            "gross_profit": 201668,
            "gross_margin": 11.96,
            "gross_margin_4q_avg": 11.53,
            "net_income": 79776,
            "revenue": 1686007,
            "common_shares": 602039,
            "book_valuer_per_share": 24.68,
            "book_valuer_per_share_4q_avg": 22.79,
            "equity": 1485741,
            "current_ratio": 216.98,
            "debt_ratio": 39.78,
            "inventory_turnover_ratio": 1.85,
            "account_receivable_turnover_ratio": 1.87,
            "reinvestment_rate": null,
            "research_to_sale_ratio": 1.13,
            "price_fair": 178.5,
            "eps_avg_yearly": 5.1,
            "eps_latest_yearly": 5.32,
            "eps_growth_yearly": 57.2
        },
        "20132": {
            "year_quarter": 20132,
            "year": 2013,
            "quarter": 2,
            "eps": 0.93,
            "eps_growth_year": 14.78,
            "eps_4q": 5,
            "eps_4q_growth_year": 14.52,
            "roe": 4,
            "roe_4q": 21.950000000000003,
            "gross_profit": 169886,
            "gross_margin": 9.49,
            "gross_margin_4q_avg": 11.19,
            "net_income": 56472,
            "revenue": 1790925,
            "common_shares": 602039,
            "book_valuer_per_share": 22.16,
            "book_valuer_per_share_4q_avg": 23.18,
            "equity": 1334383,
            "current_ratio": 171.09,
            "debt_ratio": 49.11,
            "inventory_turnover_ratio": 1.66,
            "account_receivable_turnover_ratio": 2.54,
            "reinvestment_rate": null,
            "research_to_sale_ratio": 1.01,
            "price_fair": 171.6,
            "eps_avg_yearly": 4.9,
            "eps_latest_yearly": 3.72,
            "eps_growth_yearly": 31.84
        },
        "20133": {
            "year_quarter": 20133,
            "year": 2013,
            "quarter": 3,
            "eps": 0.62,
            "eps_growth_year": -65.68,
            "eps_4q": 3.81,
            "eps_4q_growth_year": -23.98,
            "roe": 2.74,
            "roe_4q": 16.29,
            "gross_profit": 167994,
            "gross_margin": 8.67,
            "gross_margin_4q_avg": 10.03,
            "net_income": 37116,
            "revenue": 1936881,
            "common_shares": 602039,
            "book_valuer_per_share": 22.78,
            "book_valuer_per_share_4q_avg": 23.27,
            "equity": 1371571,
            "current_ratio": 197.99,
            "debt_ratio": 41.5,
            "inventory_turnover_ratio": 2.1,
            "account_receivable_turnover_ratio": 2.51,
            "reinvestment_rate": null,
            "research_to_sale_ratio": 0.97,
            "price_fair": 97.51,
            "eps_avg_yearly": 4.6,
            "eps_latest_yearly": 2.48,
            "eps_growth_yearly": 11.2
        },
        "20134": {
            "year_quarter": 20134,
            "year": 2013,
            "quarter": 4,
            "eps": 1.59,
            "eps_growth_year": 71.44,
            "eps_4q": 4.47,
            "eps_4q_growth_year": 1.2,
            "roe": 6.73,
            "roe_4q": 18.98,
            "gross_profit": 267627,
            "gross_margin": 12.07,
            "gross_margin_4q_avg": 10.55,
            "net_income": 95648,
            "revenue": 2216838,
            "common_shares": 602039,
            "book_valuer_per_share": 24.43,
            "book_valuer_per_share_4q_avg": 23.51,
            "equity": 1470921,
            "current_ratio": 183.91,
            "debt_ratio": 45.67,
            "inventory_turnover_ratio": 2.57,
            "account_receivable_turnover_ratio": 2.8,
            "reinvestment_rate": null,
            "research_to_sale_ratio": 1.21,
            "price_fair": 167.84,
            "eps_avg_yearly": 4.8,
            "eps_latest_yearly": 6.36,
            "eps_growth_yearly": 79.49
        },
        "20141": {
            "year_quarter": 20141,
            "year": 2014,
            "quarter": 1,
            "eps": 0.83,
            "eps_growth_year": -37.59,
            "eps_4q": 3.97,
            "eps_4q_growth_year": -18.47,
            "roe": 3.32,
            "roe_4q": 16.79,
            "gross_profit": 171324,
            "gross_margin": 9.7,
            "gross_margin_4q_avg": 9.98,
            "net_income": 49742,
            "revenue": 1766210,
            "common_shares": 602039,
            "book_valuer_per_share": 25.35,
            "book_valuer_per_share_4q_avg": 23.68,
            "equity": 1526201,
            "current_ratio": 186.48,
            "debt_ratio": 41.42,
            "inventory_turnover_ratio": 1.95,
            "account_receivable_turnover_ratio": 2.24,
            "reinvestment_rate": null,
            "research_to_sale_ratio": 1.07,
            "price_fair": 162.68,
            "eps_avg_yearly": 4.65,
            "eps_latest_yearly": 3.32,
            "eps_growth_yearly": 52.42
        },
        "20142": {
            "year_quarter": 20142,
            "year": 2014,
            "quarter": 2,
            "eps": 0.29,
            "eps_growth_year": -68.82,
            "eps_4q": 3.33,
            "eps_4q_growth_year": -33.41,
            "roe": 1.23,
            "roe_4q": 14.020000000000001,
            "gross_profit": 165837,
            "gross_margin": 9.93,
            "gross_margin_4q_avg": 10.09,
            "net_income": 17804,
            "revenue": 1670538,
            "common_shares": 602039,
            "book_valuer_per_share": 22.56,
            "book_valuer_per_share_4q_avg": 23.78,
            "equity": 1358072,
            "current_ratio": 144.34,
            "debt_ratio": 55.09,
            "inventory_turnover_ratio": 1.3,
            "account_receivable_turnover_ratio": 2.25,
            "reinvestment_rate": 52.74,
            "research_to_sale_ratio": 1.27,
            "price_fair": 147.23,
            "eps_avg_yearly": 4.33,
            "eps_latest_yearly": 1.16,
            "eps_growth_yearly": 24
        },
        "20143": {
            "year_quarter": 20143,
            "year": 2014,
            "quarter": 3,
            "eps": 0.94,
            "eps_growth_year": 51.61,
            "eps_4q": 3.65,
            "eps_4q_growth_year": -4.21,
            "roe": 4.02,
            "roe_4q": 15.3,
            "gross_profit": 204061,
            "gross_margin": 11.71,
            "gross_margin_4q_avg": 10.85,
            "net_income": 56322,
            "revenue": 1742072,
            "common_shares": 602039,
            "book_valuer_per_share": 24.01,
            "book_valuer_per_share_4q_avg": 24.09,
            "equity": 1445571,
            "current_ratio": 141.63,
            "debt_ratio": 56.65,
            "inventory_turnover_ratio": 1.01,
            "account_receivable_turnover_ratio": 2.43,
            "reinvestment_rate": 54.99,
            "research_to_sale_ratio": 1.34,
            "price_fair": 149.92,
            "eps_avg_yearly": 4.28,
            "eps_latest_yearly": 3.76,
            "eps_growth_yearly": 96.71
        },
        "20144": {
            "year_quarter": 20144,
            "year": 2014,
            "quarter": 4,
            "eps": 0.04,
            "eps_growth_year": -97.74,
            "eps_4q": 1.94,
            "eps_4q_growth_year": -56.68,
            "roe": 0.15,
            "roe_4q": 8.72,
            "gross_profit": 182054,
            "gross_margin": 8.75,
            "gross_margin_4q_avg": 10.02,
            "net_income": 2338,
            "revenue": 2079714,
            "common_shares": 652039,
            "book_valuer_per_share": 24.5,
            "book_valuer_per_share_4q_avg": 24.11,
            "equity": 1597269,
            "current_ratio": 171.98,
            "debt_ratio": 44.74,
            "inventory_turnover_ratio": 1.43,
            "account_receivable_turnover_ratio": 2.93,
            "reinvestment_rate": 35.17,
            "research_to_sale_ratio": 1.27,
            "price_fair": 138.82,
            "eps_avg_yearly": 3.97,
            "eps_latest_yearly": 0.16,
            "eps_growth_yearly": 59.81
        },
        "20151": {
            "year_quarter": 20151,
            "year": 2015,
            "quarter": 1,
            "eps": -0.19,
            "eps_growth_year": -122.89,
            "eps_4q": 0.98,
            "eps_4q_growth_year": -75.32,
            "roe": -0.77,
            "roe_4q": 4.629999999999999,
            "gross_profit": 171043,
            "gross_margin": 11.51,
            "gross_margin_4q_avg": 10.48,
            "net_income": -12575,
            "revenue": 1485933,
            "common_shares": 652039,
            "book_valuer_per_share": 25.9,
            "book_valuer_per_share_4q_avg": 24.24,
            "equity": 1688489,
            "current_ratio": 190.48,
            "debt_ratio": 36.99,
            "inventory_turnover_ratio": 1.36,
            "account_receivable_turnover_ratio": 2.37,
            "reinvestment_rate": 57.44,
            "research_to_sale_ratio": 1.8,
            "price_fair": 138.82,
            "eps_avg_yearly": 3.97,
            "eps_latest_yearly": 0.16,
            "eps_growth_yearly": 59.81
        },
        "20152": {
            "year_quarter": 20152,
            "year": 2015,
            "quarter": 2,
            "eps": -0.55,
            "eps_growth_year": -289.66,
            "eps_4q": 0.16,
            "eps_4q_growth_year": -95.07,
            "roe": -2.21,
            "roe_4q": 1.1899999999999995,
            "gross_profit": 118239,
            "gross_margin": 9.45,
            "gross_margin_4q_avg": 10.36,
            "net_income": -35401,
            "revenue": 1251301,
            "common_shares": 651829,
            "book_valuer_per_share": 23.31,
            "book_valuer_per_share_4q_avg": 24.43,
            "equity": 1519229,
            "current_ratio": 185.26,
            "debt_ratio": 37.4,
            "inventory_turnover_ratio": 1.5,
            "account_receivable_turnover_ratio": 2.31,
            "reinvestment_rate": 53.1,
            "research_to_sale_ratio": 1.77,
            "price_fair": 138.82,
            "eps_avg_yearly": 3.97,
            "eps_latest_yearly": 0.16,
            "eps_growth_yearly": 59.81
        },
        "20153": {
            "year_quarter": 20153,
            "year": 2015,
            "quarter": 3,
            "eps": 0.31,
            "eps_growth_year": -67.02,
            "eps_4q": -0.4,
            "eps_4q_growth_year": -111.01,
            "roe": 1.32,
            "roe_4q": -1.51,
            "gross_profit": 130463,
            "gross_margin": 10.2,
            "gross_margin_4q_avg": 9.98,
            "net_income": 19951,
            "revenue": 1278939,
            "common_shares": 651469,
            "book_valuer_per_share": 23.52,
            "book_valuer_per_share_4q_avg": 24.31,
            "equity": 1505513,
            "current_ratio": 199.46,
            "debt_ratio": 34.56,
            "inventory_turnover_ratio": 2.13,
            "account_receivable_turnover_ratio": 2.33,
            "reinvestment_rate": 55.04,
            "research_to_sale_ratio": 1.69,
            "price_fair": 138.82,
            "eps_avg_yearly": 3.97,
            "eps_latest_yearly": 0.16,
            "eps_growth_yearly": 59.81
        },
        "20154": {
            "year_quarter": 20154,
            "year": 2015,
            "quarter": 4,
            "eps": 1.26,
            "eps_growth_year": 3420.59,
            "eps_4q": 0.81,
            "eps_4q_growth_year": -57.95,
            "roe": 5.15,
            "roe_4q": 3.4900000000000007,
            "gross_profit": 201580,
            "gross_margin": 13.9,
            "gross_margin_4q_avg": 11.27,
            "net_income": 78881,
            "revenue": 1450058,
            "common_shares": 650780,
            "book_valuer_per_share": 24.92,
            "book_valuer_per_share_4q_avg": 24.41,
            "equity": 1557122,
            "current_ratio": 198.31,
            "debt_ratio": 35.68,
            "inventory_turnover_ratio": 2.62,
            "account_receivable_turnover_ratio": 2.48,
            "reinvestment_rate": 53.97,
            "research_to_sale_ratio": 1.15,
            "price_fair": 133.43,
            "eps_avg_yearly": 3.81,
            "eps_latest_yearly": 5.04,
            "eps_growth_yearly": 144.76
        },
        "20161": {
            "year_quarter": 20161,
            "year": 2016,
            "quarter": 1,
            "eps": 0.66,
            "eps_growth_year": null,
            "eps_4q": 1.67,
            "eps_4q_growth_year": 70.39,
            "roe": 2.58,
            "roe_4q": 6.840000000000001,
            "gross_profit": 177183,
            "gross_margin": 14.48,
            "gross_margin_4q_avg": 12.01,
            "net_income": 40600,
            "revenue": 1223544,
            "common_shares": 650304,
            "book_valuer_per_share": 25.58,
            "book_valuer_per_share_4q_avg": 24.33,
            "equity": 1593589,
            "current_ratio": 214.4,
            "debt_ratio": 32.92,
            "inventory_turnover_ratio": 1.91,
            "account_receivable_turnover_ratio": 2.01,
            "reinvestment_rate": 53.23,
            "research_to_sale_ratio": 1.29,
            "price_fair": 129.66,
            "eps_avg_yearly": 3.7,
            "eps_latest_yearly": 2.64,
            "eps_growth_yearly": 143.22
        },
        "20162": {
            "year_quarter": 20162,
            "year": 2016,
            "quarter": 2,
            "eps": 0.49,
            "eps_growth_year": null,
            "eps_4q": 2.73,
            "eps_4q_growth_year": 1564.48,
            "roe": 1.91,
            "roe_4q": 10.96,
            "gross_profit": 177372,
            "gross_margin": 16.45,
            "gross_margin_4q_avg": 13.76,
            "net_income": 30411,
            "revenue": 1078215,
            "common_shares": 649744,
            "book_valuer_per_share": 25.45,
            "book_valuer_per_share_4q_avg": 24.87,
            "equity": 1584173,
            "current_ratio": 212.74,
            "debt_ratio": 32.98,
            "inventory_turnover_ratio": 1.57,
            "account_receivable_turnover_ratio": 1.9,
            "reinvestment_rate": 55.88,
            "research_to_sale_ratio": 1.48,
            "price_fair": 126.22,
            "eps_avg_yearly": 3.61,
            "eps_latest_yearly": 1.96,
            "eps_growth_yearly": 141.38
        },
        "20163": {
            "year_quarter": 20163,
            "year": 2016,
            "quarter": 3,
            "eps": 0.26,
            "eps_growth_year": -16.13,
            "eps_4q": 2.62,
            "eps_4q_growth_year": null,
            "roe": 1.02,
            "roe_4q": 10.66,
            "gross_profit": 150461,
            "gross_margin": 14.39,
            "gross_margin_4q_avg": 14.81,
            "net_income": 16391,
            "revenue": 1045600,
            "common_shares": 649233,
            "book_valuer_per_share": 25.68,
            "book_valuer_per_share_4q_avg": 25.41,
            "equity": 1629643,
            "current_ratio": 267.1,
            "debt_ratio": 25.59,
            "inventory_turnover_ratio": 1.58,
            "account_receivable_turnover_ratio": 2,
            "reinvestment_rate": 62.36,
            "research_to_sale_ratio": 1.62,
            "price_fair": 109.52,
            "eps_avg_yearly": 3.13,
            "eps_latest_yearly": 1.04,
            "eps_growth_yearly": 88.96
        },
        "20164": {
            "year_quarter": 20164,
            "year": 2016,
            "quarter": 4,
            "eps": 0.71,
            "eps_growth_year": -43.78,
            "eps_4q": 2.09,
            "eps_4q_growth_year": 156.65,
            "roe": 2.72,
            "roe_4q": 8.23,
            "gross_profit": 171209,
            "gross_margin": 19.36,
            "gross_margin_4q_avg": 16.17,
            "net_income": 44975,
            "revenue": 884269,
            "common_shares": 648447,
            "book_valuer_per_share": 26.43,
            "book_valuer_per_share_4q_avg": 25.79,
            "equity": 1674738,
            "current_ratio": 293.59,
            "debt_ratio": 23.44,
            "inventory_turnover_ratio": 1.2,
            "account_receivable_turnover_ratio": 1.74,
            "reinvestment_rate": 61.48,
            "research_to_sale_ratio": 1.54,
            "price_fair": 107.15,
            "eps_avg_yearly": 3.06,
            "eps_latest_yearly": 2.84,
            "eps_growth_yearly": 157.17
        },
        "20171": {
            "year_quarter": 20171,
            "year": 2017,
            "quarter": 1,
            "eps": 0.07,
            "eps_growth_year": -89.39,
            "eps_4q": 1.51,
            "eps_4q_growth_year": -9.27,
            "roe": 0.25,
            "roe_4q": 5.9,
            "gross_profit": 152136,
            "gross_margin": 17.8,
            "gross_margin_4q_avg": 17,
            "net_income": 4227,
            "revenue": 854885,
            "common_shares": 648447,
            "book_valuer_per_share": 26.35,
            "book_valuer_per_share_4q_avg": 25.98,
            "equity": 1670212,
            "current_ratio": 296,
            "debt_ratio": 23.64,
            "inventory_turnover_ratio": 1.2,
            "account_receivable_turnover_ratio": 1.75,
            "reinvestment_rate": 67.63,
            "research_to_sale_ratio": 1.82,
            "price_fair": 93.58,
            "eps_avg_yearly": 2.67,
            "eps_latest_yearly": 0.28,
            "eps_growth_yearly": 116.2
        },
        "20172": {
            "year_quarter": 20172,
            "year": 2017,
            "quarter": 2,
            "eps": 0.03,
            "eps_growth_year": -93.88,
            "eps_4q": 1.07,
            "eps_4q_growth_year": -60.89,
            "roe": 0.13,
            "roe_4q": 4.12,
            "gross_profit": 98869,
            "gross_margin": 12.06,
            "gross_margin_4q_avg": 15.9,
            "net_income": 2015,
            "revenue": 820024,
            "common_shares": 648375,
            "book_valuer_per_share": 24.32,
            "book_valuer_per_share_4q_avg": 25.7,
            "equity": 1541192,
            "current_ratio": 242.47,
            "debt_ratio": 29.31,
            "inventory_turnover_ratio": 1.25,
            "account_receivable_turnover_ratio": 1.61,
            "reinvestment_rate": 53.42,
            "research_to_sale_ratio": 1.88,
            "price_fair": 83.89,
            "eps_avg_yearly": 2.4,
            "eps_latest_yearly": 0.12,
            "eps_growth_yearly": 107.87
        },
        "20173": {
            "year_quarter": 20173,
            "year": 2017,
            "quarter": 3,
            "eps": 0.43,
            "eps_growth_year": 65.38,
            "eps_4q": 1.24,
            "eps_4q_growth_year": -52.68,
            "roe": 1.77,
            "roe_4q": 4.87,
            "gross_profit": 124671,
            "gross_margin": 10.03,
            "gross_margin_4q_avg": 14.81,
            "net_income": 27353,
            "revenue": 1242553,
            "common_shares": 648327,
            "book_valuer_per_share": 24.55,
            "book_valuer_per_share_4q_avg": 25.41,
            "equity": 1555680,
            "current_ratio": 197.46,
            "debt_ratio": 38.3,
            "inventory_turnover_ratio": 1.55,
            "account_receivable_turnover_ratio": 2.09,
            "reinvestment_rate": 49.92,
            "research_to_sale_ratio": 1.4,
            "price_fair": 81.85,
            "eps_avg_yearly": 2.34,
            "eps_latest_yearly": 1.72,
            "eps_growth_yearly": 528.38
        },
        "20174": {
            "year_quarter": 20174,
            "year": 2017,
            "quarter": 4,
            "eps": -0.26,
            "eps_growth_year": -136.53,
            "eps_4q": 0.27,
            "eps_4q_growth_year": -87.08,
            "roe": -1.07,
            "roe_4q": 1.08,
            "gross_profit": 107004,
            "gross_margin": 7.81,
            "gross_margin_4q_avg": 11.93,
            "net_income": -16462,
            "revenue": 1369732,
            "common_shares": 647758,
            "book_valuer_per_share": 24.03,
            "book_valuer_per_share_4q_avg": 24.81,
            "equity": 1526275,
            "current_ratio": 170.54,
            "debt_ratio": 46.41,
            "inventory_turnover_ratio": 1.28,
            "account_receivable_turnover_ratio": 1.97,
            "reinvestment_rate": 56.71,
            "research_to_sale_ratio": 0.7,
            "price_fair": 70.12,
            "eps_avg_yearly": 2,
            "eps_latest_yearly": 1.72,
            "eps_growth_yearly": 520.27
        },
        "20181": {
            "year_quarter": 20181,
            "year": 2018,
            "quarter": 1,
            "eps": -1.03,
            "eps_growth_year": -1571.43,
            "eps_4q": -0.82,
            "eps_4q_growth_year": -154.33,
            "roe": -4.35,
            "roe_4q": -3.52,
            "gross_profit": 61338,
            "gross_margin": 4.68,
            "gross_margin_4q_avg": 8.65,
            "net_income": -65170,
            "revenue": 1309536,
            "common_shares": 647758,
            "book_valuer_per_share": 23.17,
            "book_valuer_per_share_4q_avg": 24.02,
            "equity": 1471208,
            "current_ratio": 178.49,
            "debt_ratio": 42.99,
            "inventory_turnover_ratio": 1.27,
            "account_receivable_turnover_ratio": 1.72,
            "reinvestment_rate": -112.96,
            "research_to_sale_ratio": 0.83,
            "price_fair": 65.93,
            "eps_avg_yearly": 1.88,
            "eps_latest_yearly": 1.72,
            "eps_growth_yearly": 584.94
        },
        "20182": {
            "year_quarter": 20182,
            "year": 2018,
            "quarter": 2,
            "eps": 0.19,
            "eps_growth_year": 533.33,
            "eps_4q": -0.66,
            "eps_4q_growth_year": -162.11,
            "roe": 0.82,
            "roe_4q": -2.8299999999999996,
            "gross_profit": 128195,
            "gross_margin": 12.09,
            "gross_margin_4q_avg": 8.65,
            "net_income": 12199,
            "revenue": 1060485,
            "common_shares": 647758,
            "book_valuer_per_share": 23.78,
            "book_valuer_per_share_4q_avg": 23.88,
            "equity": 1510437,
            "current_ratio": 200.96,
            "debt_ratio": 35.22,
            "inventory_turnover_ratio": 1.24,
            "account_receivable_turnover_ratio": 1.52,
            "reinvestment_rate": -130.28,
            "research_to_sale_ratio": 1.1,
            "price_fair": 68.46,
            "eps_avg_yearly": 1.96,
            "eps_latest_yearly": 1.72,
            "eps_growth_yearly": 669.46
        },
        "20183": {
            "year_quarter": 20183,
            "year": 2018,
            "quarter": 3,
            "eps": 1.15,
            "eps_growth_year": 167.44,
            "eps_4q": 0.06,
            "eps_4q_growth_year": -95.15,
            "roe": 4.89,
            "roe_4q": 0.29000000000000026,
            "gross_profit": 182484,
            "gross_margin": 17.46,
            "gross_margin_4q_avg": 10.51,
            "net_income": 73249,
            "revenue": 1045455,
            "common_shares": 647758,
            "book_valuer_per_share": 23.34,
            "book_valuer_per_share_4q_avg": 23.58,
            "equity": 1482520,
            "current_ratio": 254.89,
            "debt_ratio": 28.18,
            "inventory_turnover_ratio": 1.41,
            "account_receivable_turnover_ratio": 1.77,
            "reinvestment_rate": -139.29,
            "research_to_sale_ratio": 1.12,
            "price_fair": 71.4,
            "eps_avg_yearly": 2.04,
            "eps_latest_yearly": 4.6,
            "eps_growth_yearly": 781.91
        },
        "20184": {
            "year_quarter": 20184,
            "year": 2018,
            "quarter": 4,
            "eps": 1.02,
            "eps_growth_year": null,
            "eps_4q": 1.34,
            "eps_4q_growth_year": 396.84,
            "roe": 4.21,
            "roe_4q": 5.57,
            "gross_profit": 184169,
            "gross_margin": 17.04,
            "gross_margin_4q_avg": 12.82,
            "net_income": 64845,
            "revenue": 1080687,
            "common_shares": 644228,
            "book_valuer_per_share": 25.16,
            "book_valuer_per_share_4q_avg": 23.86,
            "equity": 1598104,
            "current_ratio": 248.26,
            "debt_ratio": 29.25,
            "inventory_turnover_ratio": 1.55,
            "account_receivable_turnover_ratio": 1.86,
            "reinvestment_rate": -114.65,
            "research_to_sale_ratio": 0.99,
            "price_fair": 85.12,
            "eps_avg_yearly": 2.43,
            "eps_latest_yearly": 4.08,
            "eps_growth_yearly": 815.69
        },
        "20191": {
            "year_quarter": 20191,
            "year": 2019,
            "quarter": 1,
            "eps": 0.16,
            "eps_growth_year": null,
            "eps_4q": 2.52,
            "eps_4q_growth_year": null,
            "roe": 0.59,
            "roe_4q": 10.51,
            "gross_profit": 132532,
            "gross_margin": 14.82,
            "gross_margin_4q_avg": 15.35,
            "net_income": 9896,
            "revenue": 894315,
            "common_shares": 635058,
            "book_valuer_per_share": 27.27,
            "book_valuer_per_share_4q_avg": 24.89,
            "equity": 1731708,
            "current_ratio": 249.92,
            "debt_ratio": 28.02,
            "inventory_turnover_ratio": 1.38,
            "account_receivable_turnover_ratio": 1.67,
            "reinvestment_rate": -150.43,
            "research_to_sale_ratio": 1.28,
            "price_fair": 79.42,
            "eps_avg_yearly": 2.27,
            "eps_latest_yearly": 0.64,
            "eps_growth_yearly": 710.88
        },
        "20192": {
            "year_quarter": 20192,
            "year": 2019,
            "quarter": 2,
            "eps": 0.27,
            "eps_growth_year": 42.11,
            "eps_4q": 2.6,
            "eps_4q_growth_year": null,
            "roe": 1.01,
            "roe_4q": 10.7,
            "gross_profit": 124604,
            "gross_margin": 13.73,
            "gross_margin_4q_avg": 15.76,
            "net_income": 16994,
            "revenue": 907748,
            "common_shares": 635058,
            "book_valuer_per_share": 25.78,
            "book_valuer_per_share_4q_avg": 25.39,
            "equity": 1637311,
            "current_ratio": 225.72,
            "debt_ratio": 31.65,
            "inventory_turnover_ratio": 1.51,
            "account_receivable_turnover_ratio": 1.73,
            "reinvestment_rate": -118.22,
            "research_to_sale_ratio": 1.47,
            "price_fair": 75.95,
            "eps_avg_yearly": 2.17,
            "eps_latest_yearly": 1.08,
            "eps_growth_yearly": 674.55
        },
        "20193": {
            "year_quarter": 20193,
            "year": 2019,
            "quarter": 3,
            "eps": 0.88,
            "eps_growth_year": -23.48,
            "eps_4q": 2.33,
            "eps_4q_growth_year": 3775.52,
            "roe": 3.26,
            "roe_4q": 9.07,
            "gross_profit": 176615,
            "gross_margin": 18.2,
            "gross_margin_4q_avg": 15.95,
            "net_income": 56155,
            "revenue": 970525,
            "common_shares": 635058,
            "book_valuer_per_share": 28.41,
            "book_valuer_per_share_4q_avg": 26.66,
            "equity": 1804238,
            "current_ratio": 244.79,
            "debt_ratio": 27.96,
            "inventory_turnover_ratio": 1.43,
            "account_receivable_turnover_ratio": 1.78,
            "reinvestment_rate": -105.06,
            "research_to_sale_ratio": 1.36,
            "price_fair": 79.58,
            "eps_avg_yearly": 2.27,
            "eps_latest_yearly": 3.52,
            "eps_growth_yearly": 692.18
        },
        "20194": {
            "year_quarter": 20194,
            "year": 2019,
            "quarter": 4,
            "eps": 0.2,
            "eps_growth_year": -80.85,
            "eps_4q": 1.5,
            "eps_4q_growth_year": 12.15,
            "roe": 0.69,
            "roe_4q": 5.55,
            "gross_profit": 169805,
            "gross_margin": 15.84,
            "gross_margin_4q_avg": 15.65,
            "net_income": 12417,
            "revenue": 1072137,
            "common_shares": 635058,
            "book_valuer_per_share": 28.65,
            "book_valuer_per_share_4q_avg": 27.53,
            "equity": 1819635,
            "current_ratio": 224.23,
            "debt_ratio": 31.15,
            "inventory_turnover_ratio": 1.31,
            "account_receivable_turnover_ratio": 2.03,
            "reinvestment_rate": -125.06,
            "research_to_sale_ratio": 1.09,
            "price_fair": 68.17,
            "eps_avg_yearly": 1.95,
            "eps_latest_yearly": 0.8,
            "eps_growth_yearly": 574.11
        },
        "20201": {
            "year_quarter": 20201,
            "year": 2020,
            "quarter": 1,
            "eps": 0.95,
            "eps_growth_year": 493.75,
            "eps_4q": 2.3,
            "eps_4q_growth_year": -8.83,
            "roe": 3.48,
            "roe_4q": 8.44,
            "gross_profit": 199347,
            "gross_margin": 18.97,
            "gross_margin_4q_avg": 16.69,
            "net_income": 60483,
            "revenue": 1050924,
            "common_shares": 635058,
            "book_valuer_per_share": 26.11,
            "book_valuer_per_share_4q_avg": 27.24,
            "equity": 1658146,
            "current_ratio": 196.39,
            "debt_ratio": 38.18,
            "inventory_turnover_ratio": 1.06,
            "account_receivable_turnover_ratio": 2.09,
            "reinvestment_rate": -115.18,
            "research_to_sale_ratio": 1.13,
            "price_fair": 71.29,
            "eps_avg_yearly": 2.04,
            "eps_latest_yearly": 3.8,
            "eps_growth_yearly": 704.15
        },
        "20202": {
            "year_quarter": 20202,
            "year": 2020,
            "quarter": 2,
            "eps": -0.78,
            "eps_growth_year": -388.89,
            "eps_4q": 1.25,
            "eps_4q_growth_year": -51.97,
            "roe": -2.95,
            "roe_4q": 4.4799999999999995,
            "gross_profit": 66357,
            "gross_margin": 7.21,
            "gross_margin_4q_avg": 15.06,
            "net_income": -49819,
            "revenue": 920028,
            "common_shares": 635058,
            "book_valuer_per_share": 27.11,
            "book_valuer_per_share_4q_avg": 27.57,
            "equity": 1721619,
            "current_ratio": 202.72,
            "debt_ratio": 35.09,
            "inventory_turnover_ratio": 1.16,
            "account_receivable_turnover_ratio": 2.08,
            "reinvestment_rate": -162.6,
            "research_to_sale_ratio": 0.95,
            "price_fair": 71.52,
            "eps_avg_yearly": 2.04,
            "eps_latest_yearly": 3.8,
            "eps_growth_yearly": 771.41
        },
        "20203": {
            "year_quarter": 20203,
            "year": 2020,
            "quarter": 3,
            "eps": 0.57,
            "eps_growth_year": -35.23,
            "eps_4q": 0.94,
            "eps_4q_growth_year": -59.75,
            "roe": 2.14,
            "roe_4q": 3.36,
            "gross_profit": 141033,
            "gross_margin": 12.09,
            "gross_margin_4q_avg": 13.53,
            "net_income": 36438,
            "revenue": 1166695,
            "common_shares": 635058,
            "book_valuer_per_share": 26.5,
            "book_valuer_per_share_4q_avg": 27.09,
            "equity": 1682960,
            "current_ratio": 215.71,
            "debt_ratio": 33.79,
            "inventory_turnover_ratio": 1.37,
            "account_receivable_turnover_ratio": 2.83,
            "reinvestment_rate": -147.4,
            "research_to_sale_ratio": 0.84,
            "price_fair": 74.71,
            "eps_avg_yearly": 2.13,
            "eps_latest_yearly": 3.8,
            "eps_growth_yearly": 858.61
        },
        "20204": {
            "year_quarter": 20204,
            "year": 2020,
            "quarter": 4,
            "eps": 0.41,
            "eps_growth_year": 107.68,
            "eps_4q": 1.15,
            "eps_4q_growth_year": -23.64,
            "roe": 1.48,
            "roe_4q": 4.15,
            "gross_profit": 142348,
            "gross_margin": 11.55,
            "gross_margin_4q_avg": 12.46,
            "net_income": 25788,
            "revenue": 1232448,
            "common_shares": 635058,
            "book_valuer_per_share": 28.46,
            "book_valuer_per_share_4q_avg": 27.05,
            "equity": 1807315,
            "current_ratio": 240.38,
            "debt_ratio": 28.53,
            "inventory_turnover_ratio": 1.44,
            "account_receivable_turnover_ratio": 2.85,
            "reinvestment_rate": -154.01,
            "research_to_sale_ratio": 0.63,
            "price_fair": 70.89,
            "eps_avg_yearly": 2.03,
            "eps_latest_yearly": 1.64,
            "eps_growth_yearly": 785.46
        },
        "20211": {
            "year_quarter": 20211,
            "year": 2021,
            "quarter": 1,
            "eps": 0.22,
            "eps_growth_year": -76.84,
            "eps_4q": 0.42,
            "eps_4q_growth_year": -81.91,
            "roe": 0.74,
            "roe_4q": 1.4099999999999993,
            "gross_profit": 144494,
            "gross_margin": 14.45,
            "gross_margin_4q_avg": 11.33,
            "net_income": 14009,
            "revenue": 999699,
            "common_shares": 635058,
            "book_valuer_per_share": 31.48,
            "book_valuer_per_share_4q_avg": 28.39,
            "equity": 1999463,
            "current_ratio": 216.27,
            "debt_ratio": 29.46,
            "inventory_turnover_ratio": 1.01,
            "account_receivable_turnover_ratio": 2.37,
            "reinvestment_rate": -142.29,
            "research_to_sale_ratio": 0.98,
            "price_fair": 72.8,
            "eps_avg_yearly": 2.08,
            "eps_latest_yearly": 0.88,
            "eps_growth_yearly": 801.39
        },
        "20212": {
            "year_quarter": 20212,
            "year": 2021,
            "quarter": 2,
            "eps": 0.1,
            "eps_growth_year": null,
            "eps_4q": 1.3,
            "eps_4q_growth_year": 4.24,
            "roe": 0.3,
            "roe_4q": 4.66,
            "gross_profit": 124216,
            "gross_margin": 11.78,
            "gross_margin_4q_avg": 12.47,
            "net_income": 6361,
            "revenue": 1054778,
            "common_shares": 635058,
            "book_valuer_per_share": 35.26,
            "book_valuer_per_share_4q_avg": 30.43,
            "equity": 2239146,
            "current_ratio": 178.34,
            "debt_ratio": 35.58,
            "inventory_turnover_ratio": 0.83,
            "account_receivable_turnover_ratio": 2.53,
            "reinvestment_rate": -133.43,
            "research_to_sale_ratio": 0.83,
            "price_fair": 73.69,
            "eps_avg_yearly": 2.11,
            "eps_latest_yearly": 0.4,
            "eps_growth_yearly": 802.34
        },
        "20213": {
            "year_quarter": 20213,
            "year": 2021,
            "quarter": 3,
            "eps": 0.17,
            "eps_growth_year": -70.18,
            "eps_4q": 0.9,
            "eps_4q_growth_year": -4.34,
            "roe": 0.5,
            "roe_4q": 3.02,
            "gross_profit": 98316,
            "gross_margin": 10.23,
            "gross_margin_4q_avg": 12,
            "net_income": 10775,
            "revenue": 961431,
            "common_shares": 635058,
            "book_valuer_per_share": 32.02,
            "book_valuer_per_share_4q_avg": 31.81,
            "equity": 2033414,
            "current_ratio": 202.9,
            "debt_ratio": 32.1,
            "inventory_turnover_ratio": 0.78,
            "account_receivable_turnover_ratio": 2.3,
            "reinvestment_rate": -134.77,
            "research_to_sale_ratio": 0.84,
            "price_fair": 70.38,
            "eps_avg_yearly": 2.01,
            "eps_latest_yearly": 0.68,
            "eps_growth_yearly": 342.94
        },
        "20214": {
            "year_quarter": 20214,
            "year": 2021,
            "quarter": 4,
            "eps": -0.14,
            "eps_growth_year": -133.43,
            "eps_4q": 0.35,
            "eps_4q_growth_year": -69.1,
            "roe": -0.4,
            "roe_4q": 1.14,
            "gross_profit": 120780,
            "gross_margin": 10.3,
            "gross_margin_4q_avg": 11.69,
            "net_income": -8622,
            "revenue": 1173142,
            "common_shares": 635058,
            "book_valuer_per_share": 35.65,
            "book_valuer_per_share_4q_avg": 33.6,
            "equity": 2263735,
            "current_ratio": 199.02,
            "debt_ratio": 30.52,
            "inventory_turnover_ratio": 1.09,
            "account_receivable_turnover_ratio": 2.6,
            "reinvestment_rate": -122.39,
            "research_to_sale_ratio": 0.51,
            "price_fair": 70.38,
            "eps_avg_yearly": 2.01,
            "eps_latest_yearly": 0.68,
            "eps_growth_yearly": 342.94
        },
        "20221": {
            "year_quarter": 20221,
            "year": 2022,
            "quarter": 1,
            "eps": 0.26,
            "eps_growth_year": 18.18,
            "eps_4q": 0.39,
            "eps_4q_growth_year": -5.41,
            "roe": 0.75,
            "roe_4q": 1.15,
            "gross_profit": 156553,
            "gross_margin": 14.43,
            "gross_margin_4q_avg": 11.69,
            "net_income": 16474,
            "revenue": 1085061,
            "common_shares": 635058,
            "book_valuer_per_share": 33.44,
            "book_valuer_per_share_4q_avg": 34.09,
            "equity": 2123783,
            "current_ratio": 175.23,
            "debt_ratio": 35.86,
            "inventory_turnover_ratio": 0.9,
            "account_receivable_turnover_ratio": 2.34,
            "reinvestment_rate": -22.17,
            "research_to_sale_ratio": 0.73,
            "price_fair": 70.38,
            "eps_avg_yearly": 2.01,
            "eps_latest_yearly": 0.68,
            "eps_growth_yearly": 342.94
        },
        "20222": {
            "year_quarter": 20222,
            "year": 2022,
            "quarter": 2,
            "eps": -0.17,
            "eps_growth_year": -270,
            "eps_4q": 0.12,
            "eps_4q_growth_year": -90.46,
            "roe": -0.54,
            "roe_4q": 0.30999999999999994,
            "gross_profit": 112364,
            "gross_margin": 12.27,
            "gross_margin_4q_avg": 11.81,
            "net_income": -10746,
            "revenue": 915660,
            "common_shares": 635058,
            "book_valuer_per_share": 28.76,
            "book_valuer_per_share_4q_avg": 32.47,
            "equity": 1826441,
            "current_ratio": 201.18,
            "debt_ratio": 32.29,
            "inventory_turnover_ratio": 0.8,
            "account_receivable_turnover_ratio": 2.21,
            "reinvestment_rate": -21.59,
            "research_to_sale_ratio": 0.78,
            "price_fair": 70.38,
            "eps_avg_yearly": 2.01,
            "eps_latest_yearly": 0.68,
            "eps_growth_yearly": 342.94
        },
        "20223": {
            "year_quarter": 20223,
            "year": 2022,
            "quarter": 3,
            "eps": 2.18,
            "eps_growth_year": 1182.35,
            "eps_4q": 2.14,
            "eps_4q_growth_year": 138.91,
            "roe": 7.53,
            "roe_4q": 7.34,
            "gross_profit": 192575,
            "gross_margin": 17.32,
            "gross_margin_4q_avg": 13.58,
            "net_income": 138271,
            "revenue": 1111822,
            "common_shares": 635058,
            "book_valuer_per_share": 29.2,
            "book_valuer_per_share_4q_avg": 31.76,
            "equity": 1845891,
            "current_ratio": 207.28,
            "debt_ratio": 34.06,
            "inventory_turnover_ratio": 1.01,
            "account_receivable_turnover_ratio": 2.41,
            "reinvestment_rate": -17.29,
            "research_to_sale_ratio": 1.01,
            "price_fair": 61.32,
            "eps_avg_yearly": 1.75,
            "eps_latest_yearly": 0.68,
            "eps_growth_yearly": 175.13
        },
        "20224": {
            "year_quarter": 20224,
            "year": 2022,
            "quarter": 4,
            "eps": 0.62,
            "eps_growth_year": null,
            "eps_4q": 2.9,
            "eps_4q_growth_year": 717.73,
            "roe": 2.08,
            "roe_4q": 9.82,
            "gross_profit": 215816,
            "gross_margin": 17.52,
            "gross_margin_4q_avg": 15.39,
            "net_income": 39308,
            "revenue": 1231995,
            "common_shares": 635058,
            "book_valuer_per_share": 30.56,
            "book_valuer_per_share_4q_avg": 30.49,
            "equity": 1931595,
            "current_ratio": 224.87,
            "debt_ratio": 30.56,
            "inventory_turnover_ratio": 1.13,
            "account_receivable_turnover_ratio": 2.52,
            "reinvestment_rate": -16.83,
            "research_to_sale_ratio": 0.67,
            "price_fair": 55.72,
            "eps_avg_yearly": 1.59,
            "eps_latest_yearly": 2.48,
            "eps_growth_yearly": 151.03
        },
        "20231": {
            "year_quarter": 20231,
            "year": 2023,
            "quarter": 1,
            "eps": 0.38,
            "eps_growth_year": 46.15,
            "eps_4q": 3.02,
            "eps_4q_growth_year": 668.08,
            "roe": 1.22,
            "roe_4q": 10.29,
            "gross_profit": 222185,
            "gross_margin": 19.96,
            "gross_margin_4q_avg": 16.77,
            "net_income": 24189,
            "revenue": 1113065,
            "common_shares": 635058,
            "book_valuer_per_share": 31.93,
            "book_valuer_per_share_4q_avg": 30.11,
            "equity": 2017871,
            "current_ratio": 196,
            "debt_ratio": 32.44,
            "inventory_turnover_ratio": 0.96,
            "account_receivable_turnover_ratio": 2.44,
            "reinvestment_rate": -14.95,
            "research_to_sale_ratio": 0.78,
            "price_fair": 58.8,
            "eps_avg_yearly": 1.68,
            "eps_latest_yearly": 1.52,
            "eps_growth_yearly": 169.27
        },
        "20232": {
            "year_quarter": 20232,
            "year": 2023,
            "quarter": 2,
            "eps": 0.16,
            "eps_growth_year": null,
            "eps_4q": 3.34,
            "eps_4q_growth_year": 2592.33,
            "roe": 0.5,
            "roe_4q": 11.33,
            "gross_profit": 204501,
            "gross_margin": 18.98,
            "gross_margin_4q_avg": 18.45,
            "net_income": 10037,
            "revenue": 1077279,
            "common_shares": 635058,
            "book_valuer_per_share": 31.9,
            "book_valuer_per_share_4q_avg": 30.9,
            "equity": 2022240,
            "current_ratio": 203.41,
            "debt_ratio": 30.9,
            "inventory_turnover_ratio": 0.93,
            "account_receivable_turnover_ratio": 2.36,
            "reinvestment_rate": -13.71,
            "research_to_sale_ratio": 1,
            "price_fair": 57.26,
            "eps_avg_yearly": 1.64,
            "eps_latest_yearly": 0.64,
            "eps_growth_yearly": 118.61
        }
    },
    "months": {
        "2011-01": {
            "month": "2011-01",
            "price": "46.12",
            "revenue": 613662
        },
        "2011-02": {
            "month": "2011-02",
            "price": "42.36",
            "revenue": 401925
        },
        "2011-03": {
            "month": "2011-03",
            "price": "37.50",
            "revenue": 612970
        },
        "2011-04": {
            "month": "2011-04",
            "price": "37.18",
            "revenue": 411108
        },
        "2011-05": {
            "month": "2011-05",
            "price": "39.12",
            "revenue": 321376
        },
        "2011-06": {
            "month": "2011-06",
            "price": "37.06",
            "revenue": 466403
        },
        "2011-07": {
            "month": "2011-07",
            "price": "36.23",
            "revenue": 539824
        },
        "2011-08": {
            "month": "2011-08",
            "price": "29.98",
            "revenue": 486514
        },
        "2011-09": {
            "month": "2011-09",
            "price": "27.28",
            "revenue": 591892
        },
        "2011-10": {
            "month": "2011-10",
            "price": "26.71",
            "revenue": 611550
        },
        "2011-11": {
            "month": "2011-11",
            "price": "26.66",
            "revenue": 626706
        },
        "2011-12": {
            "month": "2011-12",
            "price": "26.50",
            "revenue": 694735
        },
        "2012-01": {
            "month": "2012-01",
            "price": "28.10",
            "revenue": 571146
        },
        "2012-02": {
            "month": "2012-02",
            "price": "34.60",
            "revenue": 565463
        },
        "2012-03": {
            "month": "2012-03",
            "price": "38.71",
            "revenue": 631106
        },
        "2012-04": {
            "month": "2012-04",
            "price": "38.98",
            "revenue": 428228
        },
        "2012-05": {
            "month": "2012-05",
            "price": "37.39",
            "revenue": 432454
        },
        "2012-06": {
            "month": "2012-06",
            "price": "31.88",
            "revenue": 506732
        },
        "2012-07": {
            "month": "2012-07",
            "price": "32.57",
            "revenue": 614320
        },
        "2012-08": {
            "month": "2012-08",
            "price": "35.51",
            "revenue": 580401
        },
        "2012-09": {
            "month": "2012-09",
            "price": "37.37",
            "revenue": 541494
        },
        "2012-10": {
            "month": "2012-10",
            "price": "35.00",
            "revenue": 635219
        },
        "2012-11": {
            "month": "2012-11",
            "price": "41.31",
            "revenue": 644102
        },
        "2012-12": {
            "month": "2012-12",
            "price": "48.12",
            "revenue": 595214
        },
        "2013-01": {
            "month": "2013-01",
            "price": "50.76",
            "revenue": 587340
        },
        "2013-02": {
            "month": "2013-02",
            "price": "49.65",
            "revenue": 504213
        },
        "2013-03": {
            "month": "2013-03",
            "price": "52.83",
            "revenue": 594691
        },
        "2013-04": {
            "month": "2013-04",
            "price": "46.71",
            "revenue": 545645
        },
        "2013-05": {
            "month": "2013-05",
            "price": "46.38",
            "revenue": 561692
        },
        "2013-06": {
            "month": "2013-06",
            "price": "47.47",
            "revenue": 681150
        },
        "2013-07": {
            "month": "2013-07",
            "price": "47.92",
            "revenue": 621753
        },
        "2013-08": {
            "month": "2013-08",
            "price": "44.05",
            "revenue": 642670
        },
        "2013-09": {
            "month": "2013-09",
            "price": "39.85",
            "revenue": 674637
        },
        "2013-10": {
            "month": "2013-10",
            "price": "40.46",
            "revenue": 744683
        },
        "2013-11": {
            "month": "2013-11",
            "price": "37.11",
            "revenue": 833341
        },
        "2013-12": {
            "month": "2013-12",
            "price": "38.49",
            "revenue": 638813
        },
        "2014-01": {
            "month": "2014-01",
            "price": "38.81",
            "revenue": 609736
        },
        "2014-02": {
            "month": "2014-02",
            "price": "38.44",
            "revenue": 568371
        },
        "2014-03": {
            "month": "2014-03",
            "price": "40.66",
            "revenue": 588099
        },
        "2014-04": {
            "month": "2014-04",
            "price": "42.56",
            "revenue": 531079
        },
        "2014-05": {
            "month": "2014-05",
            "price": "42.45",
            "revenue": 559679
        },
        "2014-06": {
            "month": "2014-06",
            "price": "42.84",
            "revenue": 579747
        },
        "2014-07": {
            "month": "2014-07",
            "price": "41.64",
            "revenue": 635143
        },
        "2014-08": {
            "month": "2014-08",
            "price": "38.35",
            "revenue": 530781
        },
        "2014-09": {
            "month": "2014-09",
            "price": "33.63",
            "revenue": 576138
        },
        "2014-10": {
            "month": "2014-10",
            "price": "29.27",
            "revenue": 756517
        },
        "2014-11": {
            "month": "2014-11",
            "price": "29.22",
            "revenue": 673662
        },
        "2014-12": {
            "month": "2014-12",
            "price": "30.45",
            "revenue": 649538
        },
        "2015-01": {
            "month": "2015-01",
            "price": "31.04",
            "revenue": 531527
        },
        "2015-02": {
            "month": "2015-02",
            "price": "30.40",
            "revenue": 489310
        },
        "2015-03": {
            "month": "2015-03",
            "price": "30.07",
            "revenue": 465099
        },
        "2015-04": {
            "month": "2015-04",
            "price": "26.38",
            "revenue": 416665
        },
        "2015-05": {
            "month": "2015-05",
            "price": "23.70",
            "revenue": 417261
        },
        "2015-06": {
            "month": "2015-06",
            "price": "20.16",
            "revenue": 417375
        },
        "2015-07": {
            "month": "2015-07",
            "price": "18.02",
            "revenue": 440768
        },
        "2015-08": {
            "month": "2015-08",
            "price": "14.95",
            "revenue": 408610
        },
        "2015-09": {
            "month": "2015-09",
            "price": "15.74",
            "revenue": 429559
        },
        "2015-10": {
            "month": "2015-10",
            "price": "17.55",
            "revenue": 474781
        },
        "2015-11": {
            "month": "2015-11",
            "price": "16.35",
            "revenue": 518095
        },
        "2015-12": {
            "month": "2015-12",
            "price": "16.68",
            "revenue": 456983
        },
        "2016-01": {
            "month": "2016-01",
            "price": "14.96",
            "revenue": 430139
        },
        "2016-02": {
            "month": "2016-02",
            "price": "14.75",
            "revenue": 330956
        },
        "2016-03": {
            "month": "2016-03",
            "price": "16.20",
            "revenue": 462449
        },
        "2016-04": {
            "month": "2016-04",
            "price": "17.02",
            "revenue": 363050
        },
        "2016-05": {
            "month": "2016-05",
            "price": "18.49",
            "revenue": 370630
        },
        "2016-06": {
            "month": "2016-06",
            "price": "23.65",
            "revenue": 344468
        },
        "2016-07": {
            "month": "2016-07",
            "price": "23.10",
            "revenue": 393296
        },
        "2016-08": {
            "month": "2016-08",
            "price": "25.53",
            "revenue": 346350
        },
        "2016-09": {
            "month": "2016-09",
            "price": "25.08",
            "revenue": 306021
        },
        "2016-10": {
            "month": "2016-10",
            "price": "22.77",
            "revenue": 286048
        },
        "2016-11": {
            "month": "2016-11",
            "price": "20.96",
            "revenue": 309876
        },
        "2016-12": {
            "month": "2016-12",
            "price": "21.04",
            "revenue": 288025
        },
        "2017-01": {
            "month": "2017-01",
            "price": "20.20",
            "revenue": 267170
        },
        "2017-02": {
            "month": "2017-02",
            "price": "20.17",
            "revenue": 272525
        },
        "2017-03": {
            "month": "2017-03",
            "price": "21.72",
            "revenue": 315185
        },
        "2017-04": {
            "month": "2017-04",
            "price": "22.72",
            "revenue": 262163
        },
        "2017-05": {
            "month": "2017-05",
            "price": "22.26",
            "revenue": 256852
        },
        "2017-06": {
            "month": "2017-06",
            "price": "22.09",
            "revenue": 301984
        },
        "2017-07": {
            "month": "2017-07",
            "price": "21.47",
            "revenue": 364700
        },
        "2017-08": {
            "month": "2017-08",
            "price": "20.15",
            "revenue": 425877
        },
        "2017-09": {
            "month": "2017-09",
            "price": "19.65",
            "revenue": 451006
        },
        "2017-10": {
            "month": "2017-10",
            "price": "19.94",
            "revenue": 452790
        },
        "2017-11": {
            "month": "2017-11",
            "price": "20.04",
            "revenue": 504364
        },
        "2017-12": {
            "month": "2017-12",
            "price": "18.95",
            "revenue": 409175
        },
        "2018-01": {
            "month": "2018-01",
            "price": "19.22",
            "revenue": 405383
        },
        "2018-02": {
            "month": "2018-02",
            "price": "18.14",
            "revenue": 415216
        },
        "2018-03": {
            "month": "2018-03",
            "price": "19.82",
            "revenue": 488937
        },
        "2018-04": {
            "month": "2018-04",
            "price": "19.15",
            "revenue": 346030
        },
        "2018-05": {
            "month": "2018-05",
            "price": "17.03",
            "revenue": 372195
        },
        "2018-06": {
            "month": "2018-06",
            "price": "16.60",
            "revenue": 342260
        },
        "2018-07": {
            "month": "2018-07",
            "price": "15.95",
            "revenue": 352599
        },
        "2018-08": {
            "month": "2018-08",
            "price": "15.37",
            "revenue": 341605
        },
        "2018-09": {
            "month": "2018-09",
            "price": "14.35",
            "revenue": 351251
        },
        "2018-10": {
            "month": "2018-10",
            "price": "13.04",
            "revenue": 355411
        },
        "2018-11": {
            "month": "2018-11",
            "price": "13.85",
            "revenue": 402916
        },
        "2018-12": {
            "month": "2018-12",
            "price": "15.02",
            "revenue": 317717
        },
        "2019-01": {
            "month": "2019-01",
            "price": "14.58",
            "revenue": 313302
        },
        "2019-02": {
            "month": "2019-02",
            "price": "14.41",
            "revenue": 248521
        },
        "2019-03": {
            "month": "2019-03",
            "price": "15.64",
            "revenue": 332492
        },
        "2019-04": {
            "month": "2019-04",
            "price": "17.73",
            "revenue": 329319
        },
        "2019-05": {
            "month": "2019-05",
            "price": "17.31",
            "revenue": 325148
        },
        "2019-06": {
            "month": "2019-06",
            "price": "17.23",
            "revenue": 253281
        },
        "2019-07": {
            "month": "2019-07",
            "price": "17.35",
            "revenue": 358554
        },
        "2019-08": {
            "month": "2019-08",
            "price": "17.27",
            "revenue": 304203
        },
        "2019-09": {
            "month": "2019-09",
            "price": "17.40",
            "revenue": 307768
        },
        "2019-10": {
            "month": "2019-10",
            "price": "17.52",
            "revenue": 349642
        },
        "2019-11": {
            "month": "2019-11",
            "price": "20.98",
            "revenue": 345853
        },
        "2019-12": {
            "month": "2019-12",
            "price": "24.74",
            "revenue": 375969
        },
        "2020-01": {
            "month": "2020-01",
            "price": "27.90",
            "revenue": 399855
        },
        "2020-02": {
            "month": "2020-02",
            "price": "32.44",
            "revenue": 313608
        },
        "2020-03": {
            "month": "2020-03",
            "price": "25.54",
            "revenue": 337461
        },
        "2020-04": {
            "month": "2020-04",
            "price": "25.28",
            "revenue": 232122
        },
        "2020-05": {
            "month": "2020-05",
            "price": "24.76",
            "revenue": 302572
        },
        "2020-06": {
            "month": "2020-06",
            "price": "26.62",
            "revenue": 385334
        },
        "2020-07": {
            "month": "2020-07",
            "price": "28.70",
            "revenue": 363994
        },
        "2020-08": {
            "month": "2020-08",
            "price": "24.26",
            "revenue": 384470
        },
        "2020-09": {
            "month": "2020-09",
            "price": "22.54",
            "revenue": 418231
        },
        "2020-10": {
            "month": "2020-10",
            "price": "22.46",
            "revenue": 410875
        },
        "2020-11": {
            "month": "2020-11",
            "price": "22.88",
            "revenue": 381928
        },
        "2020-12": {
            "month": "2020-12",
            "price": "25.81",
            "revenue": 439645
        },
        "2021-01": {
            "month": "2021-01",
            "price": "24.87",
            "revenue": 348108
        },
        "2021-02": {
            "month": "2021-02",
            "price": "24.41",
            "revenue": 301016
        },
        "2021-03": {
            "month": "2021-03",
            "price": "24.96",
            "revenue": 350575
        },
        "2021-04": {
            "month": "2021-04",
            "price": "28.48",
            "revenue": 285674
        },
        "2021-05": {
            "month": "2021-05",
            "price": "25.19",
            "revenue": 409943
        },
        "2021-06": {
            "month": "2021-06",
            "price": "26.34",
            "revenue": 359161
        },
        "2021-07": {
            "month": "2021-07",
            "price": "28.98",
            "revenue": 323113
        },
        "2021-08": {
            "month": "2021-08",
            "price": "25.86",
            "revenue": 298479
        },
        "2021-09": {
            "month": "2021-09",
            "price": "23.74",
            "revenue": 339839
        },
        "2021-10": {
            "month": "2021-10",
            "price": "22.71",
            "revenue": 352161
        },
        "2021-11": {
            "month": "2021-11",
            "price": "24.19",
            "revenue": 407141
        },
        "2021-12": {
            "month": "2021-12",
            "price": "24.96",
            "revenue": 413840
        },
        "2022-01": {
            "month": "2022-01",
            "price": "24.04",
            "revenue": 390667
        },
        "2022-02": {
            "month": "2022-02",
            "price": "24.01",
            "revenue": 326376
        },
        "2022-03": {
            "month": "2022-03",
            "price": "23.63",
            "revenue": 368018
        },
        "2022-04": {
            "month": "2022-04",
            "price": "23.19",
            "revenue": 299797
        },
        "2022-05": {
            "month": "2022-05",
            "price": "21.37",
            "revenue": 304443
        },
        "2022-06": {
            "month": "2022-06",
            "price": "20.92",
            "revenue": 311420
        },
        "2022-07": {
            "month": "2022-07",
            "price": "19.22",
            "revenue": 332379
        },
        "2022-08": {
            "month": "2022-08",
            "price": "19.78",
            "revenue": 346881
        },
        "2022-09": {
            "month": "2022-09",
            "price": "20.00",
            "revenue": 432562
        },
        "2022-10": {
            "month": "2022-10",
            "price": "19.17",
            "revenue": 381394
        },
        "2022-11": {
            "month": "2022-11",
            "price": "21.25",
            "revenue": 451868
        },
        "2022-12": {
            "month": "2022-12",
            "price": "22.24",
            "revenue": 398733
        },
        "2023-01": {
            "month": "2023-01",
            "price": "22.18",
            "revenue": 379404
        },
        "2023-02": {
            "month": "2023-02",
            "price": "23.00",
            "revenue": 350815
        },
        "2023-03": {
            "month": "2023-03",
            "price": "25.55",
            "revenue": 382846
        },
        "2023-04": {
            "month": "2023-04",
            "price": "26.84",
            "revenue": 345487
        },
        "2023-05": {
            "month": "2023-05",
            "price": "26.22",
            "revenue": 387927
        },
        "2023-06": {
            "month": "2023-06",
            "price": "29.70",
            "revenue": 343865
        },
        "2023-07": {
            "month": "2023-07",
            "price": "31.19",
            "revenue": 364384
        },
        "2023-08": {
            "month": "2023-08",
            "price": "28.94",
            "revenue": 385388
        }
    }
}
