{
    "summary": {
        "stock_name": "亞泰",
        "stock_id": "4974",
        "category": "電子零組件",
        "main_business": "影像感測器之買賣",
        "website_url": "http://www.atii.com.tw",
        "ceo": "賴以仁/吳淑品",
        "pe_ratio": 11,
        "report_year_from": 2009,
        "report_year_to": 2023,
        "age": 15,
        "eps_negative_percentage": 0,
        "eps_growth_avg": {
            "last_all": 4.08,
            "last_2y": 3.4,
            "last_4y": 4.13,
            "last_8y": 3.92,
            "last_12y": null,
            "last_16y": null,
            "last_20y": null,
            "at_2006_last_3y": null,
            "at_2007_last_3y": null,
            "at_2008_last_3y": null,
            "at_2009_last_3y": null,
            "at_2010_last_3y": null,
            "at_2011_last_3y": null,
            "at_2012_last_3y": null,
            "at_2013_last_3y": null,
            "at_2014_last_3y": null,
            "at_2015_last_3y": 3.13,
            "at_2016_last_3y": 4.99,
            "at_2017_last_3y": 2.54,
            "at_2018_last_3y": 3.65,
            "at_2019_last_3y": 5.46,
            "at_2020_last_3y": 4.15,
            "at_2021_last_3y": 8.66,
            "at_2022_last_3y": 15.08,
            "at_2023_last_3y": 3.66,
            "at_2024_last_3y": 3.66,
            "at_2006_last_all": null,
            "at_2007_last_all": null,
            "at_2008_last_all": null,
            "at_2009_last_all": null,
            "at_2010_last_all": null,
            "at_2011_last_all": null,
            "at_2012_last_all": null,
            "at_2013_last_all": 3.87,
            "at_2014_last_all": 4.58,
            "at_2015_last_all": 3.13,
            "at_2016_last_all": 4.44,
            "at_2017_last_all": 2.98,
            "at_2018_last_all": 4.05,
            "at_2019_last_all": 4.29,
            "at_2020_last_all": 4.31,
            "at_2021_last_all": 5.25,
            "at_2022_last_all": 8.06,
            "at_2023_last_all": 4.08,
            "at_2024_last_all": 4.08
        },
        "latest_eps": 6.4,
        "latest_price": 67.5,
        "latest_roe": 15.31,
        "latest_gross_margin": 17.45,
        "latest_equity": 3065866,
        "latest_revenue": 841446,
        "latest_gross_profit": 146808,
        "latest_net_income": 109721,
        "latest_debt_ratio": 24.71,
        "latest_current_ratio": 418.16,
        "latest_account_receivable_turnover_ratio": 1.48,
        "latest_inventory_turnover_ratio": 1.13,
        "latest_reinvestment_rate": 1.76,
        "latest_research_to_sale_ratio": 1.94
    },
    "eps_dividends": {
        "2001": {
            "cash": 0,
            "stock": 0,
            "eps": 0
        },
        "2002": {
            "cash": 0,
            "stock": 0,
            "eps": 0
        },
        "2003": {
            "cash": 0,
            "stock": 0,
            "eps": 0
        },
        "2004": {
            "cash": 0,
            "stock": 0,
            "eps": 0
        },
        "2005": {
            "cash": 0,
            "stock": 0,
            "eps": 0
        },
        "2006": {
            "cash": 0,
            "stock": 0,
            "eps": 0
        },
        "2007": {
            "cash": 0,
            "stock": 0,
            "eps": 0
        },
        "2008": {
            "cash": 0,
            "stock": 0,
            "eps": 0
        },
        "2009": {
            "cash": 0,
            "stock": 0,
            "eps": 0
        },
        "2010": {
            "cash": 0,
            "stock": 0,
            "eps": 0
        },
        "2011": {
            "cash": 2.6,
            "stock": 0,
            "eps": 3.56
        },
        "2012": {
            "cash": 2.6,
            "stock": 0,
            "eps": 3.64
        },
        "2013": {
            "cash": 2.62,
            "stock": 0,
            "eps": 3.84
        },
        "2014": {
            "cash": 2.5,
            "stock": 0,
            "eps": 4.07
        },
        "2015": {
            "cash": 2.7,
            "stock": 0,
            "eps": 4.02
        },
        "2016": {
            "cash": 2.65,
            "stock": 0,
            "eps": 4.41
        },
        "2017": {
            "cash": 2.91,
            "stock": 0,
            "eps": 4.22
        },
        "2018": {
            "cash": 2.75,
            "stock": 0,
            "eps": 4.66
        },
        "2019": {
            "cash": 3.1,
            "stock": 0,
            "eps": 4.94
        },
        "2020": {
            "cash": 3.3,
            "stock": 0,
            "eps": 5.16
        },
        "2021": {
            "cash": 3.5,
            "stock": 0,
            "eps": 5.87
        },
        "2022": {
            "cash": 4.3,
            "stock": 0,
            "eps": 7.99
        },
        "2023": {
            "cash": 5.8,
            "stock": 0,
            "eps": 4.82
        }
    },
    "dividends": {
        "2011-02-01": {
            "cash": 2.6,
            "stock": 0
        },
        "2012-05-30": {
            "cash": 2.6,
            "stock": 0
        },
        "2013-06-13": {
            "cash": 2.62,
            "stock": 0
        },
        "2014-08-12": {
            "cash": 2.5,
            "stock": 0
        },
        "2015-08-12": {
            "cash": 2.7,
            "stock": 0
        },
        "2016-08-12": {
            "cash": 2.65,
            "stock": 0
        },
        "2017-07-20": {
            "cash": 2.91,
            "stock": 0
        },
        "2018-07-26": {
            "cash": 2.75,
            "stock": 0
        },
        "2019-07-25": {
            "cash": 3.1,
            "stock": 0
        },
        "2020-07-24": {
            "cash": 3.3,
            "stock": 0
        },
        "2021-08-24": {
            "cash": 3.5,
            "stock": 0
        },
        "2022-07-14": {
            "cash": 4.3,
            "stock": 0
        },
        "2023-07-13": {
            "cash": 5.8,
            "stock": 0
        }
    },
    "prices": {
        "200101": "無",
        "200102": "無",
        "200103": "無",
        "200104": "無",
        "200105": "無",
        "200106": "無",
        "200107": "無",
        "200108": "無",
        "200109": "無",
        "200110": "無",
        "200111": "無",
        "200112": "無",
        "200201": "無",
        "200202": "無",
        "200203": "無",
        "200204": "無",
        "200205": "無",
        "200206": "無",
        "200207": "無",
        "200208": "無",
        "200209": "無",
        "200210": "無",
        "200211": "無",
        "200212": "無",
        "200301": "無",
        "200302": "無",
        "200303": "無",
        "200304": "無",
        "200305": "無",
        "200306": "無",
        "200307": "無",
        "200308": "無",
        "200309": "無",
        "200310": "無",
        "200311": "無",
        "200312": "無",
        "200401": "無",
        "200402": "無",
        "200403": "無",
        "200404": "無",
        "200405": "無",
        "200406": "無",
        "200407": "無",
        "200408": "無",
        "200409": "無",
        "200410": "無",
        "200411": "無",
        "200412": "無",
        "200501": "無",
        "200502": "無",
        "200503": "無",
        "200504": "無",
        "200505": "無",
        "200506": "無",
        "200507": "無",
        "200508": "無",
        "200509": "無",
        "200510": "無",
        "200511": "無",
        "200512": "無",
        "200601": "無",
        "200602": "無",
        "200603": "無",
        "200604": "無",
        "200605": "無",
        "200606": "無",
        "200607": "無",
        "200608": "無",
        "200609": "無",
        "200610": "無",
        "200611": "無",
        "200612": "無",
        "200701": "無",
        "200702": "無",
        "200703": "無",
        "200704": "無",
        "200705": "無",
        "200706": "無",
        "200707": "無",
        "200708": "無",
        "200709": "無",
        "200710": "無",
        "200711": "無",
        "200712": "無",
        "200801": "無",
        "200802": "無",
        "200803": "無",
        "200804": "無",
        "200805": "無",
        "200806": "無",
        "200807": "無",
        "200808": "無",
        "200809": "無",
        "200810": "無",
        "200811": "無",
        "200812": "無",
        "200901": "無",
        "200902": "無",
        "200903": "無",
        "200904": "無",
        "200905": "無",
        "200906": "無",
        "200907": "無",
        "200908": "無",
        "200909": "無",
        "200910": "無",
        "200911": "無",
        "200912": "無",
        "201001": "無",
        "201002": "無",
        "201003": "無",
        "201004": "無",
        "201005": "無",
        "201006": "無",
        "201007": "無",
        "201008": "無",
        "201009": "無",
        "201010": "無",
        "201011": "35.29",
        "201012": "35.70",
        "201101": "35.23",
        "201102": "35.40",
        "201103": "31.83",
        "201104": "32.07",
        "201105": "34.22",
        "201106": "32.85",
        "201107": "29.78",
        "201108": "29.00",
        "201109": "26.04",
        "201110": "24.92",
        "201111": "25.08",
        "201112": "22.61",
        "201201": "23.63",
        "201202": "30.68",
        "201203": "35.00",
        "201204": "32.18",
        "201205": "32.71",
        "201206": "33.29",
        "201207": "34.65",
        "201208": "35.54",
        "201209": "37.02",
        "201210": "32.37",
        "201211": "30.11",
        "201212": "29.98",
        "201301": "31.70",
        "201302": "33.02",
        "201303": "32.77",
        "201304": "32.13",
        "201305": "31.28",
        "201306": "34.25",
        "201307": "47.38",
        "201308": "42.43",
        "201309": "39.96",
        "201310": "40.48",
        "201311": "40.95",
        "201312": "41.80",
        "201401": "45.31",
        "201402": "44.34",
        "201403": "45.25",
        "201404": "47.91",
        "201405": "46.99",
        "201406": "46.93",
        "201407": "45.70",
        "201408": "42.53",
        "201409": "42.02",
        "201410": "37.72",
        "201411": "39.42",
        "201412": "39.90",
        "201501": "40.26",
        "201502": "46.43",
        "201503": "46.13",
        "201504": "45.84",
        "201505": "45.37",
        "201506": "47.60",
        "201507": "40.58",
        "201508": "37.02",
        "201509": "37.56",
        "201510": "39.35",
        "201511": "40.78",
        "201512": "37.74",
        "201601": "36.23",
        "201602": "36.14",
        "201603": "35.92",
        "201604": "33.53",
        "201605": "28.53",
        "201606": "29.88",
        "201607": "31.56",
        "201608": "33.55",
        "201609": "33.39",
        "201610": "32.94",
        "201611": "33.70",
        "201612": "34.02",
        "201701": "36.95",
        "201702": "42.33",
        "201703": "44.80",
        "201704": "45.08",
        "201705": "47.20",
        "201706": "50.76",
        "201707": "47.73",
        "201708": "53.26",
        "201709": "56.78",
        "201710": "49.96",
        "201711": "50.54",
        "201712": "48.24",
        "201801": "48.47",
        "201802": "49.75",
        "201803": "49.25",
        "201804": "48.74",
        "201805": "44.52",
        "201806": "44.68",
        "201807": "44.27",
        "201808": "43.99",
        "201809": "42.10",
        "201810": "36.63",
        "201811": "36.74",
        "201812": "38.00",
        "201901": "39.78",
        "201902": "41.04",
        "201903": "45.38",
        "201904": "46.11",
        "201905": "44.25",
        "201906": "44.67",
        "201907": "43.38",
        "201908": "45.35",
        "201909": "46.77",
        "201910": "47.51",
        "201911": "54.60",
        "201912": "55.63",
        "202001": "58.99",
        "202002": "55.76",
        "202003": "47.73",
        "202004": "49.36",
        "202005": "53.52",
        "202006": "55.17",
        "202007": "53.91",
        "202008": "53.66",
        "202009": "52.07",
        "202010": "51.41",
        "202011": "52.72",
        "202012": "53.32",
        "202101": "54.44",
        "202102": "57.58",
        "202103": "57.26",
        "202104": "58.41",
        "202105": "53.21",
        "202106": "55.76",
        "202107": "59.24",
        "202108": "59.01",
        "202109": "57.26",
        "202110": "54.00",
        "202111": "53.80",
        "202112": "53.99",
        "202201": "55.50",
        "202202": "55.17",
        "202203": "56.18",
        "202204": "57.06",
        "202205": "56.02",
        "202206": "55.51",
        "202207": "50.72",
        "202208": "55.67",
        "202209": "55.05",
        "202210": "53.28",
        "202211": "56.17",
        "202212": "57.26",
        "202301": "63.38",
        "202302": "65.27",
        "202303": "70.68",
        "202304": "69.58",
        "202305": "68.35",
        "202306": "67.95",
        "202307": "65.09",
        "202308": "67.93",
        "202309": "67.93",
        "202310": "65.17",
        "202311": "65.98",
        "202312": "66.55"
    },
    "quarters": {
        "20011": {
            "year_quarter": 20011,
            "year": 2001,
            "quarter": 1,
            "eps": null,
            "eps_growth_year": null,
            "eps_4q": null,
            "eps_4q_growth_year": null,
            "roe": null,
            "roe_4q": 0,
            "gross_profit": null,
            "gross_margin": null,
            "gross_margin_4q_avg": 0,
            "net_income": null,
            "net_income_4q": null,
            "revenue": null,
            "revenue_4q": null,
            "common_shares": null,
            "book_valuer_per_share": null,
            "book_valuer_per_share_4q_avg": 0,
            "equity": null,
            "current_ratio": null,
            "debt_ratio": null,
            "inventory_turnover_ratio": null,
            "account_receivable_turnover_ratio": null,
            "reinvestment_rate": null,
            "research_to_sale_ratio": null,
            "price_fair": 0,
            "eps_avg_yearly": 0,
            "eps_latest_yearly": 0,
            "eps_growth_yearly": 0
        },
        "20012": {
            "year_quarter": 20012,
            "year": 2001,
            "quarter": 2,
            "eps": null,
            "eps_growth_year": null,
            "eps_4q": null,
            "eps_4q_growth_year": null,
            "roe": null,
            "roe_4q": 0,
            "gross_profit": null,
            "gross_margin": null,
            "gross_margin_4q_avg": 0,
            "net_income": null,
            "net_income_4q": null,
            "revenue": null,
            "revenue_4q": null,
            "common_shares": null,
            "book_valuer_per_share": null,
            "book_valuer_per_share_4q_avg": 0,
            "equity": null,
            "current_ratio": null,
            "debt_ratio": null,
            "inventory_turnover_ratio": null,
            "account_receivable_turnover_ratio": null,
            "reinvestment_rate": null,
            "research_to_sale_ratio": null,
            "price_fair": 0,
            "eps_avg_yearly": 0,
            "eps_latest_yearly": 0,
            "eps_growth_yearly": 0
        },
        "20013": {
            "year_quarter": 20013,
            "year": 2001,
            "quarter": 3,
            "eps": null,
            "eps_growth_year": null,
            "eps_4q": null,
            "eps_4q_growth_year": null,
            "roe": null,
            "roe_4q": 0,
            "gross_profit": null,
            "gross_margin": null,
            "gross_margin_4q_avg": 0,
            "net_income": null,
            "net_income_4q": null,
            "revenue": null,
            "revenue_4q": null,
            "common_shares": null,
            "book_valuer_per_share": null,
            "book_valuer_per_share_4q_avg": 0,
            "equity": null,
            "current_ratio": null,
            "debt_ratio": null,
            "inventory_turnover_ratio": null,
            "account_receivable_turnover_ratio": null,
            "reinvestment_rate": null,
            "research_to_sale_ratio": null,
            "price_fair": 0,
            "eps_avg_yearly": 0,
            "eps_latest_yearly": 0,
            "eps_growth_yearly": 0
        },
        "20014": {
            "year_quarter": 20014,
            "year": 2001,
            "quarter": 4,
            "eps": null,
            "eps_growth_year": null,
            "eps_4q": null,
            "eps_4q_growth_year": null,
            "roe": null,
            "roe_4q": 0,
            "gross_profit": null,
            "gross_margin": null,
            "gross_margin_4q_avg": 0,
            "net_income": null,
            "net_income_4q": null,
            "revenue": null,
            "revenue_4q": null,
            "common_shares": null,
            "book_valuer_per_share": null,
            "book_valuer_per_share_4q_avg": 0,
            "equity": null,
            "current_ratio": null,
            "debt_ratio": null,
            "inventory_turnover_ratio": null,
            "account_receivable_turnover_ratio": null,
            "reinvestment_rate": null,
            "research_to_sale_ratio": null,
            "price_fair": 0,
            "eps_avg_yearly": 0,
            "eps_latest_yearly": 0,
            "eps_growth_yearly": 0
        },
        "20021": {
            "year_quarter": 20021,
            "year": 2002,
            "quarter": 1,
            "eps": null,
            "eps_growth_year": null,
            "eps_4q": null,
            "eps_4q_growth_year": null,
            "roe": null,
            "roe_4q": 0,
            "gross_profit": null,
            "gross_margin": null,
            "gross_margin_4q_avg": 0,
            "net_income": null,
            "net_income_4q": null,
            "revenue": null,
            "revenue_4q": null,
            "common_shares": null,
            "book_valuer_per_share": null,
            "book_valuer_per_share_4q_avg": 0,
            "equity": null,
            "current_ratio": null,
            "debt_ratio": null,
            "inventory_turnover_ratio": null,
            "account_receivable_turnover_ratio": null,
            "reinvestment_rate": null,
            "research_to_sale_ratio": null,
            "price_fair": 0,
            "eps_avg_yearly": 0,
            "eps_latest_yearly": 0,
            "eps_growth_yearly": 0
        },
        "20022": {
            "year_quarter": 20022,
            "year": 2002,
            "quarter": 2,
            "eps": null,
            "eps_growth_year": null,
            "eps_4q": null,
            "eps_4q_growth_year": null,
            "roe": null,
            "roe_4q": 0,
            "gross_profit": null,
            "gross_margin": null,
            "gross_margin_4q_avg": 0,
            "net_income": null,
            "net_income_4q": null,
            "revenue": null,
            "revenue_4q": null,
            "common_shares": null,
            "book_valuer_per_share": null,
            "book_valuer_per_share_4q_avg": 0,
            "equity": null,
            "current_ratio": null,
            "debt_ratio": null,
            "inventory_turnover_ratio": null,
            "account_receivable_turnover_ratio": null,
            "reinvestment_rate": null,
            "research_to_sale_ratio": null,
            "price_fair": 0,
            "eps_avg_yearly": 0,
            "eps_latest_yearly": 0,
            "eps_growth_yearly": 0
        },
        "20023": {
            "year_quarter": 20023,
            "year": 2002,
            "quarter": 3,
            "eps": null,
            "eps_growth_year": null,
            "eps_4q": null,
            "eps_4q_growth_year": null,
            "roe": null,
            "roe_4q": 0,
            "gross_profit": null,
            "gross_margin": null,
            "gross_margin_4q_avg": 0,
            "net_income": null,
            "net_income_4q": null,
            "revenue": null,
            "revenue_4q": null,
            "common_shares": null,
            "book_valuer_per_share": null,
            "book_valuer_per_share_4q_avg": 0,
            "equity": null,
            "current_ratio": null,
            "debt_ratio": null,
            "inventory_turnover_ratio": null,
            "account_receivable_turnover_ratio": null,
            "reinvestment_rate": null,
            "research_to_sale_ratio": null,
            "price_fair": 0,
            "eps_avg_yearly": 0,
            "eps_latest_yearly": 0,
            "eps_growth_yearly": 0
        },
        "20024": {
            "year_quarter": 20024,
            "year": 2002,
            "quarter": 4,
            "eps": null,
            "eps_growth_year": null,
            "eps_4q": null,
            "eps_4q_growth_year": null,
            "roe": null,
            "roe_4q": 0,
            "gross_profit": null,
            "gross_margin": null,
            "gross_margin_4q_avg": 0,
            "net_income": null,
            "net_income_4q": null,
            "revenue": null,
            "revenue_4q": null,
            "common_shares": null,
            "book_valuer_per_share": null,
            "book_valuer_per_share_4q_avg": 0,
            "equity": null,
            "current_ratio": null,
            "debt_ratio": null,
            "inventory_turnover_ratio": null,
            "account_receivable_turnover_ratio": null,
            "reinvestment_rate": null,
            "research_to_sale_ratio": null,
            "price_fair": 0,
            "eps_avg_yearly": 0,
            "eps_latest_yearly": 0,
            "eps_growth_yearly": 0
        },
        "20031": {
            "year_quarter": 20031,
            "year": 2003,
            "quarter": 1,
            "eps": null,
            "eps_growth_year": null,
            "eps_4q": null,
            "eps_4q_growth_year": null,
            "roe": null,
            "roe_4q": 0,
            "gross_profit": null,
            "gross_margin": null,
            "gross_margin_4q_avg": 0,
            "net_income": null,
            "net_income_4q": null,
            "revenue": null,
            "revenue_4q": null,
            "common_shares": null,
            "book_valuer_per_share": null,
            "book_valuer_per_share_4q_avg": 0,
            "equity": null,
            "current_ratio": null,
            "debt_ratio": null,
            "inventory_turnover_ratio": null,
            "account_receivable_turnover_ratio": null,
            "reinvestment_rate": null,
            "research_to_sale_ratio": null,
            "price_fair": 0,
            "eps_avg_yearly": 0,
            "eps_latest_yearly": 0,
            "eps_growth_yearly": 0
        },
        "20032": {
            "year_quarter": 20032,
            "year": 2003,
            "quarter": 2,
            "eps": null,
            "eps_growth_year": null,
            "eps_4q": null,
            "eps_4q_growth_year": null,
            "roe": null,
            "roe_4q": 0,
            "gross_profit": null,
            "gross_margin": null,
            "gross_margin_4q_avg": 0,
            "net_income": null,
            "net_income_4q": null,
            "revenue": null,
            "revenue_4q": null,
            "common_shares": null,
            "book_valuer_per_share": null,
            "book_valuer_per_share_4q_avg": 0,
            "equity": null,
            "current_ratio": null,
            "debt_ratio": null,
            "inventory_turnover_ratio": null,
            "account_receivable_turnover_ratio": null,
            "reinvestment_rate": null,
            "research_to_sale_ratio": null,
            "price_fair": 0,
            "eps_avg_yearly": 0,
            "eps_latest_yearly": 0,
            "eps_growth_yearly": 0
        },
        "20033": {
            "year_quarter": 20033,
            "year": 2003,
            "quarter": 3,
            "eps": null,
            "eps_growth_year": null,
            "eps_4q": null,
            "eps_4q_growth_year": null,
            "roe": null,
            "roe_4q": 0,
            "gross_profit": null,
            "gross_margin": null,
            "gross_margin_4q_avg": 0,
            "net_income": null,
            "net_income_4q": null,
            "revenue": null,
            "revenue_4q": null,
            "common_shares": null,
            "book_valuer_per_share": null,
            "book_valuer_per_share_4q_avg": 0,
            "equity": null,
            "current_ratio": null,
            "debt_ratio": null,
            "inventory_turnover_ratio": null,
            "account_receivable_turnover_ratio": null,
            "reinvestment_rate": null,
            "research_to_sale_ratio": null,
            "price_fair": 0,
            "eps_avg_yearly": 0,
            "eps_latest_yearly": 0,
            "eps_growth_yearly": 0
        },
        "20034": {
            "year_quarter": 20034,
            "year": 2003,
            "quarter": 4,
            "eps": null,
            "eps_growth_year": null,
            "eps_4q": null,
            "eps_4q_growth_year": null,
            "roe": null,
            "roe_4q": 0,
            "gross_profit": null,
            "gross_margin": null,
            "gross_margin_4q_avg": 0,
            "net_income": null,
            "net_income_4q": null,
            "revenue": null,
            "revenue_4q": null,
            "common_shares": null,
            "book_valuer_per_share": null,
            "book_valuer_per_share_4q_avg": 0,
            "equity": null,
            "current_ratio": null,
            "debt_ratio": null,
            "inventory_turnover_ratio": null,
            "account_receivable_turnover_ratio": null,
            "reinvestment_rate": null,
            "research_to_sale_ratio": null,
            "price_fair": 0,
            "eps_avg_yearly": 0,
            "eps_latest_yearly": 0,
            "eps_growth_yearly": 0
        },
        "20041": {
            "year_quarter": 20041,
            "year": 2004,
            "quarter": 1,
            "eps": null,
            "eps_growth_year": null,
            "eps_4q": null,
            "eps_4q_growth_year": null,
            "roe": null,
            "roe_4q": 0,
            "gross_profit": null,
            "gross_margin": null,
            "gross_margin_4q_avg": 0,
            "net_income": null,
            "net_income_4q": null,
            "revenue": null,
            "revenue_4q": null,
            "common_shares": null,
            "book_valuer_per_share": null,
            "book_valuer_per_share_4q_avg": 0,
            "equity": null,
            "current_ratio": null,
            "debt_ratio": null,
            "inventory_turnover_ratio": null,
            "account_receivable_turnover_ratio": null,
            "reinvestment_rate": null,
            "research_to_sale_ratio": null,
            "price_fair": 0,
            "eps_avg_yearly": 0,
            "eps_latest_yearly": 0,
            "eps_growth_yearly": 0
        },
        "20042": {
            "year_quarter": 20042,
            "year": 2004,
            "quarter": 2,
            "eps": null,
            "eps_growth_year": null,
            "eps_4q": null,
            "eps_4q_growth_year": null,
            "roe": null,
            "roe_4q": 0,
            "gross_profit": null,
            "gross_margin": null,
            "gross_margin_4q_avg": 0,
            "net_income": null,
            "net_income_4q": null,
            "revenue": null,
            "revenue_4q": null,
            "common_shares": null,
            "book_valuer_per_share": null,
            "book_valuer_per_share_4q_avg": 0,
            "equity": null,
            "current_ratio": null,
            "debt_ratio": null,
            "inventory_turnover_ratio": null,
            "account_receivable_turnover_ratio": null,
            "reinvestment_rate": null,
            "research_to_sale_ratio": null,
            "price_fair": 0,
            "eps_avg_yearly": 0,
            "eps_latest_yearly": 0,
            "eps_growth_yearly": 0
        },
        "20043": {
            "year_quarter": 20043,
            "year": 2004,
            "quarter": 3,
            "eps": null,
            "eps_growth_year": null,
            "eps_4q": null,
            "eps_4q_growth_year": null,
            "roe": null,
            "roe_4q": 0,
            "gross_profit": null,
            "gross_margin": null,
            "gross_margin_4q_avg": 0,
            "net_income": null,
            "net_income_4q": null,
            "revenue": null,
            "revenue_4q": null,
            "common_shares": null,
            "book_valuer_per_share": null,
            "book_valuer_per_share_4q_avg": 0,
            "equity": null,
            "current_ratio": null,
            "debt_ratio": null,
            "inventory_turnover_ratio": null,
            "account_receivable_turnover_ratio": null,
            "reinvestment_rate": null,
            "research_to_sale_ratio": null,
            "price_fair": 0,
            "eps_avg_yearly": 0,
            "eps_latest_yearly": 0,
            "eps_growth_yearly": 0
        },
        "20044": {
            "year_quarter": 20044,
            "year": 2004,
            "quarter": 4,
            "eps": null,
            "eps_growth_year": null,
            "eps_4q": null,
            "eps_4q_growth_year": null,
            "roe": null,
            "roe_4q": 0,
            "gross_profit": null,
            "gross_margin": null,
            "gross_margin_4q_avg": 0,
            "net_income": null,
            "net_income_4q": null,
            "revenue": null,
            "revenue_4q": null,
            "common_shares": null,
            "book_valuer_per_share": null,
            "book_valuer_per_share_4q_avg": 0,
            "equity": null,
            "current_ratio": null,
            "debt_ratio": null,
            "inventory_turnover_ratio": null,
            "account_receivable_turnover_ratio": null,
            "reinvestment_rate": null,
            "research_to_sale_ratio": null,
            "price_fair": 0,
            "eps_avg_yearly": 0,
            "eps_latest_yearly": 0,
            "eps_growth_yearly": 0
        },
        "20051": {
            "year_quarter": 20051,
            "year": 2005,
            "quarter": 1,
            "eps": null,
            "eps_growth_year": null,
            "eps_4q": null,
            "eps_4q_growth_year": null,
            "roe": null,
            "roe_4q": 0,
            "gross_profit": null,
            "gross_margin": null,
            "gross_margin_4q_avg": 0,
            "net_income": null,
            "net_income_4q": null,
            "revenue": null,
            "revenue_4q": null,
            "common_shares": null,
            "book_valuer_per_share": null,
            "book_valuer_per_share_4q_avg": 0,
            "equity": null,
            "current_ratio": null,
            "debt_ratio": null,
            "inventory_turnover_ratio": null,
            "account_receivable_turnover_ratio": null,
            "reinvestment_rate": null,
            "research_to_sale_ratio": null,
            "price_fair": 0,
            "eps_avg_yearly": 0,
            "eps_latest_yearly": 0,
            "eps_growth_yearly": 0
        },
        "20052": {
            "year_quarter": 20052,
            "year": 2005,
            "quarter": 2,
            "eps": null,
            "eps_growth_year": null,
            "eps_4q": null,
            "eps_4q_growth_year": null,
            "roe": null,
            "roe_4q": 0,
            "gross_profit": null,
            "gross_margin": null,
            "gross_margin_4q_avg": 0,
            "net_income": null,
            "net_income_4q": null,
            "revenue": null,
            "revenue_4q": null,
            "common_shares": null,
            "book_valuer_per_share": null,
            "book_valuer_per_share_4q_avg": 0,
            "equity": null,
            "current_ratio": null,
            "debt_ratio": null,
            "inventory_turnover_ratio": null,
            "account_receivable_turnover_ratio": null,
            "reinvestment_rate": null,
            "research_to_sale_ratio": null,
            "price_fair": 0,
            "eps_avg_yearly": 0,
            "eps_latest_yearly": 0,
            "eps_growth_yearly": 0
        },
        "20053": {
            "year_quarter": 20053,
            "year": 2005,
            "quarter": 3,
            "eps": null,
            "eps_growth_year": null,
            "eps_4q": null,
            "eps_4q_growth_year": null,
            "roe": null,
            "roe_4q": 0,
            "gross_profit": null,
            "gross_margin": null,
            "gross_margin_4q_avg": 0,
            "net_income": null,
            "net_income_4q": null,
            "revenue": null,
            "revenue_4q": null,
            "common_shares": null,
            "book_valuer_per_share": null,
            "book_valuer_per_share_4q_avg": 0,
            "equity": null,
            "current_ratio": null,
            "debt_ratio": null,
            "inventory_turnover_ratio": null,
            "account_receivable_turnover_ratio": null,
            "reinvestment_rate": null,
            "research_to_sale_ratio": null,
            "price_fair": 0,
            "eps_avg_yearly": 0,
            "eps_latest_yearly": 0,
            "eps_growth_yearly": 0
        },
        "20054": {
            "year_quarter": 20054,
            "year": 2005,
            "quarter": 4,
            "eps": null,
            "eps_growth_year": null,
            "eps_4q": null,
            "eps_4q_growth_year": null,
            "roe": null,
            "roe_4q": 0,
            "gross_profit": null,
            "gross_margin": null,
            "gross_margin_4q_avg": 0,
            "net_income": null,
            "net_income_4q": null,
            "revenue": null,
            "revenue_4q": null,
            "common_shares": null,
            "book_valuer_per_share": null,
            "book_valuer_per_share_4q_avg": 0,
            "equity": null,
            "current_ratio": null,
            "debt_ratio": null,
            "inventory_turnover_ratio": null,
            "account_receivable_turnover_ratio": null,
            "reinvestment_rate": null,
            "research_to_sale_ratio": null,
            "price_fair": 0,
            "eps_avg_yearly": 0,
            "eps_latest_yearly": 0,
            "eps_growth_yearly": 0
        },
        "20061": {
            "year_quarter": 20061,
            "year": 2006,
            "quarter": 1,
            "eps": null,
            "eps_growth_year": null,
            "eps_4q": null,
            "eps_4q_growth_year": null,
            "roe": null,
            "roe_4q": 0,
            "gross_profit": null,
            "gross_margin": null,
            "gross_margin_4q_avg": 0,
            "net_income": null,
            "net_income_4q": null,
            "revenue": null,
            "revenue_4q": null,
            "common_shares": null,
            "book_valuer_per_share": null,
            "book_valuer_per_share_4q_avg": 0,
            "equity": null,
            "current_ratio": null,
            "debt_ratio": null,
            "inventory_turnover_ratio": null,
            "account_receivable_turnover_ratio": null,
            "reinvestment_rate": null,
            "research_to_sale_ratio": null,
            "price_fair": 0,
            "eps_avg_yearly": 0,
            "eps_latest_yearly": 0,
            "eps_growth_yearly": 0
        },
        "20062": {
            "year_quarter": 20062,
            "year": 2006,
            "quarter": 2,
            "eps": null,
            "eps_growth_year": null,
            "eps_4q": null,
            "eps_4q_growth_year": null,
            "roe": null,
            "roe_4q": 0,
            "gross_profit": null,
            "gross_margin": null,
            "gross_margin_4q_avg": 0,
            "net_income": null,
            "net_income_4q": null,
            "revenue": null,
            "revenue_4q": null,
            "common_shares": null,
            "book_valuer_per_share": null,
            "book_valuer_per_share_4q_avg": 0,
            "equity": null,
            "current_ratio": null,
            "debt_ratio": null,
            "inventory_turnover_ratio": null,
            "account_receivable_turnover_ratio": null,
            "reinvestment_rate": null,
            "research_to_sale_ratio": null,
            "price_fair": 0,
            "eps_avg_yearly": 0,
            "eps_latest_yearly": 0,
            "eps_growth_yearly": 0
        },
        "20063": {
            "year_quarter": 20063,
            "year": 2006,
            "quarter": 3,
            "eps": null,
            "eps_growth_year": null,
            "eps_4q": null,
            "eps_4q_growth_year": null,
            "roe": null,
            "roe_4q": 0,
            "gross_profit": null,
            "gross_margin": null,
            "gross_margin_4q_avg": 0,
            "net_income": null,
            "net_income_4q": null,
            "revenue": null,
            "revenue_4q": null,
            "common_shares": null,
            "book_valuer_per_share": null,
            "book_valuer_per_share_4q_avg": 0,
            "equity": null,
            "current_ratio": null,
            "debt_ratio": null,
            "inventory_turnover_ratio": null,
            "account_receivable_turnover_ratio": null,
            "reinvestment_rate": null,
            "research_to_sale_ratio": null,
            "price_fair": 0,
            "eps_avg_yearly": 0,
            "eps_latest_yearly": 0,
            "eps_growth_yearly": 0
        },
        "20064": {
            "year_quarter": 20064,
            "year": 2006,
            "quarter": 4,
            "eps": null,
            "eps_growth_year": null,
            "eps_4q": null,
            "eps_4q_growth_year": null,
            "roe": null,
            "roe_4q": 0,
            "gross_profit": null,
            "gross_margin": null,
            "gross_margin_4q_avg": 0,
            "net_income": null,
            "net_income_4q": null,
            "revenue": null,
            "revenue_4q": null,
            "common_shares": 50000,
            "book_valuer_per_share": -12.31,
            "book_valuer_per_share_4q_avg": -3.08,
            "equity": -61553,
            "current_ratio": 13.6,
            "debt_ratio": 313.27,
            "inventory_turnover_ratio": null,
            "account_receivable_turnover_ratio": null,
            "reinvestment_rate": null,
            "research_to_sale_ratio": null,
            "price_fair": 0,
            "eps_avg_yearly": 0,
            "eps_latest_yearly": 0,
            "eps_growth_yearly": 0
        },
        "20071": {
            "year_quarter": 20071,
            "year": 2007,
            "quarter": 1,
            "eps": null,
            "eps_growth_year": null,
            "eps_4q": null,
            "eps_4q_growth_year": null,
            "roe": null,
            "roe_4q": 0,
            "gross_profit": null,
            "gross_margin": null,
            "gross_margin_4q_avg": 0,
            "net_income": null,
            "net_income_4q": null,
            "revenue": null,
            "revenue_4q": null,
            "common_shares": null,
            "book_valuer_per_share": null,
            "book_valuer_per_share_4q_avg": -3.08,
            "equity": null,
            "current_ratio": null,
            "debt_ratio": null,
            "inventory_turnover_ratio": null,
            "account_receivable_turnover_ratio": null,
            "reinvestment_rate": null,
            "research_to_sale_ratio": null,
            "price_fair": 0,
            "eps_avg_yearly": 0,
            "eps_latest_yearly": 0,
            "eps_growth_yearly": 0
        },
        "20072": {
            "year_quarter": 20072,
            "year": 2007,
            "quarter": 2,
            "eps": null,
            "eps_growth_year": null,
            "eps_4q": null,
            "eps_4q_growth_year": null,
            "roe": null,
            "roe_4q": 0,
            "gross_profit": null,
            "gross_margin": null,
            "gross_margin_4q_avg": 0,
            "net_income": null,
            "net_income_4q": null,
            "revenue": null,
            "revenue_4q": null,
            "common_shares": null,
            "book_valuer_per_share": null,
            "book_valuer_per_share_4q_avg": -3.08,
            "equity": null,
            "current_ratio": null,
            "debt_ratio": null,
            "inventory_turnover_ratio": null,
            "account_receivable_turnover_ratio": null,
            "reinvestment_rate": null,
            "research_to_sale_ratio": null,
            "price_fair": 0,
            "eps_avg_yearly": 0,
            "eps_latest_yearly": 0,
            "eps_growth_yearly": 0
        },
        "20073": {
            "year_quarter": 20073,
            "year": 2007,
            "quarter": 3,
            "eps": null,
            "eps_growth_year": null,
            "eps_4q": null,
            "eps_4q_growth_year": null,
            "roe": null,
            "roe_4q": 0,
            "gross_profit": null,
            "gross_margin": null,
            "gross_margin_4q_avg": 0,
            "net_income": null,
            "net_income_4q": null,
            "revenue": null,
            "revenue_4q": null,
            "common_shares": null,
            "book_valuer_per_share": null,
            "book_valuer_per_share_4q_avg": -3.08,
            "equity": null,
            "current_ratio": null,
            "debt_ratio": null,
            "inventory_turnover_ratio": null,
            "account_receivable_turnover_ratio": null,
            "reinvestment_rate": null,
            "research_to_sale_ratio": null,
            "price_fair": 0,
            "eps_avg_yearly": 0,
            "eps_latest_yearly": 0,
            "eps_growth_yearly": 0
        },
        "20074": {
            "year_quarter": 20074,
            "year": 2007,
            "quarter": 4,
            "eps": null,
            "eps_growth_year": null,
            "eps_4q": null,
            "eps_4q_growth_year": null,
            "roe": null,
            "roe_4q": 0,
            "gross_profit": null,
            "gross_margin": null,
            "gross_margin_4q_avg": 0,
            "net_income": null,
            "net_income_4q": null,
            "revenue": null,
            "revenue_4q": null,
            "common_shares": 266840,
            "book_valuer_per_share": 7.14,
            "book_valuer_per_share_4q_avg": 1.79,
            "equity": 190515,
            "current_ratio": 162.12,
            "debt_ratio": 48.14,
            "inventory_turnover_ratio": null,
            "account_receivable_turnover_ratio": null,
            "reinvestment_rate": null,
            "research_to_sale_ratio": null,
            "price_fair": 0,
            "eps_avg_yearly": 0,
            "eps_latest_yearly": 0,
            "eps_growth_yearly": 0
        },
        "20081": {
            "year_quarter": 20081,
            "year": 2008,
            "quarter": 1,
            "eps": null,
            "eps_growth_year": null,
            "eps_4q": null,
            "eps_4q_growth_year": null,
            "roe": null,
            "roe_4q": 0,
            "gross_profit": null,
            "gross_margin": null,
            "gross_margin_4q_avg": 0,
            "net_income": null,
            "net_income_4q": null,
            "revenue": null,
            "revenue_4q": null,
            "common_shares": null,
            "book_valuer_per_share": null,
            "book_valuer_per_share_4q_avg": 1.79,
            "equity": null,
            "current_ratio": null,
            "debt_ratio": null,
            "inventory_turnover_ratio": null,
            "account_receivable_turnover_ratio": null,
            "reinvestment_rate": null,
            "research_to_sale_ratio": null,
            "price_fair": 0,
            "eps_avg_yearly": 0,
            "eps_latest_yearly": 0,
            "eps_growth_yearly": 0
        },
        "20082": {
            "year_quarter": 20082,
            "year": 2008,
            "quarter": 2,
            "eps": null,
            "eps_growth_year": null,
            "eps_4q": null,
            "eps_4q_growth_year": null,
            "roe": null,
            "roe_4q": 0,
            "gross_profit": null,
            "gross_margin": null,
            "gross_margin_4q_avg": 0,
            "net_income": null,
            "net_income_4q": null,
            "revenue": null,
            "revenue_4q": null,
            "common_shares": null,
            "book_valuer_per_share": null,
            "book_valuer_per_share_4q_avg": 1.79,
            "equity": null,
            "current_ratio": null,
            "debt_ratio": null,
            "inventory_turnover_ratio": null,
            "account_receivable_turnover_ratio": null,
            "reinvestment_rate": null,
            "research_to_sale_ratio": null,
            "price_fair": 0,
            "eps_avg_yearly": 0,
            "eps_latest_yearly": 0,
            "eps_growth_yearly": 0
        },
        "20083": {
            "year_quarter": 20083,
            "year": 2008,
            "quarter": 3,
            "eps": null,
            "eps_growth_year": null,
            "eps_4q": null,
            "eps_4q_growth_year": null,
            "roe": null,
            "roe_4q": 0,
            "gross_profit": null,
            "gross_margin": null,
            "gross_margin_4q_avg": 0,
            "net_income": null,
            "net_income_4q": null,
            "revenue": null,
            "revenue_4q": null,
            "common_shares": null,
            "book_valuer_per_share": null,
            "book_valuer_per_share_4q_avg": 1.79,
            "equity": null,
            "current_ratio": null,
            "debt_ratio": null,
            "inventory_turnover_ratio": null,
            "account_receivable_turnover_ratio": null,
            "reinvestment_rate": null,
            "research_to_sale_ratio": null,
            "price_fair": 0,
            "eps_avg_yearly": 0,
            "eps_latest_yearly": 0,
            "eps_growth_yearly": 0
        },
        "20084": {
            "year_quarter": 20084,
            "year": 2008,
            "quarter": 4,
            "eps": null,
            "eps_growth_year": null,
            "eps_4q": null,
            "eps_4q_growth_year": null,
            "roe": null,
            "roe_4q": 0,
            "gross_profit": null,
            "gross_margin": null,
            "gross_margin_4q_avg": 0,
            "net_income": null,
            "net_income_4q": null,
            "revenue": null,
            "revenue_4q": null,
            "common_shares": 466840,
            "book_valuer_per_share": 11.75,
            "book_valuer_per_share_4q_avg": 2.94,
            "equity": 548329,
            "current_ratio": 98.83,
            "debt_ratio": 58.68,
            "inventory_turnover_ratio": null,
            "account_receivable_turnover_ratio": null,
            "reinvestment_rate": null,
            "research_to_sale_ratio": null,
            "price_fair": 0,
            "eps_avg_yearly": 0,
            "eps_latest_yearly": 0,
            "eps_growth_yearly": 0
        },
        "20091": {
            "year_quarter": 20091,
            "year": 2009,
            "quarter": 1,
            "eps": null,
            "eps_growth_year": null,
            "eps_4q": null,
            "eps_4q_growth_year": null,
            "roe": null,
            "roe_4q": 0,
            "gross_profit": null,
            "gross_margin": null,
            "gross_margin_4q_avg": 0,
            "net_income": null,
            "net_income_4q": null,
            "revenue": null,
            "revenue_4q": null,
            "common_shares": null,
            "book_valuer_per_share": null,
            "book_valuer_per_share_4q_avg": 2.94,
            "equity": null,
            "current_ratio": null,
            "debt_ratio": null,
            "inventory_turnover_ratio": null,
            "account_receivable_turnover_ratio": null,
            "reinvestment_rate": null,
            "research_to_sale_ratio": null,
            "price_fair": 0,
            "eps_avg_yearly": 0,
            "eps_latest_yearly": 0,
            "eps_growth_yearly": 0
        },
        "20092": {
            "year_quarter": 20092,
            "year": 2009,
            "quarter": 2,
            "eps": null,
            "eps_growth_year": null,
            "eps_4q": null,
            "eps_4q_growth_year": null,
            "roe": null,
            "roe_4q": 0,
            "gross_profit": null,
            "gross_margin": null,
            "gross_margin_4q_avg": 0,
            "net_income": null,
            "net_income_4q": null,
            "revenue": null,
            "revenue_4q": null,
            "common_shares": null,
            "book_valuer_per_share": null,
            "book_valuer_per_share_4q_avg": 2.94,
            "equity": null,
            "current_ratio": null,
            "debt_ratio": null,
            "inventory_turnover_ratio": null,
            "account_receivable_turnover_ratio": null,
            "reinvestment_rate": null,
            "research_to_sale_ratio": null,
            "price_fair": 0,
            "eps_avg_yearly": 0,
            "eps_latest_yearly": 0,
            "eps_growth_yearly": 0
        },
        "20093": {
            "year_quarter": 20093,
            "year": 2009,
            "quarter": 3,
            "eps": null,
            "eps_growth_year": null,
            "eps_4q": null,
            "eps_4q_growth_year": null,
            "roe": null,
            "roe_4q": 0,
            "gross_profit": null,
            "gross_margin": null,
            "gross_margin_4q_avg": 0,
            "net_income": null,
            "net_income_4q": null,
            "revenue": null,
            "revenue_4q": null,
            "common_shares": null,
            "book_valuer_per_share": null,
            "book_valuer_per_share_4q_avg": 2.94,
            "equity": null,
            "current_ratio": null,
            "debt_ratio": null,
            "inventory_turnover_ratio": null,
            "account_receivable_turnover_ratio": null,
            "reinvestment_rate": null,
            "research_to_sale_ratio": null,
            "price_fair": 0,
            "eps_avg_yearly": 0,
            "eps_latest_yearly": 0,
            "eps_growth_yearly": 0
        },
        "20094": {
            "year_quarter": 20094,
            "year": 2009,
            "quarter": 4,
            "eps": null,
            "eps_growth_year": null,
            "eps_4q": null,
            "eps_4q_growth_year": null,
            "roe": null,
            "roe_4q": 0,
            "gross_profit": null,
            "gross_margin": null,
            "gross_margin_4q_avg": 0,
            "net_income": null,
            "net_income_4q": null,
            "revenue": null,
            "revenue_4q": null,
            "common_shares": 466840,
            "book_valuer_per_share": 13.49,
            "book_valuer_per_share_4q_avg": 3.37,
            "equity": 629564,
            "current_ratio": 100.26,
            "debt_ratio": 60.16,
            "inventory_turnover_ratio": null,
            "account_receivable_turnover_ratio": null,
            "reinvestment_rate": null,
            "research_to_sale_ratio": null,
            "price_fair": 0,
            "eps_avg_yearly": 0,
            "eps_latest_yearly": 0,
            "eps_growth_yearly": 0
        },
        "20101": {
            "year_quarter": 20101,
            "year": 2010,
            "quarter": 1,
            "eps": null,
            "eps_growth_year": null,
            "eps_4q": null,
            "eps_4q_growth_year": null,
            "roe": null,
            "roe_4q": 0,
            "gross_profit": 79139,
            "gross_margin": null,
            "gross_margin_4q_avg": 0,
            "net_income": 39367,
            "net_income_4q": null,
            "revenue": 761603,
            "revenue_4q": null,
            "common_shares": 466840,
            "book_valuer_per_share": 14.27,
            "book_valuer_per_share_4q_avg": 6.94,
            "equity": 665978,
            "current_ratio": 98.09,
            "debt_ratio": 59.13,
            "inventory_turnover_ratio": null,
            "account_receivable_turnover_ratio": null,
            "reinvestment_rate": null,
            "research_to_sale_ratio": null,
            "price_fair": 0,
            "eps_avg_yearly": 0,
            "eps_latest_yearly": 0,
            "eps_growth_yearly": 0
        },
        "20102": {
            "year_quarter": 20102,
            "year": 2010,
            "quarter": 2,
            "eps": null,
            "eps_growth_year": null,
            "eps_4q": null,
            "eps_4q_growth_year": null,
            "roe": null,
            "roe_4q": 0,
            "gross_profit": 61987,
            "gross_margin": null,
            "gross_margin_4q_avg": 0,
            "net_income": 31768,
            "net_income_4q": null,
            "revenue": 735060,
            "revenue_4q": null,
            "common_shares": 466840,
            "book_valuer_per_share": 15.21,
            "book_valuer_per_share_4q_avg": 10.74,
            "equity": 710021,
            "current_ratio": 102.01,
            "debt_ratio": 58.33,
            "inventory_turnover_ratio": null,
            "account_receivable_turnover_ratio": null,
            "reinvestment_rate": null,
            "research_to_sale_ratio": null,
            "price_fair": 0,
            "eps_avg_yearly": 0,
            "eps_latest_yearly": 0,
            "eps_growth_yearly": 0
        },
        "20103": {
            "year_quarter": 20103,
            "year": 2010,
            "quarter": 3,
            "eps": null,
            "eps_growth_year": null,
            "eps_4q": null,
            "eps_4q_growth_year": null,
            "roe": null,
            "roe_4q": 0,
            "gross_profit": 115278,
            "gross_margin": null,
            "gross_margin_4q_avg": 0,
            "net_income": 56535,
            "net_income_4q": null,
            "revenue": 982386,
            "revenue_4q": null,
            "common_shares": 466840,
            "book_valuer_per_share": 16.3,
            "book_valuer_per_share_4q_avg": 14.82,
            "equity": 761132,
            "current_ratio": 106.1,
            "debt_ratio": 60.51,
            "inventory_turnover_ratio": null,
            "account_receivable_turnover_ratio": null,
            "reinvestment_rate": null,
            "research_to_sale_ratio": null,
            "price_fair": 0,
            "eps_avg_yearly": 0,
            "eps_latest_yearly": 0,
            "eps_growth_yearly": 0
        },
        "20104": {
            "year_quarter": 20104,
            "year": 2010,
            "quarter": 4,
            "eps": null,
            "eps_growth_year": null,
            "eps_4q": null,
            "eps_4q_growth_year": null,
            "roe": null,
            "roe_4q": 0,
            "gross_profit": 74021,
            "gross_margin": null,
            "gross_margin_4q_avg": 0,
            "net_income": 22873,
            "net_income_4q": null,
            "revenue": 872545,
            "revenue_4q": null,
            "common_shares": 466840,
            "book_valuer_per_share": 16.2,
            "book_valuer_per_share_4q_avg": 15.5,
            "equity": 756500,
            "current_ratio": 111.08,
            "debt_ratio": 56.72,
            "inventory_turnover_ratio": null,
            "account_receivable_turnover_ratio": null,
            "reinvestment_rate": null,
            "research_to_sale_ratio": null,
            "price_fair": 0,
            "eps_avg_yearly": 0,
            "eps_latest_yearly": 0,
            "eps_growth_yearly": 0
        },
        "20111": {
            "year_quarter": 20111,
            "year": 2011,
            "quarter": 1,
            "eps": 0.77,
            "eps_growth_year": null,
            "eps_4q": 0.77,
            "eps_4q_growth_year": null,
            "roe": 4.62,
            "roe_4q": 4.62,
            "gross_profit": 67916,
            "gross_margin": 9.04,
            "gross_margin_4q_avg": 2.26,
            "net_income": 35987,
            "net_income_4q": null,
            "revenue": 751646,
            "revenue_4q": null,
            "common_shares": 466840,
            "book_valuer_per_share": 17.14,
            "book_valuer_per_share_4q_avg": 16.21,
            "equity": 800216,
            "current_ratio": 112.62,
            "debt_ratio": 57.29,
            "inventory_turnover_ratio": 2.08,
            "account_receivable_turnover_ratio": 1.5,
            "reinvestment_rate": null,
            "research_to_sale_ratio": 0.96,
            "price_fair": 0,
            "eps_avg_yearly": 0,
            "eps_latest_yearly": 0,
            "eps_growth_yearly": 0
        },
        "20112": {
            "year_quarter": 20112,
            "year": 2011,
            "quarter": 2,
            "eps": 0.77,
            "eps_growth_year": null,
            "eps_4q": 1.54,
            "eps_4q_growth_year": null,
            "roe": 4.74,
            "roe_4q": 9.36,
            "gross_profit": 81020,
            "gross_margin": 9.59,
            "gross_margin_4q_avg": 4.66,
            "net_income": 35824,
            "net_income_4q": null,
            "revenue": 844915,
            "revenue_4q": null,
            "common_shares": 466840,
            "book_valuer_per_share": 15.22,
            "book_valuer_per_share_4q_avg": 16.22,
            "equity": 710576,
            "current_ratio": 104.38,
            "debt_ratio": 61.19,
            "inventory_turnover_ratio": 2.19,
            "account_receivable_turnover_ratio": 1.63,
            "reinvestment_rate": null,
            "research_to_sale_ratio": 0.86,
            "price_fair": 30.8,
            "eps_avg_yearly": 3.08,
            "eps_latest_yearly": 3.08,
            "eps_growth_yearly": 0
        },
        "20113": {
            "year_quarter": 20113,
            "year": 2011,
            "quarter": 3,
            "eps": 1.32,
            "eps_growth_year": null,
            "eps_4q": 2.86,
            "eps_4q_growth_year": null,
            "roe": 8.11,
            "roe_4q": 17.47,
            "gross_profit": 94651,
            "gross_margin": 10.46,
            "gross_margin_4q_avg": 7.27,
            "net_income": 61520,
            "net_income_4q": null,
            "revenue": 904640,
            "revenue_4q": null,
            "common_shares": 466840,
            "book_valuer_per_share": 17.29,
            "book_valuer_per_share_4q_avg": 16.46,
            "equity": 807258,
            "current_ratio": 106.43,
            "debt_ratio": 58.02,
            "inventory_turnover_ratio": 2.37,
            "account_receivable_turnover_ratio": 1.54,
            "reinvestment_rate": null,
            "research_to_sale_ratio": 1.32,
            "price_fair": 146.3,
            "eps_avg_yearly": 4.18,
            "eps_latest_yearly": 5.28,
            "eps_growth_yearly": 142.86
        },
        "20114": {
            "year_quarter": 20114,
            "year": 2011,
            "quarter": 4,
            "eps": 0.7,
            "eps_growth_year": null,
            "eps_4q": 3.29,
            "eps_4q_growth_year": null,
            "roe": 4.09,
            "roe_4q": 21.56,
            "gross_profit": 70118,
            "gross_margin": 9.26,
            "gross_margin_4q_avg": 9.59,
            "net_income": 35797,
            "net_income_4q": null,
            "revenue": 757037,
            "revenue_4q": null,
            "common_shares": 513300,
            "book_valuer_per_share": 18.36,
            "book_valuer_per_share_4q_avg": 17,
            "equity": 942292,
            "current_ratio": 132.36,
            "debt_ratio": 44.13,
            "inventory_turnover_ratio": 2.13,
            "account_receivable_turnover_ratio": 1.37,
            "reinvestment_rate": null,
            "research_to_sale_ratio": 1.34,
            "price_fair": 130.2,
            "eps_avg_yearly": 3.72,
            "eps_latest_yearly": 2.8,
            "eps_growth_yearly": 32.61
        },
        "20121": {
            "year_quarter": 20121,
            "year": 2012,
            "quarter": 1,
            "eps": 0.83,
            "eps_growth_year": 7.79,
            "eps_4q": 3.43,
            "eps_4q_growth_year": 344.79,
            "roe": 4.48,
            "roe_4q": 21.42,
            "gross_profit": 94428,
            "gross_margin": 11.12,
            "gross_margin_4q_avg": 10.11,
            "net_income": 42854,
            "net_income_4q": null,
            "revenue": 848858,
            "revenue_4q": null,
            "common_shares": 513300,
            "book_valuer_per_share": 18.91,
            "book_valuer_per_share_4q_avg": 17.45,
            "equity": 970763,
            "current_ratio": 138.43,
            "debt_ratio": 45.39,
            "inventory_turnover_ratio": 2.31,
            "account_receivable_turnover_ratio": 1.83,
            "reinvestment_rate": null,
            "research_to_sale_ratio": 1.29,
            "price_fair": 126.7,
            "eps_avg_yearly": 3.62,
            "eps_latest_yearly": 3.32,
            "eps_growth_yearly": 43.03
        },
        "20122": {
            "year_quarter": 20122,
            "year": 2012,
            "quarter": 2,
            "eps": 1.32,
            "eps_growth_year": 71.61,
            "eps_4q": 4.05,
            "eps_4q_growth_year": 163.14,
            "roe": 7.2,
            "roe_4q": 23.88,
            "gross_profit": 124311,
            "gross_margin": 11.86,
            "gross_margin_4q_avg": 10.68,
            "net_income": 67595,
            "net_income_4q": null,
            "revenue": 1047776,
            "revenue_4q": null,
            "common_shares": 513300,
            "book_valuer_per_share": 17.66,
            "book_valuer_per_share_4q_avg": 18.06,
            "equity": 906434,
            "current_ratio": 128.05,
            "debt_ratio": 51.97,
            "inventory_turnover_ratio": 2.48,
            "account_receivable_turnover_ratio": 2.15,
            "reinvestment_rate": null,
            "research_to_sale_ratio": 1.21,
            "price_fair": 138.32,
            "eps_avg_yearly": 3.95,
            "eps_latest_yearly": 5.28,
            "eps_growth_yearly": 81.65
        },
        "20123": {
            "year_quarter": 20123,
            "year": 2012,
            "quarter": 3,
            "eps": 0.97,
            "eps_growth_year": -26.77,
            "eps_4q": 3.59,
            "eps_4q_growth_year": 25.61,
            "roe": 5.33,
            "roe_4q": 21.1,
            "gross_profit": 117693,
            "gross_margin": 11.41,
            "gross_margin_4q_avg": 10.91,
            "net_income": 53814,
            "net_income_4q": null,
            "revenue": 1031936,
            "revenue_4q": null,
            "common_shares": 513300,
            "book_valuer_per_share": 21.64,
            "book_valuer_per_share_4q_avg": 19.14,
            "equity": 1110984,
            "current_ratio": 184.64,
            "debt_ratio": 48.44,
            "inventory_turnover_ratio": 2.36,
            "account_receivable_turnover_ratio": 2.02,
            "reinvestment_rate": null,
            "research_to_sale_ratio": 1.15,
            "price_fair": 137.9,
            "eps_avg_yearly": 3.94,
            "eps_latest_yearly": 3.88,
            "eps_growth_yearly": 50.37
        },
        "20124": {
            "year_quarter": 20124,
            "year": 2012,
            "quarter": 4,
            "eps": 0.52,
            "eps_growth_year": -25.8,
            "eps_4q": 3.46,
            "eps_4q_growth_year": 5.09,
            "roe": 2.56,
            "roe_4q": 19.57,
            "gross_profit": 76469,
            "gross_margin": 10.84,
            "gross_margin_4q_avg": 11.31,
            "net_income": 28863,
            "net_income_4q": null,
            "revenue": 705244,
            "revenue_4q": null,
            "common_shares": 557654,
            "book_valuer_per_share": 20.46,
            "book_valuer_per_share_4q_avg": 19.67,
            "equity": 1140984,
            "current_ratio": 220.35,
            "debt_ratio": 42.73,
            "inventory_turnover_ratio": 1.73,
            "account_receivable_turnover_ratio": 1.52,
            "reinvestment_rate": null,
            "research_to_sale_ratio": 1.69,
            "price_fair": 97.97,
            "eps_avg_yearly": 3.67,
            "eps_latest_yearly": 2.08,
            "eps_growth_yearly": 16.66
        },
        "20131": {
            "year_quarter": 20131,
            "year": 2013,
            "quarter": 1,
            "eps": 0.64,
            "eps_growth_year": -22.89,
            "eps_4q": 3.33,
            "eps_4q_growth_year": -2.85,
            "roe": 3.05,
            "roe_4q": 18.14,
            "gross_profit": 62905,
            "gross_margin": 9.78,
            "gross_margin_4q_avg": 10.97,
            "net_income": 35511,
            "net_income_4q": null,
            "revenue": 643384,
            "revenue_4q": null,
            "common_shares": 557744,
            "book_valuer_per_share": 21.27,
            "book_valuer_per_share_4q_avg": 20.26,
            "equity": 1186098,
            "current_ratio": 224.53,
            "debt_ratio": 42.78,
            "inventory_turnover_ratio": 1.53,
            "account_receivable_turnover_ratio": 1.49,
            "reinvestment_rate": null,
            "research_to_sale_ratio": 1.59,
            "price_fair": 123.73,
            "eps_avg_yearly": 3.54,
            "eps_latest_yearly": 2.56,
            "eps_growth_yearly": 26.12
        },
        "20132": {
            "year_quarter": 20132,
            "year": 2013,
            "quarter": 2,
            "eps": 0.99,
            "eps_growth_year": -24.82,
            "eps_4q": 3.02,
            "eps_4q_growth_year": -25.28,
            "roe": 4.75,
            "roe_4q": 15.69,
            "gross_profit": 107156,
            "gross_margin": 11.43,
            "gross_margin_4q_avg": 10.87,
            "net_income": 55901,
            "net_income_4q": null,
            "revenue": 937760,
            "revenue_4q": null,
            "common_shares": 557744,
            "book_valuer_per_share": 20.27,
            "book_valuer_per_share_4q_avg": 20.91,
            "equity": 1166622,
            "current_ratio": 181.46,
            "debt_ratio": 48.83,
            "inventory_turnover_ratio": 1.9,
            "account_receivable_turnover_ratio": 1.75,
            "reinvestment_rate": null,
            "research_to_sale_ratio": 1.26,
            "price_fair": 125.38,
            "eps_avg_yearly": 3.58,
            "eps_latest_yearly": 3.96,
            "eps_growth_yearly": 47.52
        },
        "20133": {
            "year_quarter": 20133,
            "year": 2013,
            "quarter": 3,
            "eps": 1.18,
            "eps_growth_year": 22.28,
            "eps_4q": 3.13,
            "eps_4q_growth_year": -12.77,
            "roe": 5.75,
            "roe_4q": 16.11,
            "gross_profit": 142059,
            "gross_margin": 13.52,
            "gross_margin_4q_avg": 11.39,
            "net_income": 72643,
            "net_income_4q": null,
            "revenue": 1050755,
            "revenue_4q": null,
            "common_shares": 575642,
            "book_valuer_per_share": 22.08,
            "book_valuer_per_share_4q_avg": 21.02,
            "equity": 1361244,
            "current_ratio": 204.3,
            "debt_ratio": 39.23,
            "inventory_turnover_ratio": 2.08,
            "account_receivable_turnover_ratio": 1.64,
            "reinvestment_rate": null,
            "research_to_sale_ratio": 1.26,
            "price_fair": 129.36,
            "eps_avg_yearly": 3.7,
            "eps_latest_yearly": 4.72,
            "eps_growth_yearly": 50.45
        },
        "20134": {
            "year_quarter": 20134,
            "year": 2013,
            "quarter": 4,
            "eps": 1.03,
            "eps_growth_year": 99.2,
            "eps_4q": 3.68,
            "eps_4q_growth_year": 6.24,
            "roe": 4.55,
            "roe_4q": 18.1,
            "gross_profit": 108216,
            "gross_margin": 12.85,
            "gross_margin_4q_avg": 11.9,
            "net_income": 63870,
            "net_income_4q": null,
            "revenue": 842179,
            "revenue_4q": null,
            "common_shares": 616488,
            "book_valuer_per_share": 23.35,
            "book_valuer_per_share_4q_avg": 21.74,
            "equity": 1446852,
            "current_ratio": 222.6,
            "debt_ratio": 35.87,
            "inventory_turnover_ratio": 1.66,
            "account_receivable_turnover_ratio": 1.38,
            "reinvestment_rate": -12.65,
            "research_to_sale_ratio": 2,
            "price_fair": 130.71,
            "eps_avg_yearly": 3.73,
            "eps_latest_yearly": 4.12,
            "eps_growth_yearly": 41.24
        },
        "20141": {
            "year_quarter": 20141,
            "year": 2014,
            "quarter": 1,
            "eps": 0.88,
            "eps_growth_year": 37.5,
            "eps_4q": 3.98,
            "eps_4q_growth_year": 19.51,
            "roe": 3.67,
            "roe_4q": 18.72,
            "gross_profit": 94762,
            "gross_margin": 12.24,
            "gross_margin_4q_avg": 12.51,
            "net_income": 54233,
            "net_income_4q": null,
            "revenue": 774120,
            "revenue_4q": null,
            "common_shares": 619577,
            "book_valuer_per_share": 24.38,
            "book_valuer_per_share_4q_avg": 22.52,
            "equity": 1510665,
            "current_ratio": 261.12,
            "debt_ratio": 31.31,
            "inventory_turnover_ratio": 1.62,
            "account_receivable_turnover_ratio": 1.44,
            "reinvestment_rate": -24.35,
            "research_to_sale_ratio": 1.61,
            "price_fair": 130.08,
            "eps_avg_yearly": 3.72,
            "eps_latest_yearly": 3.52,
            "eps_growth_yearly": 32.95
        },
        "20142": {
            "year_quarter": 20142,
            "year": 2014,
            "quarter": 2,
            "eps": 1,
            "eps_growth_year": 1.01,
            "eps_4q": 4.08,
            "eps_4q_growth_year": 34.84,
            "roe": 4.22,
            "roe_4q": 18.189999999999998,
            "gross_profit": 133886,
            "gross_margin": 14.92,
            "gross_margin_4q_avg": 13.38,
            "net_income": 61912,
            "net_income_4q": null,
            "revenue": 897180,
            "revenue_4q": null,
            "common_shares": 619577,
            "book_valuer_per_share": 22.99,
            "book_valuer_per_share_4q_avg": 23.2,
            "equity": 1424137,
            "current_ratio": 239.54,
            "debt_ratio": 50.47,
            "inventory_turnover_ratio": 1.83,
            "account_receivable_turnover_ratio": 1.61,
            "reinvestment_rate": -27.11,
            "research_to_sale_ratio": 1.61,
            "price_fair": 130.85,
            "eps_avg_yearly": 3.74,
            "eps_latest_yearly": 4,
            "eps_growth_yearly": 34.61
        },
        "20143": {
            "year_quarter": 20143,
            "year": 2014,
            "quarter": 3,
            "eps": 1.28,
            "eps_growth_year": 8.47,
            "eps_4q": 4.19,
            "eps_4q_growth_year": 33.88,
            "roe": 5.4,
            "roe_4q": 17.84,
            "gross_profit": 136813,
            "gross_margin": 15.39,
            "gross_margin_4q_avg": 13.85,
            "net_income": 79552,
            "net_income_4q": null,
            "revenue": 889020,
            "revenue_4q": null,
            "common_shares": 619577,
            "book_valuer_per_share": 24.55,
            "book_valuer_per_share_4q_avg": 23.82,
            "equity": 1520755,
            "current_ratio": 273.97,
            "debt_ratio": 45.74,
            "inventory_turnover_ratio": 1.68,
            "account_receivable_turnover_ratio": 1.55,
            "reinvestment_rate": -29.86,
            "research_to_sale_ratio": 1.71,
            "price_fair": 134.3,
            "eps_avg_yearly": 3.84,
            "eps_latest_yearly": 5.12,
            "eps_growth_yearly": 40.14
        },
        "20144": {
            "year_quarter": 20144,
            "year": 2014,
            "quarter": 4,
            "eps": 0.91,
            "eps_growth_year": -11.59,
            "eps_4q": 4.07,
            "eps_4q_growth_year": 10.64,
            "roe": 3.59,
            "roe_4q": 16.880000000000003,
            "gross_profit": 102727,
            "gross_margin": 14.03,
            "gross_margin_4q_avg": 14.15,
            "net_income": 56468,
            "net_income_4q": null,
            "revenue": 732029,
            "revenue_4q": null,
            "common_shares": 619577,
            "book_valuer_per_share": 26.3,
            "book_valuer_per_share_4q_avg": 24.56,
            "equity": 1629180,
            "current_ratio": 288.96,
            "debt_ratio": 43.68,
            "inventory_turnover_ratio": 1.25,
            "account_receivable_turnover_ratio": 1.38,
            "reinvestment_rate": -80.97,
            "research_to_sale_ratio": 1.76,
            "price_fair": 133.84,
            "eps_avg_yearly": 3.82,
            "eps_latest_yearly": 3.64,
            "eps_growth_yearly": 29.75
        },
        "20151": {
            "year_quarter": 20151,
            "year": 2015,
            "quarter": 1,
            "eps": 0.9,
            "eps_growth_year": 2.27,
            "eps_4q": 4.1,
            "eps_4q_growth_year": 2.95,
            "roe": 3.4,
            "roe_4q": 16.61,
            "gross_profit": 105471,
            "gross_margin": 11.71,
            "gross_margin_4q_avg": 14.01,
            "net_income": 55995,
            "net_income_4q": null,
            "revenue": 900335,
            "revenue_4q": null,
            "common_shares": 619577,
            "book_valuer_per_share": 26.91,
            "book_valuer_per_share_4q_avg": 25.19,
            "equity": 1667344,
            "current_ratio": 283.71,
            "debt_ratio": 43.51,
            "inventory_turnover_ratio": 1.55,
            "account_receivable_turnover_ratio": 1.71,
            "reinvestment_rate": -66.38,
            "research_to_sale_ratio": 1.49,
            "price_fair": 133.35,
            "eps_avg_yearly": 3.81,
            "eps_latest_yearly": 3.6,
            "eps_growth_yearly": 27.62
        },
        "20152": {
            "year_quarter": 20152,
            "year": 2015,
            "quarter": 2,
            "eps": 1.11,
            "eps_growth_year": 11,
            "eps_4q": 4.21,
            "eps_4q_growth_year": 3.13,
            "roe": 4.25,
            "roe_4q": 16.64,
            "gross_profit": 142754,
            "gross_margin": 14.14,
            "gross_margin_4q_avg": 13.82,
            "net_income": 68547,
            "net_income_4q": null,
            "revenue": 1009476,
            "revenue_4q": null,
            "common_shares": 619577,
            "book_valuer_per_share": 25.12,
            "book_valuer_per_share_4q_avg": 25.72,
            "equity": 1556262,
            "current_ratio": 223.67,
            "debt_ratio": 50.84,
            "inventory_turnover_ratio": 1.74,
            "account_receivable_turnover_ratio": 1.72,
            "reinvestment_rate": -65.12,
            "research_to_sale_ratio": 1.35,
            "price_fair": 136.33,
            "eps_avg_yearly": 3.9,
            "eps_latest_yearly": 4.44,
            "eps_growth_yearly": 33.45
        },
        "20153": {
            "year_quarter": 20153,
            "year": 2015,
            "quarter": 3,
            "eps": 1.4,
            "eps_growth_year": 9.38,
            "eps_4q": 4.32,
            "eps_4q_growth_year": 3.22,
            "roe": 5.35,
            "roe_4q": 16.59,
            "gross_profit": 119261,
            "gross_margin": 12.8,
            "gross_margin_4q_avg": 13.17,
            "net_income": 86904,
            "net_income_4q": null,
            "revenue": 932035,
            "revenue_4q": null,
            "common_shares": 619577,
            "book_valuer_per_share": 27.33,
            "book_valuer_per_share_4q_avg": 26.42,
            "equity": 1693498,
            "current_ratio": 281.32,
            "debt_ratio": 44.03,
            "inventory_turnover_ratio": 1.39,
            "account_receivable_turnover_ratio": 1.49,
            "reinvestment_rate": -80,
            "research_to_sale_ratio": 1.7,
            "price_fair": 125.77,
            "eps_avg_yearly": 3.92,
            "eps_latest_yearly": 5.6,
            "eps_growth_yearly": 22.13
        },
        "20154": {
            "year_quarter": 20154,
            "year": 2015,
            "quarter": 4,
            "eps": 0.61,
            "eps_growth_year": -33.14,
            "eps_4q": 4.02,
            "eps_4q_growth_year": -1.18,
            "roe": 2.22,
            "roe_4q": 15.22,
            "gross_profit": 81723,
            "gross_margin": 10.91,
            "gross_margin_4q_avg": 12.39,
            "net_income": 37754,
            "net_income_4q": null,
            "revenue": 749214,
            "revenue_4q": null,
            "common_shares": 619577,
            "book_valuer_per_share": 27.53,
            "book_valuer_per_share_4q_avg": 26.72,
            "equity": 1705896,
            "current_ratio": 390.42,
            "debt_ratio": 37.68,
            "inventory_turnover_ratio": 1.27,
            "account_receivable_turnover_ratio": 1.28,
            "reinvestment_rate": -84.27,
            "research_to_sale_ratio": 1.72,
            "price_fair": 115.84,
            "eps_avg_yearly": 3.89,
            "eps_latest_yearly": 2.44,
            "eps_growth_yearly": 19.76
        },
        "20161": {
            "year_quarter": 20161,
            "year": 2016,
            "quarter": 1,
            "eps": 0.03,
            "eps_growth_year": -96.67,
            "eps_4q": 3.15,
            "eps_4q_growth_year": -23.19,
            "roe": 0.11,
            "roe_4q": 11.93,
            "gross_profit": 30724,
            "gross_margin": 6.56,
            "gross_margin_4q_avg": 11.1,
            "net_income": 1828,
            "net_income_4q": null,
            "revenue": 468009,
            "revenue_4q": null,
            "common_shares": 619577,
            "book_valuer_per_share": 27.18,
            "book_valuer_per_share_4q_avg": 26.79,
            "equity": 1683873,
            "current_ratio": 425.46,
            "debt_ratio": 36.63,
            "inventory_turnover_ratio": 1.08,
            "account_receivable_turnover_ratio": 1.04,
            "reinvestment_rate": -87.12,
            "research_to_sale_ratio": 1.75,
            "price_fair": 11.08,
            "eps_avg_yearly": 3.69,
            "eps_latest_yearly": 0.12,
            "eps_growth_yearly": -8.65
        },
        "20162": {
            "year_quarter": 20162,
            "year": 2016,
            "quarter": 2,
            "eps": 1.2,
            "eps_growth_year": 8.11,
            "eps_4q": 3.24,
            "eps_4q_growth_year": -22.87,
            "roe": 4.58,
            "roe_4q": 12.26,
            "gross_profit": 128013,
            "gross_margin": 14.64,
            "gross_margin_4q_avg": 11.23,
            "net_income": 74482,
            "net_income_4q": null,
            "revenue": 874264,
            "revenue_4q": null,
            "common_shares": 619577,
            "book_valuer_per_share": 25.33,
            "book_valuer_per_share_4q_avg": 26.84,
            "equity": 1569560,
            "current_ratio": 184.4,
            "debt_ratio": 46.93,
            "inventory_turnover_ratio": 2.07,
            "account_receivable_turnover_ratio": 1.82,
            "reinvestment_rate": -90.47,
            "research_to_sale_ratio": 1.6,
            "price_fair": 128.19,
            "eps_avg_yearly": 3.66,
            "eps_latest_yearly": 4.8,
            "eps_growth_yearly": 951.59
        },
        "20163": {
            "year_quarter": 20163,
            "year": 2016,
            "quarter": 3,
            "eps": 1.82,
            "eps_growth_year": 30,
            "eps_4q": 3.66,
            "eps_4q_growth_year": -15.36,
            "roe": 7.05,
            "roe_4q": 13.959999999999999,
            "gross_profit": 174853,
            "gross_margin": 16.46,
            "gross_margin_4q_avg": 12.14,
            "net_income": 112707,
            "net_income_4q": null,
            "revenue": 1062504,
            "revenue_4q": null,
            "common_shares": 619577,
            "book_valuer_per_share": 26.31,
            "book_valuer_per_share_4q_avg": 26.59,
            "equity": 1629925,
            "current_ratio": 195.16,
            "debt_ratio": 45.1,
            "inventory_turnover_ratio": 2.98,
            "account_receivable_turnover_ratio": 1.68,
            "reinvestment_rate": -89.06,
            "research_to_sale_ratio": 1.38,
            "price_fair": 135.63,
            "eps_avg_yearly": 3.88,
            "eps_latest_yearly": 7.28,
            "eps_growth_yearly": 971.13
        },
        "20164": {
            "year_quarter": 20164,
            "year": 2016,
            "quarter": 4,
            "eps": 1.36,
            "eps_growth_year": 122.53,
            "eps_4q": 4.41,
            "eps_4q_growth_year": 9.56,
            "roe": 5.03,
            "roe_4q": 16.77,
            "gross_profit": 108106,
            "gross_margin": 13.98,
            "gross_margin_4q_avg": 12.91,
            "net_income": 84015,
            "net_income_4q": null,
            "revenue": 773262,
            "revenue_4q": null,
            "common_shares": 619577,
            "book_valuer_per_share": 27.66,
            "book_valuer_per_share_4q_avg": 26.62,
            "equity": 1713837,
            "current_ratio": 208.72,
            "debt_ratio": 42.61,
            "inventory_turnover_ratio": 2.23,
            "account_receivable_turnover_ratio": 1.35,
            "reinvestment_rate": -82.34,
            "research_to_sale_ratio": 1.88,
            "price_fair": 142.98,
            "eps_avg_yearly": 4.09,
            "eps_latest_yearly": 5.44,
            "eps_growth_yearly": 976.41
        },
        "20171": {
            "year_quarter": 20171,
            "year": 2017,
            "quarter": 1,
            "eps": 0.72,
            "eps_growth_year": 2300,
            "eps_4q": 4.41,
            "eps_4q_growth_year": 40.08,
            "roe": 2.49,
            "roe_4q": 19.15,
            "gross_profit": 103897,
            "gross_margin": 14.14,
            "gross_margin_4q_avg": 14.81,
            "net_income": 47338,
            "net_income_4q": null,
            "revenue": 734864,
            "revenue_4q": null,
            "common_shares": 619577,
            "book_valuer_per_share": 28.99,
            "book_valuer_per_share_4q_avg": 27.07,
            "equity": 2094285,
            "current_ratio": 312.03,
            "debt_ratio": 29.5,
            "inventory_turnover_ratio": 1.66,
            "account_receivable_turnover_ratio": 1.57,
            "reinvestment_rate": -24.07,
            "research_to_sale_ratio": 1.43,
            "price_fair": 143.68,
            "eps_avg_yearly": 4.11,
            "eps_latest_yearly": 2.88,
            "eps_growth_yearly": 958.88
        },
        "20172": {
            "year_quarter": 20172,
            "year": 2017,
            "quarter": 2,
            "eps": 1.33,
            "eps_growth_year": 10.83,
            "eps_4q": 4.69,
            "eps_4q_growth_year": 44.73,
            "roe": 4.65,
            "roe_4q": 19.220000000000002,
            "gross_profit": 167388,
            "gross_margin": 16.35,
            "gross_margin_4q_avg": 15.23,
            "net_income": 96290,
            "net_income_4q": null,
            "revenue": 1023788,
            "revenue_4q": null,
            "common_shares": 725001,
            "book_valuer_per_share": 28.22,
            "book_valuer_per_share_4q_avg": 27.8,
            "equity": 2046027,
            "current_ratio": 256.71,
            "debt_ratio": 36.11,
            "inventory_turnover_ratio": 1.94,
            "account_receivable_turnover_ratio": 2.07,
            "reinvestment_rate": -23.61,
            "research_to_sale_ratio": 1.57,
            "price_fair": 146.65,
            "eps_avg_yearly": 4.19,
            "eps_latest_yearly": 5.32,
            "eps_growth_yearly": 966.39
        },
        "20173": {
            "year_quarter": 20173,
            "year": 2017,
            "quarter": 3,
            "eps": 1.14,
            "eps_growth_year": -37.36,
            "eps_4q": 4.28,
            "eps_4q_growth_year": 16.86,
            "roe": 3.94,
            "roe_4q": 16.11,
            "gross_profit": 148826,
            "gross_margin": 15.43,
            "gross_margin_4q_avg": 14.98,
            "net_income": 82448,
            "net_income_4q": null,
            "revenue": 964794,
            "revenue_4q": null,
            "common_shares": 725001,
            "book_valuer_per_share": 29.57,
            "book_valuer_per_share_4q_avg": 28.61,
            "equity": 2144023,
            "current_ratio": 311.28,
            "debt_ratio": 30.01,
            "inventory_turnover_ratio": 1.72,
            "account_receivable_turnover_ratio": 1.73,
            "reinvestment_rate": -22.07,
            "research_to_sale_ratio": 1.48,
            "price_fair": 146.3,
            "eps_avg_yearly": 4.18,
            "eps_latest_yearly": 4.56,
            "eps_growth_yearly": 958.02
        },
        "20174": {
            "year_quarter": 20174,
            "year": 2017,
            "quarter": 4,
            "eps": 1.03,
            "eps_growth_year": -24.15,
            "eps_4q": 4.15,
            "eps_4q_growth_year": -5.9,
            "roe": 3.43,
            "roe_4q": 14.51,
            "gross_profit": 138872,
            "gross_margin": 14.94,
            "gross_margin_4q_avg": 15.22,
            "net_income": 74564,
            "net_income_4q": null,
            "revenue": 929539,
            "revenue_4q": null,
            "common_shares": 725001,
            "book_valuer_per_share": 30.47,
            "book_valuer_per_share_4q_avg": 29.31,
            "equity": 2209054,
            "current_ratio": 320.05,
            "debt_ratio": 29.45,
            "inventory_turnover_ratio": 1.55,
            "account_receivable_turnover_ratio": 1.7,
            "reinvestment_rate": -24.44,
            "research_to_sale_ratio": 1.34,
            "price_fair": 146.3,
            "eps_avg_yearly": 4.18,
            "eps_latest_yearly": 4.12,
            "eps_growth_yearly": 958.78
        },
        "20181": {
            "year_quarter": 20181,
            "year": 2018,
            "quarter": 1,
            "eps": 0.57,
            "eps_growth_year": -20.83,
            "eps_4q": 4.06,
            "eps_4q_growth_year": -7.92,
            "roe": 1.84,
            "roe_4q": 13.860000000000001,
            "gross_profit": 115913,
            "gross_margin": 13.05,
            "gross_margin_4q_avg": 14.94,
            "net_income": 41061,
            "net_income_4q": null,
            "revenue": 888166,
            "revenue_4q": null,
            "common_shares": 725001,
            "book_valuer_per_share": 31.16,
            "book_valuer_per_share_4q_avg": 29.86,
            "equity": 2259314,
            "current_ratio": 327.72,
            "debt_ratio": 29.16,
            "inventory_turnover_ratio": 1.43,
            "account_receivable_turnover_ratio": 1.74,
            "reinvestment_rate": -23.82,
            "research_to_sale_ratio": 1.31,
            "price_fair": 143.59,
            "eps_avg_yearly": 4.1,
            "eps_latest_yearly": 2.28,
            "eps_growth_yearly": 951.26
        },
        "20182": {
            "year_quarter": 20182,
            "year": 2018,
            "quarter": 2,
            "eps": 1.79,
            "eps_growth_year": 34.59,
            "eps_4q": 4.52,
            "eps_4q_growth_year": -3.68,
            "roe": 5.81,
            "roe_4q": 15.02,
            "gross_profit": 135554,
            "gross_margin": 13.08,
            "gross_margin_4q_avg": 14.13,
            "net_income": 129754,
            "net_income_4q": null,
            "revenue": 1036399,
            "revenue_4q": null,
            "common_shares": 725001,
            "book_valuer_per_share": 30.42,
            "book_valuer_per_share_4q_avg": 30.41,
            "equity": 2205213,
            "current_ratio": 263.34,
            "debt_ratio": 36.2,
            "inventory_turnover_ratio": 1.53,
            "account_receivable_turnover_ratio": 1.7,
            "reinvestment_rate": -18.91,
            "research_to_sale_ratio": 1.76,
            "price_fair": 150.5,
            "eps_avg_yearly": 4.3,
            "eps_latest_yearly": 7.16,
            "eps_growth_yearly": 1001.36
        },
        "20183": {
            "year_quarter": 20183,
            "year": 2018,
            "quarter": 3,
            "eps": 1.45,
            "eps_growth_year": 27.19,
            "eps_4q": 4.83,
            "eps_4q_growth_year": 13.02,
            "roe": 4.7,
            "roe_4q": 15.78,
            "gross_profit": 142649,
            "gross_margin": 14.85,
            "gross_margin_4q_avg": 13.98,
            "net_income": 105087,
            "net_income_4q": null,
            "revenue": 960589,
            "revenue_4q": null,
            "common_shares": 725001,
            "book_valuer_per_share": 31.26,
            "book_valuer_per_share_4q_avg": 30.83,
            "equity": 2266649,
            "current_ratio": 321.21,
            "debt_ratio": 29.79,
            "inventory_turnover_ratio": 1.31,
            "account_receivable_turnover_ratio": 1.48,
            "reinvestment_rate": -18.39,
            "research_to_sale_ratio": 1.6,
            "price_fair": 151.99,
            "eps_avg_yearly": 4.34,
            "eps_latest_yearly": 5.8,
            "eps_growth_yearly": 989.61
        },
        "20184": {
            "year_quarter": 20184,
            "year": 2018,
            "quarter": 4,
            "eps": 0.85,
            "eps_growth_year": -17.36,
            "eps_4q": 4.66,
            "eps_4q_growth_year": 12.27,
            "roe": 2.67,
            "roe_4q": 15.02,
            "gross_profit": 114848,
            "gross_margin": 14.55,
            "gross_margin_4q_avg": 13.88,
            "net_income": 61617,
            "net_income_4q": null,
            "revenue": 789447,
            "revenue_4q": null,
            "common_shares": 725001,
            "book_valuer_per_share": 32.3,
            "book_valuer_per_share_4q_avg": 31.29,
            "equity": 2341544,
            "current_ratio": 356.71,
            "debt_ratio": 27.07,
            "inventory_turnover_ratio": 1.02,
            "account_receivable_turnover_ratio": 1.47,
            "reinvestment_rate": -18.39,
            "research_to_sale_ratio": 2.38,
            "price_fair": 151.46,
            "eps_avg_yearly": 4.33,
            "eps_latest_yearly": 3.4,
            "eps_growth_yearly": 986.49
        },
        "20191": {
            "year_quarter": 20191,
            "year": 2019,
            "quarter": 1,
            "eps": 0.77,
            "eps_growth_year": 35.09,
            "eps_4q": 4.85,
            "eps_4q_growth_year": 19.56,
            "roe": 2.33,
            "roe_4q": 15.509999999999998,
            "gross_profit": 100688,
            "gross_margin": 12.58,
            "gross_margin_4q_avg": 13.77,
            "net_income": 55472,
            "net_income_4q": null,
            "revenue": 800319,
            "revenue_4q": null,
            "common_shares": 725001,
            "book_valuer_per_share": 33.47,
            "book_valuer_per_share_4q_avg": 31.86,
            "equity": 2426903,
            "current_ratio": 378.13,
            "debt_ratio": 25.61,
            "inventory_turnover_ratio": 0.99,
            "account_receivable_turnover_ratio": 1.6,
            "reinvestment_rate": -30.89,
            "research_to_sale_ratio": 1.48,
            "price_fair": 150.33,
            "eps_avg_yearly": 4.3,
            "eps_latest_yearly": 3.08,
            "eps_growth_yearly": 984.41
        },
        "20192": {
            "year_quarter": 20192,
            "year": 2019,
            "quarter": 2,
            "eps": 1.64,
            "eps_growth_year": -8.38,
            "eps_4q": 4.7,
            "eps_4q_growth_year": 4.01,
            "roe": 5.02,
            "roe_4q": 14.719999999999999,
            "gross_profit": 163082,
            "gross_margin": 15.06,
            "gross_margin_4q_avg": 14.26,
            "net_income": 118794,
            "net_income_4q": null,
            "revenue": 1082865,
            "revenue_4q": null,
            "common_shares": 725001,
            "book_valuer_per_share": 31.86,
            "book_valuer_per_share_4q_avg": 32.22,
            "equity": 2309500,
            "current_ratio": 289.9,
            "debt_ratio": 33.13,
            "inventory_turnover_ratio": 1.37,
            "account_receivable_turnover_ratio": 1.93,
            "reinvestment_rate": -30.61,
            "research_to_sale_ratio": 1.6,
            "price_fair": 154.96,
            "eps_avg_yearly": 4.43,
            "eps_latest_yearly": 6.56,
            "eps_growth_yearly": 1006.83
        },
        "20193": {
            "year_quarter": 20193,
            "year": 2019,
            "quarter": 3,
            "eps": 1.75,
            "eps_growth_year": 20.69,
            "eps_4q": 5,
            "eps_4q_growth_year": 3.53,
            "roe": 5.39,
            "roe_4q": 15.41,
            "gross_profit": 192598,
            "gross_margin": 18.42,
            "gross_margin_4q_avg": 15.15,
            "net_income": 126967,
            "net_income_4q": null,
            "revenue": 1045637,
            "revenue_4q": null,
            "common_shares": 725001,
            "book_valuer_per_share": 33.07,
            "book_valuer_per_share_4q_avg": 32.68,
            "equity": 2397807,
            "current_ratio": 338.57,
            "debt_ratio": 28.7,
            "inventory_turnover_ratio": 1.46,
            "account_receivable_turnover_ratio": 1.65,
            "reinvestment_rate": -26.25,
            "research_to_sale_ratio": 1.99,
            "price_fair": 158.03,
            "eps_avg_yearly": 4.52,
            "eps_latest_yearly": 7,
            "eps_growth_yearly": 1001.97
        },
        "20194": {
            "year_quarter": 20194,
            "year": 2019,
            "quarter": 4,
            "eps": 0.78,
            "eps_growth_year": -8.13,
            "eps_4q": 4.94,
            "eps_4q_growth_year": 6.02,
            "roe": 2.36,
            "roe_4q": 15.1,
            "gross_profit": 127620,
            "gross_margin": 14.52,
            "gross_margin_4q_avg": 15.15,
            "net_income": 56610,
            "net_income_4q": null,
            "revenue": 879231,
            "revenue_4q": null,
            "common_shares": 725001,
            "book_valuer_per_share": 33.17,
            "book_valuer_per_share_4q_avg": 32.89,
            "equity": 2405105,
            "current_ratio": 393.42,
            "debt_ratio": 25.18,
            "inventory_turnover_ratio": 1.54,
            "account_receivable_turnover_ratio": 1.56,
            "reinvestment_rate": -20.94,
            "research_to_sale_ratio": 1.45,
            "price_fair": 159.51,
            "eps_avg_yearly": 4.56,
            "eps_latest_yearly": 3.12,
            "eps_growth_yearly": 1002.22
        },
        "20201": {
            "year_quarter": 20201,
            "year": 2020,
            "quarter": 1,
            "eps": 1.23,
            "eps_growth_year": 59.74,
            "eps_4q": 5.4,
            "eps_4q_growth_year": 11.25,
            "roe": 3.64,
            "roe_4q": 16.41,
            "gross_profit": 120861,
            "gross_margin": 15.24,
            "gross_margin_4q_avg": 15.81,
            "net_income": 89137,
            "net_income_4q": null,
            "revenue": 793294,
            "revenue_4q": null,
            "common_shares": 725001,
            "book_valuer_per_share": 34.35,
            "book_valuer_per_share_4q_avg": 33.11,
            "equity": 2490095,
            "current_ratio": 372.1,
            "debt_ratio": 26.71,
            "inventory_turnover_ratio": 1.56,
            "account_receivable_turnover_ratio": 1.64,
            "reinvestment_rate": -17.22,
            "research_to_sale_ratio": 1.64,
            "price_fair": 170.01,
            "eps_avg_yearly": 4.86,
            "eps_latest_yearly": 4.92,
            "eps_growth_yearly": 1040.42
        },
        "20202": {
            "year_quarter": 20202,
            "year": 2020,
            "quarter": 2,
            "eps": 1.4,
            "eps_growth_year": -14.63,
            "eps_4q": 5.16,
            "eps_4q_growth_year": 9.77,
            "roe": 4.23,
            "roe_4q": 15.620000000000001,
            "gross_profit": 182062,
            "gross_margin": 17.97,
            "gross_margin_4q_avg": 16.54,
            "net_income": 101568,
            "net_income_4q": null,
            "revenue": 1013354,
            "revenue_4q": null,
            "common_shares": 725001,
            "book_valuer_per_share": 31.93,
            "book_valuer_per_share_4q_avg": 33.13,
            "equity": 2314652,
            "current_ratio": 274.87,
            "debt_ratio": 35.8,
            "inventory_turnover_ratio": 1.92,
            "account_receivable_turnover_ratio": 1.86,
            "reinvestment_rate": -15.06,
            "research_to_sale_ratio": 1.54,
            "price_fair": 171.76,
            "eps_avg_yearly": 4.91,
            "eps_latest_yearly": 5.6,
            "eps_growth_yearly": 68.87
        },
        "20203": {
            "year_quarter": 20203,
            "year": 2020,
            "quarter": 3,
            "eps": 1.39,
            "eps_growth_year": -20.57,
            "eps_4q": 4.8,
            "eps_4q_growth_year": -4.12,
            "roe": 4.24,
            "roe_4q": 14.47,
            "gross_profit": 206700,
            "gross_margin": 19.14,
            "gross_margin_4q_avg": 16.72,
            "net_income": 100580,
            "net_income_4q": null,
            "revenue": 1079974,
            "revenue_4q": null,
            "common_shares": 725001,
            "book_valuer_per_share": 33.5,
            "book_valuer_per_share_4q_avg": 33.24,
            "equity": 2429085,
            "current_ratio": 324.93,
            "debt_ratio": 30.56,
            "inventory_turnover_ratio": 1.92,
            "account_receivable_turnover_ratio": 1.7,
            "reinvestment_rate": -12.32,
            "research_to_sale_ratio": 1.47,
            "price_fair": 168,
            "eps_avg_yearly": 4.8,
            "eps_latest_yearly": 5.56,
            "eps_growth_yearly": 55.78
        },
        "20204": {
            "year_quarter": 20204,
            "year": 2020,
            "quarter": 4,
            "eps": 1.14,
            "eps_growth_year": 46.56,
            "eps_4q": 5.16,
            "eps_4q_growth_year": 4.58,
            "roe": 3.35,
            "roe_4q": 15.46,
            "gross_profit": 197312,
            "gross_margin": 17.89,
            "gross_margin_4q_avg": 17.56,
            "net_income": 82965,
            "net_income_4q": null,
            "revenue": 1102757,
            "revenue_4q": null,
            "common_shares": 725001,
            "book_valuer_per_share": 34.84,
            "book_valuer_per_share_4q_avg": 33.66,
            "equity": 2526215,
            "current_ratio": 318.9,
            "debt_ratio": 31.03,
            "inventory_turnover_ratio": 1.94,
            "account_receivable_turnover_ratio": 1.76,
            "reinvestment_rate": -8.54,
            "research_to_sale_ratio": 1.5,
            "price_fair": 166.08,
            "eps_avg_yearly": 4.75,
            "eps_latest_yearly": 4.56,
            "eps_growth_yearly": 57.6
        },
        "20211": {
            "year_quarter": 20211,
            "year": 2021,
            "quarter": 1,
            "eps": 1.28,
            "eps_growth_year": 4.06,
            "eps_4q": 5.21,
            "eps_4q_growth_year": -3.46,
            "roe": 3.61,
            "roe_4q": 15.43,
            "gross_profit": 153738,
            "gross_margin": 15.07,
            "gross_margin_4q_avg": 17.52,
            "net_income": 92835,
            "net_income_4q": null,
            "revenue": 1020213,
            "revenue_4q": null,
            "common_shares": 725001,
            "book_valuer_per_share": 36.04,
            "book_valuer_per_share_4q_avg": 34.08,
            "equity": 2612884,
            "current_ratio": 319.68,
            "debt_ratio": 31.02,
            "inventory_turnover_ratio": 1.78,
            "account_receivable_turnover_ratio": 1.8,
            "reinvestment_rate": -4.67,
            "research_to_sale_ratio": 1.42,
            "price_fair": 170.98,
            "eps_avg_yearly": 4.89,
            "eps_latest_yearly": 5.12,
            "eps_growth_yearly": 72.43
        },
        "20212": {
            "year_quarter": 20212,
            "year": 2021,
            "quarter": 2,
            "eps": 1.7,
            "eps_growth_year": 21.43,
            "eps_4q": 5.51,
            "eps_4q_growth_year": 6.72,
            "roe": 4.63,
            "roe_4q": 15.83,
            "gross_profit": 206294,
            "gross_margin": 19.34,
            "gross_margin_4q_avg": 17.86,
            "net_income": 123049,
            "net_income_4q": null,
            "revenue": 1066722,
            "revenue_4q": null,
            "common_shares": 725001,
            "book_valuer_per_share": 37.34,
            "book_valuer_per_share_4q_avg": 35.43,
            "equity": 2707019,
            "current_ratio": 317.28,
            "debt_ratio": 30.95,
            "inventory_turnover_ratio": 1.54,
            "account_receivable_turnover_ratio": 1.78,
            "reinvestment_rate": -1.16,
            "research_to_sale_ratio": 1.69,
            "price_fair": 174.21,
            "eps_avg_yearly": 4.98,
            "eps_latest_yearly": 6.8,
            "eps_growth_yearly": 59.46
        },
        "20213": {
            "year_quarter": 20213,
            "year": 2021,
            "quarter": 3,
            "eps": 1.7,
            "eps_growth_year": 22.3,
            "eps_4q": 5.82,
            "eps_4q_growth_year": 21.31,
            "roe": 4.67,
            "roe_4q": 16.26,
            "gross_profit": 198866,
            "gross_margin": 16.79,
            "gross_margin_4q_avg": 17.27,
            "net_income": 123177,
            "net_income_4q": null,
            "revenue": 1184470,
            "revenue_4q": null,
            "common_shares": 725001,
            "book_valuer_per_share": 35.45,
            "book_valuer_per_share_4q_avg": 35.92,
            "equity": 2569855,
            "current_ratio": 285.95,
            "debt_ratio": 33.52,
            "inventory_turnover_ratio": 1.63,
            "account_receivable_turnover_ratio": 1.85,
            "reinvestment_rate": 4.93,
            "research_to_sale_ratio": 1.49,
            "price_fair": 179.11,
            "eps_avg_yearly": 5.12,
            "eps_latest_yearly": 6.8,
            "eps_growth_yearly": 63.03
        },
        "20214": {
            "year_quarter": 20214,
            "year": 2021,
            "quarter": 4,
            "eps": 1.19,
            "eps_growth_year": 4.17,
            "eps_4q": 5.87,
            "eps_4q_growth_year": 13.69,
            "roe": 3.3,
            "roe_4q": 16.21,
            "gross_profit": 149065,
            "gross_margin": 16.2,
            "gross_margin_4q_avg": 16.85,
            "net_income": 86422,
            "net_income_4q": null,
            "revenue": 919946,
            "revenue_4q": null,
            "common_shares": 725001,
            "book_valuer_per_share": 36.79,
            "book_valuer_per_share_4q_avg": 36.41,
            "equity": 2667067,
            "current_ratio": 329.07,
            "debt_ratio": 29.77,
            "inventory_turnover_ratio": 1.23,
            "account_receivable_turnover_ratio": 1.55,
            "reinvestment_rate": 6.72,
            "research_to_sale_ratio": 1.92,
            "price_fair": 180.51,
            "eps_avg_yearly": 5.16,
            "eps_latest_yearly": 4.76,
            "eps_growth_yearly": 57.94
        },
        "20221": {
            "year_quarter": 20221,
            "year": 2022,
            "quarter": 1,
            "eps": 1.73,
            "eps_growth_year": 35.16,
            "eps_4q": 6.32,
            "eps_4q_growth_year": 21.14,
            "roe": 4.51,
            "roe_4q": 17.11,
            "gross_profit": 154534,
            "gross_margin": 15.26,
            "gross_margin_4q_avg": 16.9,
            "net_income": 125196,
            "net_income_4q": null,
            "revenue": 1012429,
            "revenue_4q": null,
            "common_shares": 725001,
            "book_valuer_per_share": 39.75,
            "book_valuer_per_share_4q_avg": 37.33,
            "equity": 2881738,
            "current_ratio": 349.32,
            "debt_ratio": 28.31,
            "inventory_turnover_ratio": 1.36,
            "account_receivable_turnover_ratio": 1.61,
            "reinvestment_rate": 6.54,
            "research_to_sale_ratio": 1.67,
            "price_fair": 190.66,
            "eps_avg_yearly": 5.45,
            "eps_latest_yearly": 6.92,
            "eps_growth_yearly": 80.45
        },
        "20222": {
            "year_quarter": 20222,
            "year": 2022,
            "quarter": 2,
            "eps": 2.34,
            "eps_growth_year": 37.65,
            "eps_4q": 6.96,
            "eps_4q_growth_year": 26.3,
            "roe": 6.03,
            "roe_4q": 18.509999999999998,
            "gross_profit": 194357,
            "gross_margin": 18.6,
            "gross_margin_4q_avg": 16.71,
            "net_income": 169690,
            "net_income_4q": null,
            "revenue": 1044796,
            "revenue_4q": null,
            "common_shares": 725001,
            "book_valuer_per_share": 37.87,
            "book_valuer_per_share_4q_avg": 37.47,
            "equity": 2745322,
            "current_ratio": 276.8,
            "debt_ratio": 35.37,
            "inventory_turnover_ratio": 1.38,
            "account_receivable_turnover_ratio": 1.56,
            "reinvestment_rate": 4.71,
            "research_to_sale_ratio": 1.87,
            "price_fair": 195.48,
            "eps_avg_yearly": 5.59,
            "eps_latest_yearly": 9.36,
            "eps_growth_yearly": 35.76
        },
        "20223": {
            "year_quarter": 20223,
            "year": 2022,
            "quarter": 3,
            "eps": 2.35,
            "eps_growth_year": 38.24,
            "eps_4q": 7.61,
            "eps_4q_growth_year": 30.65,
            "roe": 5.93,
            "roe_4q": 19.77,
            "gross_profit": 200829,
            "gross_margin": 18.61,
            "gross_margin_4q_avg": 17.17,
            "net_income": 170059,
            "net_income_4q": null,
            "revenue": 1078927,
            "revenue_4q": null,
            "common_shares": 725001,
            "book_valuer_per_share": 41.3,
            "book_valuer_per_share_4q_avg": 38.93,
            "equity": 2994097,
            "current_ratio": 346.73,
            "debt_ratio": 29.11,
            "inventory_turnover_ratio": 1.34,
            "account_receivable_turnover_ratio": 1.59,
            "reinvestment_rate": 5.38,
            "research_to_sale_ratio": 1.8,
            "price_fair": 203.35,
            "eps_avg_yearly": 5.81,
            "eps_latest_yearly": 9.4,
            "eps_growth_yearly": 40.61
        },
        "20224": {
            "year_quarter": 20224,
            "year": 2022,
            "quarter": 4,
            "eps": 1.57,
            "eps_growth_year": 31.66,
            "eps_4q": 7.98,
            "eps_4q_growth_year": 36.02,
            "roe": 3.76,
            "roe_4q": 20.229999999999997,
            "gross_profit": 212674,
            "gross_margin": 18.38,
            "gross_margin_4q_avg": 17.71,
            "net_income": 113781,
            "net_income_4q": null,
            "revenue": 1157098,
            "revenue_4q": null,
            "common_shares": 725001,
            "book_valuer_per_share": 42.11,
            "book_valuer_per_share_4q_avg": 40.26,
            "equity": 3052860,
            "current_ratio": 392.15,
            "debt_ratio": 26.09,
            "inventory_turnover_ratio": 1.6,
            "account_receivable_turnover_ratio": 1.59,
            "reinvestment_rate": 4.46,
            "research_to_sale_ratio": 1.54,
            "price_fair": 209.65,
            "eps_avg_yearly": 5.99,
            "eps_latest_yearly": 6.28,
            "eps_growth_yearly": 42.66
        },
        "20231": {
            "year_quarter": 20231,
            "year": 2023,
            "quarter": 1,
            "eps": 1.19,
            "eps_growth_year": -31.21,
            "eps_4q": 7.45,
            "eps_4q_growth_year": 17.91,
            "roe": 2.99,
            "roe_4q": 18.71,
            "gross_profit": 143573,
            "gross_margin": 16.34,
            "gross_margin_4q_avg": 17.98,
            "net_income": 86322,
            "net_income_4q": null,
            "revenue": 878520,
            "revenue_4q": null,
            "common_shares": 725001,
            "book_valuer_per_share": 37.5,
            "book_valuer_per_share_4q_avg": 39.7,
            "equity": 2718615,
            "current_ratio": 270.55,
            "debt_ratio": 36.95,
            "inventory_turnover_ratio": 1.38,
            "account_receivable_turnover_ratio": 1.31,
            "reinvestment_rate": 3.67,
            "research_to_sale_ratio": 1.86,
            "price_fair": 213.33,
            "eps_avg_yearly": 6.1,
            "eps_latest_yearly": 4.76,
            "eps_growth_yearly": 38.96
        },
        "20232": {
            "year_quarter": 20232,
            "year": 2023,
            "quarter": 2,
            "eps": 2.12,
            "eps_growth_year": -9.4,
            "eps_4q": 7.23,
            "eps_4q_growth_year": 3.88,
            "roe": 5.53,
            "roe_4q": 18.21,
            "gross_profit": 179984,
            "gross_margin": 17.87,
            "gross_margin_4q_avg": 17.8,
            "net_income": 153918,
            "net_income_4q": null,
            "revenue": 1007347,
            "revenue_4q": null,
            "common_shares": 725001,
            "book_valuer_per_share": 39.25,
            "book_valuer_per_share_4q_avg": 40.04,
            "equity": 2845559,
            "current_ratio": 275.02,
            "debt_ratio": 36.23,
            "inventory_turnover_ratio": 1.45,
            "account_receivable_turnover_ratio": 1.65,
            "reinvestment_rate": 3.65,
            "research_to_sale_ratio": 1.72,
            "price_fair": 217.53,
            "eps_avg_yearly": 6.22,
            "eps_latest_yearly": 8.48,
            "eps_growth_yearly": 30.25
        },
        "20233": {
            "year_quarter": 20233,
            "year": 2023,
            "quarter": 3,
            "eps": 1.51,
            "eps_growth_year": -35.74,
            "eps_4q": 6.4,
            "eps_4q_growth_year": -15.89,
            "roe": 3.71,
            "roe_4q": 15.99,
            "gross_profit": 146808,
            "gross_margin": 17.45,
            "gross_margin_4q_avg": 17.51,
            "net_income": 109721,
            "net_income_4q": null,
            "revenue": 841446,
            "revenue_4q": null,
            "common_shares": 725001,
            "book_valuer_per_share": 42.29,
            "book_valuer_per_share_4q_avg": 40.29,
            "equity": 3065866,
            "current_ratio": 418.16,
            "debt_ratio": 24.71,
            "inventory_turnover_ratio": 1.13,
            "account_receivable_turnover_ratio": 1.48,
            "reinvestment_rate": 1.76,
            "research_to_sale_ratio": 1.94,
            "price_fair": 193.15,
            "eps_avg_yearly": 6.16,
            "eps_latest_yearly": 6.04,
            "eps_growth_yearly": 21.38
        }
    },
    "months": {
        "2010-11": {
            "month": "2010-11",
            "price": "35.29",
            "revenue": 314159
        },
        "2010-12": {
            "month": "2010-12",
            "price": "35.70",
            "revenue": 279924
        },
        "2011-01": {
            "month": "2011-01",
            "price": "35.23",
            "revenue": 252845
        },
        "2011-02": {
            "month": "2011-02",
            "price": "35.40",
            "revenue": 213688
        },
        "2011-03": {
            "month": "2011-03",
            "price": "31.83",
            "revenue": 285113
        },
        "2011-04": {
            "month": "2011-04",
            "price": "32.07",
            "revenue": 279873
        },
        "2011-05": {
            "month": "2011-05",
            "price": "34.22",
            "revenue": 276180
        },
        "2011-06": {
            "month": "2011-06",
            "price": "32.85",
            "revenue": 288862
        },
        "2011-07": {
            "month": "2011-07",
            "price": "29.78",
            "revenue": 302506
        },
        "2011-08": {
            "month": "2011-08",
            "price": "29.00",
            "revenue": 308056
        },
        "2011-09": {
            "month": "2011-09",
            "price": "26.04",
            "revenue": 294078
        },
        "2011-10": {
            "month": "2011-10",
            "price": "24.92",
            "revenue": 235057
        },
        "2011-11": {
            "month": "2011-11",
            "price": "25.08",
            "revenue": 275839
        },
        "2011-12": {
            "month": "2011-12",
            "price": "22.61",
            "revenue": 246141
        },
        "2012-01": {
            "month": "2012-01",
            "price": "23.63",
            "revenue": 193400
        },
        "2012-02": {
            "month": "2012-02",
            "price": "30.68",
            "revenue": 322070
        },
        "2012-03": {
            "month": "2012-03",
            "price": "35.00",
            "revenue": 333388
        },
        "2012-04": {
            "month": "2012-04",
            "price": "32.18",
            "revenue": 332191
        },
        "2012-05": {
            "month": "2012-05",
            "price": "32.71",
            "revenue": 389880
        },
        "2012-06": {
            "month": "2012-06",
            "price": "33.29",
            "revenue": 325704
        },
        "2012-07": {
            "month": "2012-07",
            "price": "34.65",
            "revenue": 379677
        },
        "2012-08": {
            "month": "2012-08",
            "price": "35.54",
            "revenue": 353401
        },
        "2012-09": {
            "month": "2012-09",
            "price": "37.02",
            "revenue": 298858
        },
        "2012-10": {
            "month": "2012-10",
            "price": "32.37",
            "revenue": 279451
        },
        "2012-11": {
            "month": "2012-11",
            "price": "30.11",
            "revenue": 209776
        },
        "2012-12": {
            "month": "2012-12",
            "price": "29.98",
            "revenue": 216017
        },
        "2013-01": {
            "month": "2013-01",
            "price": "31.70",
            "revenue": 248943
        },
        "2013-02": {
            "month": "2013-02",
            "price": "33.02",
            "revenue": 132855
        },
        "2013-03": {
            "month": "2013-03",
            "price": "32.77",
            "revenue": 261586
        },
        "2013-04": {
            "month": "2013-04",
            "price": "32.13",
            "revenue": 281375
        },
        "2013-05": {
            "month": "2013-05",
            "price": "31.28",
            "revenue": 309308
        },
        "2013-06": {
            "month": "2013-06",
            "price": "34.25",
            "revenue": 347077
        },
        "2013-07": {
            "month": "2013-07",
            "price": "47.38",
            "revenue": 354135
        },
        "2013-08": {
            "month": "2013-08",
            "price": "42.43",
            "revenue": 342858
        },
        "2013-09": {
            "month": "2013-09",
            "price": "39.96",
            "revenue": 353762
        },
        "2013-10": {
            "month": "2013-10",
            "price": "40.48",
            "revenue": 285993
        },
        "2013-11": {
            "month": "2013-11",
            "price": "40.95",
            "revenue": 266468
        },
        "2013-12": {
            "month": "2013-12",
            "price": "41.80",
            "revenue": 289718
        },
        "2014-01": {
            "month": "2014-01",
            "price": "45.31",
            "revenue": 267504
        },
        "2014-02": {
            "month": "2014-02",
            "price": "44.34",
            "revenue": 228992
        },
        "2014-03": {
            "month": "2014-03",
            "price": "45.25",
            "revenue": 277624
        },
        "2014-04": {
            "month": "2014-04",
            "price": "47.91",
            "revenue": 271856
        },
        "2014-05": {
            "month": "2014-05",
            "price": "46.99",
            "revenue": 307661
        },
        "2014-06": {
            "month": "2014-06",
            "price": "46.93",
            "revenue": 317663
        },
        "2014-07": {
            "month": "2014-07",
            "price": "45.70",
            "revenue": 327014
        },
        "2014-08": {
            "month": "2014-08",
            "price": "42.53",
            "revenue": 281994
        },
        "2014-09": {
            "month": "2014-09",
            "price": "42.02",
            "revenue": 280011
        },
        "2014-10": {
            "month": "2014-10",
            "price": "37.72",
            "revenue": 238203
        },
        "2014-11": {
            "month": "2014-11",
            "price": "39.42",
            "revenue": 265062
        },
        "2014-12": {
            "month": "2014-12",
            "price": "39.90",
            "revenue": 228763
        },
        "2015-01": {
            "month": "2015-01",
            "price": "40.26",
            "revenue": 383603
        },
        "2015-02": {
            "month": "2015-02",
            "price": "46.43",
            "revenue": 200377
        },
        "2015-03": {
            "month": "2015-03",
            "price": "46.13",
            "revenue": 316355
        },
        "2015-04": {
            "month": "2015-04",
            "price": "45.84",
            "revenue": 359958
        },
        "2015-05": {
            "month": "2015-05",
            "price": "45.37",
            "revenue": 386169
        },
        "2015-06": {
            "month": "2015-06",
            "price": "47.60",
            "revenue": 263349
        },
        "2015-07": {
            "month": "2015-07",
            "price": "40.58",
            "revenue": 341029
        },
        "2015-08": {
            "month": "2015-08",
            "price": "37.02",
            "revenue": 306351
        },
        "2015-09": {
            "month": "2015-09",
            "price": "37.56",
            "revenue": 284655
        },
        "2015-10": {
            "month": "2015-10",
            "price": "39.35",
            "revenue": 273381
        },
        "2015-11": {
            "month": "2015-11",
            "price": "40.78",
            "revenue": 209596
        },
        "2015-12": {
            "month": "2015-12",
            "price": "37.74",
            "revenue": 266237
        },
        "2016-01": {
            "month": "2016-01",
            "price": "36.23",
            "revenue": 194255
        },
        "2016-02": {
            "month": "2016-02",
            "price": "36.14",
            "revenue": 81198
        },
        "2016-03": {
            "month": "2016-03",
            "price": "35.92",
            "revenue": 192556
        },
        "2016-04": {
            "month": "2016-04",
            "price": "33.53",
            "revenue": 215650
        },
        "2016-05": {
            "month": "2016-05",
            "price": "28.53",
            "revenue": 309731
        },
        "2016-06": {
            "month": "2016-06",
            "price": "29.88",
            "revenue": 348884
        },
        "2016-07": {
            "month": "2016-07",
            "price": "31.56",
            "revenue": 376324
        },
        "2016-08": {
            "month": "2016-08",
            "price": "33.55",
            "revenue": 356011
        },
        "2016-09": {
            "month": "2016-09",
            "price": "33.39",
            "revenue": 330169
        },
        "2016-10": {
            "month": "2016-10",
            "price": "32.94",
            "revenue": 260938
        },
        "2016-11": {
            "month": "2016-11",
            "price": "33.70",
            "revenue": 250266
        },
        "2016-12": {
            "month": "2016-12",
            "price": "34.02",
            "revenue": 262058
        },
        "2017-01": {
            "month": "2017-01",
            "price": "36.95",
            "revenue": 248724
        },
        "2017-02": {
            "month": "2017-02",
            "price": "42.33",
            "revenue": 221863
        },
        "2017-03": {
            "month": "2017-03",
            "price": "44.80",
            "revenue": 264277
        },
        "2017-04": {
            "month": "2017-04",
            "price": "45.08",
            "revenue": 289513
        },
        "2017-05": {
            "month": "2017-05",
            "price": "47.20",
            "revenue": 391976
        },
        "2017-06": {
            "month": "2017-06",
            "price": "50.76",
            "revenue": 342299
        },
        "2017-07": {
            "month": "2017-07",
            "price": "47.73",
            "revenue": 350752
        },
        "2017-08": {
            "month": "2017-08",
            "price": "53.26",
            "revenue": 313495
        },
        "2017-09": {
            "month": "2017-09",
            "price": "56.78",
            "revenue": 300547
        },
        "2017-10": {
            "month": "2017-10",
            "price": "49.96",
            "revenue": 305934
        },
        "2017-11": {
            "month": "2017-11",
            "price": "50.54",
            "revenue": 330928
        },
        "2017-12": {
            "month": "2017-12",
            "price": "48.24",
            "revenue": 292676
        },
        "2018-01": {
            "month": "2018-01",
            "price": "48.47",
            "revenue": 350106
        },
        "2018-02": {
            "month": "2018-02",
            "price": "49.75",
            "revenue": 207384
        },
        "2018-03": {
            "month": "2018-03",
            "price": "49.25",
            "revenue": 330676
        },
        "2018-04": {
            "month": "2018-04",
            "price": "48.74",
            "revenue": 296204
        },
        "2018-05": {
            "month": "2018-05",
            "price": "44.52",
            "revenue": 333743
        },
        "2018-06": {
            "month": "2018-06",
            "price": "44.68",
            "revenue": 406452
        },
        "2018-07": {
            "month": "2018-07",
            "price": "44.27",
            "revenue": 342234
        },
        "2018-08": {
            "month": "2018-08",
            "price": "43.99",
            "revenue": 360812
        },
        "2018-09": {
            "month": "2018-09",
            "price": "42.10",
            "revenue": 257543
        },
        "2018-10": {
            "month": "2018-10",
            "price": "36.63",
            "revenue": 211066
        },
        "2018-11": {
            "month": "2018-11",
            "price": "36.74",
            "revenue": 280078
        },
        "2018-12": {
            "month": "2018-12",
            "price": "38.00",
            "revenue": 298304
        },
        "2019-01": {
            "month": "2019-01",
            "price": "39.78",
            "revenue": 248739
        },
        "2019-02": {
            "month": "2019-02",
            "price": "41.04",
            "revenue": 273130
        },
        "2019-03": {
            "month": "2019-03",
            "price": "45.38",
            "revenue": 278451
        },
        "2019-04": {
            "month": "2019-04",
            "price": "46.11",
            "revenue": 364999
        },
        "2019-05": {
            "month": "2019-05",
            "price": "44.25",
            "revenue": 357658
        },
        "2019-06": {
            "month": "2019-06",
            "price": "44.67",
            "revenue": 360207
        },
        "2019-07": {
            "month": "2019-07",
            "price": "43.38",
            "revenue": 358866
        },
        "2019-08": {
            "month": "2019-08",
            "price": "45.35",
            "revenue": 358985
        },
        "2019-09": {
            "month": "2019-09",
            "price": "46.77",
            "revenue": 327786
        },
        "2019-10": {
            "month": "2019-10",
            "price": "47.51",
            "revenue": 289246
        },
        "2019-11": {
            "month": "2019-11",
            "price": "54.60",
            "revenue": 316307
        },
        "2019-12": {
            "month": "2019-12",
            "price": "55.63",
            "revenue": 273678
        },
        "2020-01": {
            "month": "2020-01",
            "price": "58.99",
            "revenue": 286410
        },
        "2020-02": {
            "month": "2020-02",
            "price": "55.76",
            "revenue": 200821
        },
        "2020-03": {
            "month": "2020-03",
            "price": "47.73",
            "revenue": 306062
        },
        "2020-04": {
            "month": "2020-04",
            "price": "49.36",
            "revenue": 312714
        },
        "2020-05": {
            "month": "2020-05",
            "price": "53.52",
            "revenue": 331330
        },
        "2020-06": {
            "month": "2020-06",
            "price": "55.17",
            "revenue": 369310
        },
        "2020-07": {
            "month": "2020-07",
            "price": "53.91",
            "revenue": 371887
        },
        "2020-08": {
            "month": "2020-08",
            "price": "53.66",
            "revenue": 345223
        },
        "2020-09": {
            "month": "2020-09",
            "price": "52.07",
            "revenue": 362863
        },
        "2020-10": {
            "month": "2020-10",
            "price": "51.41",
            "revenue": 365295
        },
        "2020-11": {
            "month": "2020-11",
            "price": "52.72",
            "revenue": 337718
        },
        "2020-12": {
            "month": "2020-12",
            "price": "53.32",
            "revenue": 399744
        },
        "2021-01": {
            "month": "2021-01",
            "price": "54.44",
            "revenue": 413245
        },
        "2021-02": {
            "month": "2021-02",
            "price": "57.58",
            "revenue": 233980
        },
        "2021-03": {
            "month": "2021-03",
            "price": "57.26",
            "revenue": 372988
        },
        "2021-04": {
            "month": "2021-04",
            "price": "58.41",
            "revenue": 337493
        },
        "2021-05": {
            "month": "2021-05",
            "price": "53.21",
            "revenue": 343384
        },
        "2021-06": {
            "month": "2021-06",
            "price": "55.76",
            "revenue": 385846
        },
        "2021-07": {
            "month": "2021-07",
            "price": "59.24",
            "revenue": 415699
        },
        "2021-08": {
            "month": "2021-08",
            "price": "59.01",
            "revenue": 418105
        },
        "2021-09": {
            "month": "2021-09",
            "price": "57.26",
            "revenue": 350665
        },
        "2021-10": {
            "month": "2021-10",
            "price": "54.00",
            "revenue": 215526
        },
        "2021-11": {
            "month": "2021-11",
            "price": "53.80",
            "revenue": 331618
        },
        "2021-12": {
            "month": "2021-12",
            "price": "53.99",
            "revenue": 372801
        },
        "2022-01": {
            "month": "2022-01",
            "price": "55.50",
            "revenue": 260702
        },
        "2022-02": {
            "month": "2022-02",
            "price": "55.17",
            "revenue": 265736
        },
        "2022-03": {
            "month": "2022-03",
            "price": "56.18",
            "revenue": 485992
        },
        "2022-04": {
            "month": "2022-04",
            "price": "57.06",
            "revenue": 294599
        },
        "2022-05": {
            "month": "2022-05",
            "price": "56.02",
            "revenue": 373905
        },
        "2022-06": {
            "month": "2022-06",
            "price": "55.51",
            "revenue": 376292
        },
        "2022-07": {
            "month": "2022-07",
            "price": "50.72",
            "revenue": 308528
        },
        "2022-08": {
            "month": "2022-08",
            "price": "55.67",
            "revenue": 348147
        },
        "2022-09": {
            "month": "2022-09",
            "price": "55.05",
            "revenue": 422252
        },
        "2022-10": {
            "month": "2022-10",
            "price": "53.28",
            "revenue": 315371
        },
        "2022-11": {
            "month": "2022-11",
            "price": "56.17",
            "revenue": 398758
        },
        "2022-12": {
            "month": "2022-12",
            "price": "57.26",
            "revenue": 442969
        },
        "2023-01": {
            "month": "2023-01",
            "price": "63.38",
            "revenue": 226985
        },
        "2023-02": {
            "month": "2023-02",
            "price": "65.27",
            "revenue": 284946
        },
        "2023-03": {
            "month": "2023-03",
            "price": "70.68",
            "revenue": 366588
        },
        "2023-04": {
            "month": "2023-04",
            "price": "69.58",
            "revenue": 324202
        },
        "2023-05": {
            "month": "2023-05",
            "price": "68.35",
            "revenue": 364025
        },
        "2023-06": {
            "month": "2023-06",
            "price": "67.95",
            "revenue": 319120
        },
        "2023-07": {
            "month": "2023-07",
            "price": "65.09",
            "revenue": 348827
        },
        "2023-08": {
            "month": "2023-08",
            "price": "67.93",
            "revenue": 253201
        },
        "2023-09": {
            "month": "2023-09",
            "price": "67.93",
            "revenue": 239419
        },
        "2023-10": {
            "month": "2023-10",
            "price": "65.17",
            "revenue": 274662
        },
        "2023-11": {
            "month": "2023-11",
            "price": "65.98",
            "revenue": 244305
        },
        "2023-12": {
            "month": "2023-12",
            "price": "66.55",
            "revenue": 292804
        }
    }
}
