{
    "summary": {
        "stock_name": "佳凌",
        "stock_id": "4976",
        "category": "光電",
        "main_business": "車載.相機.安控.視訊.行動穿戴.工業.辨識.醫療等鏡頭開發製作。<br>各類塑膠成型機構部品開發及製作。<br>精密模具.研磨皿.傘具.計測具.組裝等。",
        "website_url": "http://www.calin.com.tw",
        "ceo": "謝鶴年",
        "pe_ratio": -23,
        "report_year_from": 2010,
        "report_year_to": 2023,
        "age": 14,
        "eps_negative_percentage": 54,
        "eps_growth_avg": {
            "last_all": -22.82,
            "last_2y": -100,
            "last_4y": -100,
            "last_8y": -33.33,
            "last_12y": null,
            "last_16y": null,
            "last_20y": null,
            "at_2006_last_3y": null,
            "at_2007_last_3y": null,
            "at_2008_last_3y": null,
            "at_2009_last_3y": null,
            "at_2010_last_3y": null,
            "at_2011_last_3y": null,
            "at_2012_last_3y": null,
            "at_2013_last_3y": null,
            "at_2014_last_3y": null,
            "at_2015_last_3y": -12.3,
            "at_2016_last_3y": -68.45,
            "at_2017_last_3y": -100,
            "at_2018_last_3y": 100,
            "at_2019_last_3y": 0,
            "at_2020_last_3y": 0,
            "at_2021_last_3y": 0,
            "at_2022_last_3y": -100,
            "at_2023_last_3y": -100,
            "at_2024_last_3y": -100,
            "at_2006_last_all": null,
            "at_2007_last_all": null,
            "at_2008_last_all": null,
            "at_2009_last_all": null,
            "at_2010_last_all": null,
            "at_2011_last_all": null,
            "at_2012_last_all": null,
            "at_2013_last_all": 31.55,
            "at_2014_last_all": -12.3,
            "at_2015_last_all": -12.3,
            "at_2016_last_all": -12.3,
            "at_2017_last_all": -12.3,
            "at_2018_last_all": 15.77,
            "at_2019_last_all": -7.38,
            "at_2020_last_all": -7.38,
            "at_2021_last_all": -7.38,
            "at_2022_last_all": -22.82,
            "at_2023_last_all": -22.82,
            "at_2024_last_all": -22.82
        },
        "latest_eps": -1.73,
        "latest_price": 40.15,
        "latest_roe": -8.75,
        "latest_gross_margin": -13.85,
        "latest_equity": 2641900,
        "latest_revenue": 217180,
        "latest_gross_profit": -30069,
        "latest_net_income": -29341,
        "latest_debt_ratio": 18.86,
        "latest_current_ratio": 648.56,
        "latest_account_receivable_turnover_ratio": 1.08,
        "latest_inventory_turnover_ratio": 0.51,
        "latest_reinvestment_rate": null,
        "latest_research_to_sale_ratio": 4.59
    },
    "eps_dividends": {
        "2001": {
            "cash": 0,
            "stock": 0,
            "eps": 0
        },
        "2002": {
            "cash": 0,
            "stock": 0,
            "eps": 0
        },
        "2003": {
            "cash": 0,
            "stock": 0,
            "eps": 0
        },
        "2004": {
            "cash": 0,
            "stock": 0,
            "eps": 0
        },
        "2005": {
            "cash": 0,
            "stock": 0,
            "eps": 0
        },
        "2006": {
            "cash": 0,
            "stock": 0,
            "eps": 0
        },
        "2007": {
            "cash": 0,
            "stock": 0,
            "eps": 0
        },
        "2008": {
            "cash": 0,
            "stock": 0,
            "eps": 0
        },
        "2009": {
            "cash": 0,
            "stock": 0,
            "eps": 0
        },
        "2010": {
            "cash": 0,
            "stock": 0,
            "eps": 0
        },
        "2011": {
            "cash": 1.3,
            "stock": 0,
            "eps": 0.51
        },
        "2012": {
            "cash": 0,
            "stock": 0,
            "eps": 2.52
        },
        "2013": {
            "cash": 1.8,
            "stock": 0,
            "eps": 1.59
        },
        "2014": {
            "cash": 0.3,
            "stock": 0.5,
            "eps": -0.35
        },
        "2015": {
            "cash": 0.3,
            "stock": 0,
            "eps": -1.13
        },
        "2016": {
            "cash": 0,
            "stock": 0,
            "eps": -0.48
        },
        "2017": {
            "cash": 0,
            "stock": 0,
            "eps": 0.1
        },
        "2018": {
            "cash": 0,
            "stock": 0,
            "eps": 0.45
        },
        "2019": {
            "cash": 0,
            "stock": 0,
            "eps": -0.81
        },
        "2020": {
            "cash": 0,
            "stock": 0,
            "eps": -0.5
        },
        "2021": {
            "cash": 0,
            "stock": 0,
            "eps": 0.1
        },
        "2022": {
            "cash": 0,
            "stock": 0,
            "eps": -0.92
        },
        "2023": {
            "cash": 0,
            "stock": 0,
            "eps": -0.9
        }
    },
    "dividends": {
        "2011-01-01": {
            "cash": 1.3,
            "stock": 0
        },
        "2013-02-08": {
            "cash": 1.8,
            "stock": 0
        },
        "2014-09-05": {
            "cash": 0.3,
            "stock": 0.5
        },
        "2015-09-16": {
            "cash": 0.3,
            "stock": 0
        }
    },
    "prices": {
        "200101": "無",
        "200102": "無",
        "200103": "無",
        "200104": "無",
        "200105": "無",
        "200106": "無",
        "200107": "無",
        "200108": "無",
        "200109": "無",
        "200110": "無",
        "200111": "無",
        "200112": "無",
        "200201": "無",
        "200202": "無",
        "200203": "無",
        "200204": "無",
        "200205": "無",
        "200206": "無",
        "200207": "無",
        "200208": "無",
        "200209": "無",
        "200210": "無",
        "200211": "無",
        "200212": "無",
        "200301": "無",
        "200302": "無",
        "200303": "無",
        "200304": "無",
        "200305": "無",
        "200306": "無",
        "200307": "無",
        "200308": "無",
        "200309": "無",
        "200310": "無",
        "200311": "無",
        "200312": "無",
        "200401": "無",
        "200402": "無",
        "200403": "無",
        "200404": "無",
        "200405": "無",
        "200406": "無",
        "200407": "無",
        "200408": "無",
        "200409": "無",
        "200410": "無",
        "200411": "無",
        "200412": "無",
        "200501": "無",
        "200502": "無",
        "200503": "無",
        "200504": "無",
        "200505": "無",
        "200506": "無",
        "200507": "無",
        "200508": "無",
        "200509": "無",
        "200510": "無",
        "200511": "無",
        "200512": "無",
        "200601": "無",
        "200602": "無",
        "200603": "無",
        "200604": "無",
        "200605": "無",
        "200606": "無",
        "200607": "無",
        "200608": "無",
        "200609": "無",
        "200610": "無",
        "200611": "無",
        "200612": "無",
        "200701": "無",
        "200702": "無",
        "200703": "無",
        "200704": "無",
        "200705": "無",
        "200706": "無",
        "200707": "無",
        "200708": "無",
        "200709": "無",
        "200710": "無",
        "200711": "無",
        "200712": "無",
        "200801": "無",
        "200802": "無",
        "200803": "無",
        "200804": "無",
        "200805": "無",
        "200806": "無",
        "200807": "無",
        "200808": "無",
        "200809": "無",
        "200810": "無",
        "200811": "無",
        "200812": "無",
        "200901": "無",
        "200902": "無",
        "200903": "無",
        "200904": "無",
        "200905": "無",
        "200906": "無",
        "200907": "無",
        "200908": "無",
        "200909": "無",
        "200910": "無",
        "200911": "無",
        "200912": "無",
        "201001": "無",
        "201002": "無",
        "201003": "無",
        "201004": "無",
        "201005": "無",
        "201006": "無",
        "201007": "無",
        "201008": "無",
        "201009": "無",
        "201010": "無",
        "201011": "無",
        "201012": "無",
        "201101": "41.04",
        "201102": "38.59",
        "201103": "39.39",
        "201104": "38.63",
        "201105": "37.71",
        "201106": "40.27",
        "201107": "46.86",
        "201108": "48.32",
        "201109": "49.90",
        "201110": "51.71",
        "201111": "48.87",
        "201112": "45.06",
        "201201": "45.34",
        "201202": "52.35",
        "201203": "55.10",
        "201204": "55.33",
        "201205": "55.30",
        "201206": "53.35",
        "201207": "50.52",
        "201208": "50.12",
        "201209": "50.36",
        "201210": "51.33",
        "201211": "39.83",
        "201212": "37.34",
        "201301": "37.52",
        "201302": "39.21",
        "201303": "40.50",
        "201304": "38.86",
        "201305": "36.57",
        "201306": "35.60",
        "201307": "33.38",
        "201308": "32.87",
        "201309": "32.55",
        "201310": "32.58",
        "201311": "28.10",
        "201312": "28.21",
        "201401": "30.96",
        "201402": "32.57",
        "201403": "34.19",
        "201404": "33.03",
        "201405": "32.29",
        "201406": "32.15",
        "201407": "31.34",
        "201408": "30.35",
        "201409": "28.42",
        "201410": "22.91",
        "201411": "20.75",
        "201412": "21.77",
        "201501": "24.37",
        "201502": "24.38",
        "201503": "23.45",
        "201504": "22.82",
        "201505": "19.72",
        "201506": "16.72",
        "201507": "18.72",
        "201508": "17.36",
        "201509": "15.95",
        "201510": "16.46",
        "201511": "15.66",
        "201512": "15.35",
        "201601": "15.09",
        "201602": "16.02",
        "201603": "16.33",
        "201604": "14.78",
        "201605": "12.51",
        "201606": "13.72",
        "201607": "19.75",
        "201608": "21.28",
        "201609": "21.04",
        "201610": "19.35",
        "201611": "20.19",
        "201612": "23.77",
        "201701": "24.91",
        "201702": "27.11",
        "201703": "31.37",
        "201704": "32.01",
        "201705": "40.89",
        "201706": "37.84",
        "201707": "36.59",
        "201708": "44.13",
        "201709": "46.79",
        "201710": "48.19",
        "201711": "44.86",
        "201712": "37.89",
        "201801": "39.42",
        "201802": "42.68",
        "201803": "43.71",
        "201804": "46.08",
        "201805": "44.08",
        "201806": "57.69",
        "201807": "54.36",
        "201808": "51.25",
        "201809": "40.23",
        "201810": "31.71",
        "201811": "31.18",
        "201812": "32.93",
        "201901": "32.46",
        "201902": "36.16",
        "201903": "39.68",
        "201904": "38.98",
        "201905": "32.44",
        "201906": "31.33",
        "201907": "33.68",
        "201908": "31.16",
        "201909": "30.84",
        "201910": "29.10",
        "201911": "26.30",
        "201912": "26.16",
        "202001": "26.66",
        "202002": "23.71",
        "202003": "17.48",
        "202004": "17.82",
        "202005": "18.16",
        "202006": "20.90",
        "202007": "23.34",
        "202008": "27.21",
        "202009": "42.60",
        "202010": "48.24",
        "202011": "50.21",
        "202012": "58.37",
        "202101": "84.74",
        "202102": "98.26",
        "202103": "110.16",
        "202104": "95.29",
        "202105": "73.71",
        "202106": "84.72",
        "202107": "89.26",
        "202108": "69.29",
        "202109": "66.60",
        "202110": "62.50",
        "202111": "69.60",
        "202112": "70.04",
        "202201": "64.13",
        "202202": "62.05",
        "202203": "53.88",
        "202204": "50.89",
        "202205": "46.76",
        "202206": "46.54",
        "202207": "41.40",
        "202208": "45.73",
        "202209": "42.65",
        "202210": "35.32",
        "202211": "37.92",
        "202212": "38.85",
        "202301": "38.12",
        "202302": "40.80",
        "202303": "48.13",
        "202304": "49.29",
        "202305": "43.90",
        "202306": "43.19",
        "202307": "43.78",
        "202308": "41.14",
        "202309": "40.69",
        "202310": "38.45",
        "202311": "38.52",
        "202312": "41.22"
    },
    "quarters": {
        "20011": {
            "year_quarter": 20011,
            "year": 2001,
            "quarter": 1,
            "eps": null,
            "eps_growth_year": null,
            "eps_4q": null,
            "eps_4q_growth_year": null,
            "roe": null,
            "roe_4q": 0,
            "gross_profit": null,
            "gross_margin": null,
            "gross_margin_4q_avg": 0,
            "net_income": null,
            "net_income_4q": null,
            "revenue": null,
            "revenue_4q": null,
            "common_shares": null,
            "book_valuer_per_share": null,
            "book_valuer_per_share_4q_avg": 0,
            "equity": null,
            "current_ratio": null,
            "debt_ratio": null,
            "inventory_turnover_ratio": null,
            "account_receivable_turnover_ratio": null,
            "reinvestment_rate": null,
            "research_to_sale_ratio": null,
            "price_fair": 0,
            "eps_avg_yearly": 0,
            "eps_latest_yearly": 0,
            "eps_growth_yearly": 0
        },
        "20012": {
            "year_quarter": 20012,
            "year": 2001,
            "quarter": 2,
            "eps": null,
            "eps_growth_year": null,
            "eps_4q": null,
            "eps_4q_growth_year": null,
            "roe": null,
            "roe_4q": 0,
            "gross_profit": null,
            "gross_margin": null,
            "gross_margin_4q_avg": 0,
            "net_income": null,
            "net_income_4q": null,
            "revenue": null,
            "revenue_4q": null,
            "common_shares": null,
            "book_valuer_per_share": null,
            "book_valuer_per_share_4q_avg": 0,
            "equity": null,
            "current_ratio": null,
            "debt_ratio": null,
            "inventory_turnover_ratio": null,
            "account_receivable_turnover_ratio": null,
            "reinvestment_rate": null,
            "research_to_sale_ratio": null,
            "price_fair": 0,
            "eps_avg_yearly": 0,
            "eps_latest_yearly": 0,
            "eps_growth_yearly": 0
        },
        "20013": {
            "year_quarter": 20013,
            "year": 2001,
            "quarter": 3,
            "eps": null,
            "eps_growth_year": null,
            "eps_4q": null,
            "eps_4q_growth_year": null,
            "roe": null,
            "roe_4q": 0,
            "gross_profit": null,
            "gross_margin": null,
            "gross_margin_4q_avg": 0,
            "net_income": null,
            "net_income_4q": null,
            "revenue": null,
            "revenue_4q": null,
            "common_shares": null,
            "book_valuer_per_share": null,
            "book_valuer_per_share_4q_avg": 0,
            "equity": null,
            "current_ratio": null,
            "debt_ratio": null,
            "inventory_turnover_ratio": null,
            "account_receivable_turnover_ratio": null,
            "reinvestment_rate": null,
            "research_to_sale_ratio": null,
            "price_fair": 0,
            "eps_avg_yearly": 0,
            "eps_latest_yearly": 0,
            "eps_growth_yearly": 0
        },
        "20014": {
            "year_quarter": 20014,
            "year": 2001,
            "quarter": 4,
            "eps": null,
            "eps_growth_year": null,
            "eps_4q": null,
            "eps_4q_growth_year": null,
            "roe": null,
            "roe_4q": 0,
            "gross_profit": null,
            "gross_margin": null,
            "gross_margin_4q_avg": 0,
            "net_income": null,
            "net_income_4q": null,
            "revenue": null,
            "revenue_4q": null,
            "common_shares": null,
            "book_valuer_per_share": null,
            "book_valuer_per_share_4q_avg": 0,
            "equity": null,
            "current_ratio": null,
            "debt_ratio": null,
            "inventory_turnover_ratio": null,
            "account_receivable_turnover_ratio": null,
            "reinvestment_rate": null,
            "research_to_sale_ratio": null,
            "price_fair": 0,
            "eps_avg_yearly": 0,
            "eps_latest_yearly": 0,
            "eps_growth_yearly": 0
        },
        "20021": {
            "year_quarter": 20021,
            "year": 2002,
            "quarter": 1,
            "eps": null,
            "eps_growth_year": null,
            "eps_4q": null,
            "eps_4q_growth_year": null,
            "roe": null,
            "roe_4q": 0,
            "gross_profit": null,
            "gross_margin": null,
            "gross_margin_4q_avg": 0,
            "net_income": null,
            "net_income_4q": null,
            "revenue": null,
            "revenue_4q": null,
            "common_shares": null,
            "book_valuer_per_share": null,
            "book_valuer_per_share_4q_avg": 0,
            "equity": null,
            "current_ratio": null,
            "debt_ratio": null,
            "inventory_turnover_ratio": null,
            "account_receivable_turnover_ratio": null,
            "reinvestment_rate": null,
            "research_to_sale_ratio": null,
            "price_fair": 0,
            "eps_avg_yearly": 0,
            "eps_latest_yearly": 0,
            "eps_growth_yearly": 0
        },
        "20022": {
            "year_quarter": 20022,
            "year": 2002,
            "quarter": 2,
            "eps": null,
            "eps_growth_year": null,
            "eps_4q": null,
            "eps_4q_growth_year": null,
            "roe": null,
            "roe_4q": 0,
            "gross_profit": null,
            "gross_margin": null,
            "gross_margin_4q_avg": 0,
            "net_income": null,
            "net_income_4q": null,
            "revenue": null,
            "revenue_4q": null,
            "common_shares": null,
            "book_valuer_per_share": null,
            "book_valuer_per_share_4q_avg": 0,
            "equity": null,
            "current_ratio": null,
            "debt_ratio": null,
            "inventory_turnover_ratio": null,
            "account_receivable_turnover_ratio": null,
            "reinvestment_rate": null,
            "research_to_sale_ratio": null,
            "price_fair": 0,
            "eps_avg_yearly": 0,
            "eps_latest_yearly": 0,
            "eps_growth_yearly": 0
        },
        "20023": {
            "year_quarter": 20023,
            "year": 2002,
            "quarter": 3,
            "eps": null,
            "eps_growth_year": null,
            "eps_4q": null,
            "eps_4q_growth_year": null,
            "roe": null,
            "roe_4q": 0,
            "gross_profit": null,
            "gross_margin": null,
            "gross_margin_4q_avg": 0,
            "net_income": null,
            "net_income_4q": null,
            "revenue": null,
            "revenue_4q": null,
            "common_shares": null,
            "book_valuer_per_share": null,
            "book_valuer_per_share_4q_avg": 0,
            "equity": null,
            "current_ratio": null,
            "debt_ratio": null,
            "inventory_turnover_ratio": null,
            "account_receivable_turnover_ratio": null,
            "reinvestment_rate": null,
            "research_to_sale_ratio": null,
            "price_fair": 0,
            "eps_avg_yearly": 0,
            "eps_latest_yearly": 0,
            "eps_growth_yearly": 0
        },
        "20024": {
            "year_quarter": 20024,
            "year": 2002,
            "quarter": 4,
            "eps": null,
            "eps_growth_year": null,
            "eps_4q": null,
            "eps_4q_growth_year": null,
            "roe": null,
            "roe_4q": 0,
            "gross_profit": null,
            "gross_margin": null,
            "gross_margin_4q_avg": 0,
            "net_income": null,
            "net_income_4q": null,
            "revenue": null,
            "revenue_4q": null,
            "common_shares": null,
            "book_valuer_per_share": null,
            "book_valuer_per_share_4q_avg": 0,
            "equity": null,
            "current_ratio": null,
            "debt_ratio": null,
            "inventory_turnover_ratio": null,
            "account_receivable_turnover_ratio": null,
            "reinvestment_rate": null,
            "research_to_sale_ratio": null,
            "price_fair": 0,
            "eps_avg_yearly": 0,
            "eps_latest_yearly": 0,
            "eps_growth_yearly": 0
        },
        "20031": {
            "year_quarter": 20031,
            "year": 2003,
            "quarter": 1,
            "eps": null,
            "eps_growth_year": null,
            "eps_4q": null,
            "eps_4q_growth_year": null,
            "roe": null,
            "roe_4q": 0,
            "gross_profit": null,
            "gross_margin": null,
            "gross_margin_4q_avg": 0,
            "net_income": null,
            "net_income_4q": null,
            "revenue": null,
            "revenue_4q": null,
            "common_shares": null,
            "book_valuer_per_share": null,
            "book_valuer_per_share_4q_avg": 0,
            "equity": null,
            "current_ratio": null,
            "debt_ratio": null,
            "inventory_turnover_ratio": null,
            "account_receivable_turnover_ratio": null,
            "reinvestment_rate": null,
            "research_to_sale_ratio": null,
            "price_fair": 0,
            "eps_avg_yearly": 0,
            "eps_latest_yearly": 0,
            "eps_growth_yearly": 0
        },
        "20032": {
            "year_quarter": 20032,
            "year": 2003,
            "quarter": 2,
            "eps": null,
            "eps_growth_year": null,
            "eps_4q": null,
            "eps_4q_growth_year": null,
            "roe": null,
            "roe_4q": 0,
            "gross_profit": null,
            "gross_margin": null,
            "gross_margin_4q_avg": 0,
            "net_income": null,
            "net_income_4q": null,
            "revenue": null,
            "revenue_4q": null,
            "common_shares": null,
            "book_valuer_per_share": null,
            "book_valuer_per_share_4q_avg": 0,
            "equity": null,
            "current_ratio": null,
            "debt_ratio": null,
            "inventory_turnover_ratio": null,
            "account_receivable_turnover_ratio": null,
            "reinvestment_rate": null,
            "research_to_sale_ratio": null,
            "price_fair": 0,
            "eps_avg_yearly": 0,
            "eps_latest_yearly": 0,
            "eps_growth_yearly": 0
        },
        "20033": {
            "year_quarter": 20033,
            "year": 2003,
            "quarter": 3,
            "eps": null,
            "eps_growth_year": null,
            "eps_4q": null,
            "eps_4q_growth_year": null,
            "roe": null,
            "roe_4q": 0,
            "gross_profit": null,
            "gross_margin": null,
            "gross_margin_4q_avg": 0,
            "net_income": null,
            "net_income_4q": null,
            "revenue": null,
            "revenue_4q": null,
            "common_shares": null,
            "book_valuer_per_share": null,
            "book_valuer_per_share_4q_avg": 0,
            "equity": null,
            "current_ratio": null,
            "debt_ratio": null,
            "inventory_turnover_ratio": null,
            "account_receivable_turnover_ratio": null,
            "reinvestment_rate": null,
            "research_to_sale_ratio": null,
            "price_fair": 0,
            "eps_avg_yearly": 0,
            "eps_latest_yearly": 0,
            "eps_growth_yearly": 0
        },
        "20034": {
            "year_quarter": 20034,
            "year": 2003,
            "quarter": 4,
            "eps": null,
            "eps_growth_year": null,
            "eps_4q": null,
            "eps_4q_growth_year": null,
            "roe": null,
            "roe_4q": 0,
            "gross_profit": null,
            "gross_margin": null,
            "gross_margin_4q_avg": 0,
            "net_income": null,
            "net_income_4q": null,
            "revenue": null,
            "revenue_4q": null,
            "common_shares": null,
            "book_valuer_per_share": null,
            "book_valuer_per_share_4q_avg": 0,
            "equity": null,
            "current_ratio": null,
            "debt_ratio": null,
            "inventory_turnover_ratio": null,
            "account_receivable_turnover_ratio": null,
            "reinvestment_rate": null,
            "research_to_sale_ratio": null,
            "price_fair": 0,
            "eps_avg_yearly": 0,
            "eps_latest_yearly": 0,
            "eps_growth_yearly": 0
        },
        "20041": {
            "year_quarter": 20041,
            "year": 2004,
            "quarter": 1,
            "eps": null,
            "eps_growth_year": null,
            "eps_4q": null,
            "eps_4q_growth_year": null,
            "roe": null,
            "roe_4q": 0,
            "gross_profit": null,
            "gross_margin": null,
            "gross_margin_4q_avg": 0,
            "net_income": null,
            "net_income_4q": null,
            "revenue": null,
            "revenue_4q": null,
            "common_shares": null,
            "book_valuer_per_share": null,
            "book_valuer_per_share_4q_avg": 0,
            "equity": null,
            "current_ratio": null,
            "debt_ratio": null,
            "inventory_turnover_ratio": null,
            "account_receivable_turnover_ratio": null,
            "reinvestment_rate": null,
            "research_to_sale_ratio": null,
            "price_fair": 0,
            "eps_avg_yearly": 0,
            "eps_latest_yearly": 0,
            "eps_growth_yearly": 0
        },
        "20042": {
            "year_quarter": 20042,
            "year": 2004,
            "quarter": 2,
            "eps": null,
            "eps_growth_year": null,
            "eps_4q": null,
            "eps_4q_growth_year": null,
            "roe": null,
            "roe_4q": 0,
            "gross_profit": null,
            "gross_margin": null,
            "gross_margin_4q_avg": 0,
            "net_income": null,
            "net_income_4q": null,
            "revenue": null,
            "revenue_4q": null,
            "common_shares": null,
            "book_valuer_per_share": null,
            "book_valuer_per_share_4q_avg": 0,
            "equity": null,
            "current_ratio": null,
            "debt_ratio": null,
            "inventory_turnover_ratio": null,
            "account_receivable_turnover_ratio": null,
            "reinvestment_rate": null,
            "research_to_sale_ratio": null,
            "price_fair": 0,
            "eps_avg_yearly": 0,
            "eps_latest_yearly": 0,
            "eps_growth_yearly": 0
        },
        "20043": {
            "year_quarter": 20043,
            "year": 2004,
            "quarter": 3,
            "eps": null,
            "eps_growth_year": null,
            "eps_4q": null,
            "eps_4q_growth_year": null,
            "roe": null,
            "roe_4q": 0,
            "gross_profit": null,
            "gross_margin": null,
            "gross_margin_4q_avg": 0,
            "net_income": null,
            "net_income_4q": null,
            "revenue": null,
            "revenue_4q": null,
            "common_shares": null,
            "book_valuer_per_share": null,
            "book_valuer_per_share_4q_avg": 0,
            "equity": null,
            "current_ratio": null,
            "debt_ratio": null,
            "inventory_turnover_ratio": null,
            "account_receivable_turnover_ratio": null,
            "reinvestment_rate": null,
            "research_to_sale_ratio": null,
            "price_fair": 0,
            "eps_avg_yearly": 0,
            "eps_latest_yearly": 0,
            "eps_growth_yearly": 0
        },
        "20044": {
            "year_quarter": 20044,
            "year": 2004,
            "quarter": 4,
            "eps": null,
            "eps_growth_year": null,
            "eps_4q": null,
            "eps_4q_growth_year": null,
            "roe": null,
            "roe_4q": 0,
            "gross_profit": null,
            "gross_margin": null,
            "gross_margin_4q_avg": 0,
            "net_income": null,
            "net_income_4q": null,
            "revenue": null,
            "revenue_4q": null,
            "common_shares": null,
            "book_valuer_per_share": null,
            "book_valuer_per_share_4q_avg": 0,
            "equity": null,
            "current_ratio": null,
            "debt_ratio": null,
            "inventory_turnover_ratio": null,
            "account_receivable_turnover_ratio": null,
            "reinvestment_rate": null,
            "research_to_sale_ratio": null,
            "price_fair": 0,
            "eps_avg_yearly": 0,
            "eps_latest_yearly": 0,
            "eps_growth_yearly": 0
        },
        "20051": {
            "year_quarter": 20051,
            "year": 2005,
            "quarter": 1,
            "eps": null,
            "eps_growth_year": null,
            "eps_4q": null,
            "eps_4q_growth_year": null,
            "roe": null,
            "roe_4q": 0,
            "gross_profit": null,
            "gross_margin": null,
            "gross_margin_4q_avg": 0,
            "net_income": null,
            "net_income_4q": null,
            "revenue": null,
            "revenue_4q": null,
            "common_shares": null,
            "book_valuer_per_share": null,
            "book_valuer_per_share_4q_avg": 0,
            "equity": null,
            "current_ratio": null,
            "debt_ratio": null,
            "inventory_turnover_ratio": null,
            "account_receivable_turnover_ratio": null,
            "reinvestment_rate": null,
            "research_to_sale_ratio": null,
            "price_fair": 0,
            "eps_avg_yearly": 0,
            "eps_latest_yearly": 0,
            "eps_growth_yearly": 0
        },
        "20052": {
            "year_quarter": 20052,
            "year": 2005,
            "quarter": 2,
            "eps": null,
            "eps_growth_year": null,
            "eps_4q": null,
            "eps_4q_growth_year": null,
            "roe": null,
            "roe_4q": 0,
            "gross_profit": null,
            "gross_margin": null,
            "gross_margin_4q_avg": 0,
            "net_income": null,
            "net_income_4q": null,
            "revenue": null,
            "revenue_4q": null,
            "common_shares": null,
            "book_valuer_per_share": null,
            "book_valuer_per_share_4q_avg": 0,
            "equity": null,
            "current_ratio": null,
            "debt_ratio": null,
            "inventory_turnover_ratio": null,
            "account_receivable_turnover_ratio": null,
            "reinvestment_rate": null,
            "research_to_sale_ratio": null,
            "price_fair": 0,
            "eps_avg_yearly": 0,
            "eps_latest_yearly": 0,
            "eps_growth_yearly": 0
        },
        "20053": {
            "year_quarter": 20053,
            "year": 2005,
            "quarter": 3,
            "eps": null,
            "eps_growth_year": null,
            "eps_4q": null,
            "eps_4q_growth_year": null,
            "roe": null,
            "roe_4q": 0,
            "gross_profit": null,
            "gross_margin": null,
            "gross_margin_4q_avg": 0,
            "net_income": null,
            "net_income_4q": null,
            "revenue": null,
            "revenue_4q": null,
            "common_shares": null,
            "book_valuer_per_share": null,
            "book_valuer_per_share_4q_avg": 0,
            "equity": null,
            "current_ratio": null,
            "debt_ratio": null,
            "inventory_turnover_ratio": null,
            "account_receivable_turnover_ratio": null,
            "reinvestment_rate": null,
            "research_to_sale_ratio": null,
            "price_fair": 0,
            "eps_avg_yearly": 0,
            "eps_latest_yearly": 0,
            "eps_growth_yearly": 0
        },
        "20054": {
            "year_quarter": 20054,
            "year": 2005,
            "quarter": 4,
            "eps": null,
            "eps_growth_year": null,
            "eps_4q": null,
            "eps_4q_growth_year": null,
            "roe": null,
            "roe_4q": 0,
            "gross_profit": null,
            "gross_margin": null,
            "gross_margin_4q_avg": 0,
            "net_income": null,
            "net_income_4q": null,
            "revenue": null,
            "revenue_4q": null,
            "common_shares": 475000,
            "book_valuer_per_share": 10.64,
            "book_valuer_per_share_4q_avg": 2.66,
            "equity": 505288,
            "current_ratio": 271.97,
            "debt_ratio": 35.43,
            "inventory_turnover_ratio": null,
            "account_receivable_turnover_ratio": null,
            "reinvestment_rate": null,
            "research_to_sale_ratio": null,
            "price_fair": 0,
            "eps_avg_yearly": 0,
            "eps_latest_yearly": 0,
            "eps_growth_yearly": 0
        },
        "20061": {
            "year_quarter": 20061,
            "year": 2006,
            "quarter": 1,
            "eps": null,
            "eps_growth_year": null,
            "eps_4q": null,
            "eps_4q_growth_year": null,
            "roe": null,
            "roe_4q": 0,
            "gross_profit": null,
            "gross_margin": null,
            "gross_margin_4q_avg": 0,
            "net_income": null,
            "net_income_4q": null,
            "revenue": null,
            "revenue_4q": null,
            "common_shares": null,
            "book_valuer_per_share": null,
            "book_valuer_per_share_4q_avg": 2.66,
            "equity": null,
            "current_ratio": null,
            "debt_ratio": null,
            "inventory_turnover_ratio": null,
            "account_receivable_turnover_ratio": null,
            "reinvestment_rate": null,
            "research_to_sale_ratio": null,
            "price_fair": 0,
            "eps_avg_yearly": 0,
            "eps_latest_yearly": 0,
            "eps_growth_yearly": 0
        },
        "20062": {
            "year_quarter": 20062,
            "year": 2006,
            "quarter": 2,
            "eps": null,
            "eps_growth_year": null,
            "eps_4q": null,
            "eps_4q_growth_year": null,
            "roe": null,
            "roe_4q": 0,
            "gross_profit": null,
            "gross_margin": null,
            "gross_margin_4q_avg": 0,
            "net_income": null,
            "net_income_4q": null,
            "revenue": null,
            "revenue_4q": null,
            "common_shares": null,
            "book_valuer_per_share": null,
            "book_valuer_per_share_4q_avg": 2.66,
            "equity": null,
            "current_ratio": null,
            "debt_ratio": null,
            "inventory_turnover_ratio": null,
            "account_receivable_turnover_ratio": null,
            "reinvestment_rate": null,
            "research_to_sale_ratio": null,
            "price_fair": 0,
            "eps_avg_yearly": 0,
            "eps_latest_yearly": 0,
            "eps_growth_yearly": 0
        },
        "20063": {
            "year_quarter": 20063,
            "year": 2006,
            "quarter": 3,
            "eps": null,
            "eps_growth_year": null,
            "eps_4q": null,
            "eps_4q_growth_year": null,
            "roe": null,
            "roe_4q": 0,
            "gross_profit": null,
            "gross_margin": null,
            "gross_margin_4q_avg": 0,
            "net_income": null,
            "net_income_4q": null,
            "revenue": null,
            "revenue_4q": null,
            "common_shares": null,
            "book_valuer_per_share": null,
            "book_valuer_per_share_4q_avg": 2.66,
            "equity": null,
            "current_ratio": null,
            "debt_ratio": null,
            "inventory_turnover_ratio": null,
            "account_receivable_turnover_ratio": null,
            "reinvestment_rate": null,
            "research_to_sale_ratio": null,
            "price_fair": 0,
            "eps_avg_yearly": 0,
            "eps_latest_yearly": 0,
            "eps_growth_yearly": 0
        },
        "20064": {
            "year_quarter": 20064,
            "year": 2006,
            "quarter": 4,
            "eps": null,
            "eps_growth_year": null,
            "eps_4q": null,
            "eps_4q_growth_year": null,
            "roe": null,
            "roe_4q": 0,
            "gross_profit": null,
            "gross_margin": null,
            "gross_margin_4q_avg": 0,
            "net_income": null,
            "net_income_4q": null,
            "revenue": null,
            "revenue_4q": null,
            "common_shares": 475000,
            "book_valuer_per_share": 8.78,
            "book_valuer_per_share_4q_avg": 2.2,
            "equity": 416920,
            "current_ratio": 128.71,
            "debt_ratio": 42.57,
            "inventory_turnover_ratio": null,
            "account_receivable_turnover_ratio": null,
            "reinvestment_rate": null,
            "research_to_sale_ratio": null,
            "price_fair": 0,
            "eps_avg_yearly": 0,
            "eps_latest_yearly": 0,
            "eps_growth_yearly": 0
        },
        "20071": {
            "year_quarter": 20071,
            "year": 2007,
            "quarter": 1,
            "eps": null,
            "eps_growth_year": null,
            "eps_4q": null,
            "eps_4q_growth_year": null,
            "roe": null,
            "roe_4q": 0,
            "gross_profit": null,
            "gross_margin": null,
            "gross_margin_4q_avg": 0,
            "net_income": null,
            "net_income_4q": null,
            "revenue": null,
            "revenue_4q": null,
            "common_shares": null,
            "book_valuer_per_share": null,
            "book_valuer_per_share_4q_avg": 2.2,
            "equity": null,
            "current_ratio": null,
            "debt_ratio": null,
            "inventory_turnover_ratio": null,
            "account_receivable_turnover_ratio": null,
            "reinvestment_rate": null,
            "research_to_sale_ratio": null,
            "price_fair": 0,
            "eps_avg_yearly": 0,
            "eps_latest_yearly": 0,
            "eps_growth_yearly": 0
        },
        "20072": {
            "year_quarter": 20072,
            "year": 2007,
            "quarter": 2,
            "eps": null,
            "eps_growth_year": null,
            "eps_4q": null,
            "eps_4q_growth_year": null,
            "roe": null,
            "roe_4q": 0,
            "gross_profit": null,
            "gross_margin": null,
            "gross_margin_4q_avg": 0,
            "net_income": null,
            "net_income_4q": null,
            "revenue": null,
            "revenue_4q": null,
            "common_shares": null,
            "book_valuer_per_share": null,
            "book_valuer_per_share_4q_avg": 2.2,
            "equity": null,
            "current_ratio": null,
            "debt_ratio": null,
            "inventory_turnover_ratio": null,
            "account_receivable_turnover_ratio": null,
            "reinvestment_rate": null,
            "research_to_sale_ratio": null,
            "price_fair": 0,
            "eps_avg_yearly": 0,
            "eps_latest_yearly": 0,
            "eps_growth_yearly": 0
        },
        "20073": {
            "year_quarter": 20073,
            "year": 2007,
            "quarter": 3,
            "eps": null,
            "eps_growth_year": null,
            "eps_4q": null,
            "eps_4q_growth_year": null,
            "roe": null,
            "roe_4q": 0,
            "gross_profit": null,
            "gross_margin": null,
            "gross_margin_4q_avg": 0,
            "net_income": null,
            "net_income_4q": null,
            "revenue": null,
            "revenue_4q": null,
            "common_shares": null,
            "book_valuer_per_share": null,
            "book_valuer_per_share_4q_avg": 2.2,
            "equity": null,
            "current_ratio": null,
            "debt_ratio": null,
            "inventory_turnover_ratio": null,
            "account_receivable_turnover_ratio": null,
            "reinvestment_rate": null,
            "research_to_sale_ratio": null,
            "price_fair": 0,
            "eps_avg_yearly": 0,
            "eps_latest_yearly": 0,
            "eps_growth_yearly": 0
        },
        "20074": {
            "year_quarter": 20074,
            "year": 2007,
            "quarter": 4,
            "eps": null,
            "eps_growth_year": null,
            "eps_4q": null,
            "eps_4q_growth_year": null,
            "roe": null,
            "roe_4q": 0,
            "gross_profit": null,
            "gross_margin": null,
            "gross_margin_4q_avg": 0,
            "net_income": null,
            "net_income_4q": null,
            "revenue": null,
            "revenue_4q": null,
            "common_shares": 675000,
            "book_valuer_per_share": 9.37,
            "book_valuer_per_share_4q_avg": 2.34,
            "equity": 632248,
            "current_ratio": 240.87,
            "debt_ratio": 34.01,
            "inventory_turnover_ratio": null,
            "account_receivable_turnover_ratio": null,
            "reinvestment_rate": null,
            "research_to_sale_ratio": null,
            "price_fair": 0,
            "eps_avg_yearly": 0,
            "eps_latest_yearly": 0,
            "eps_growth_yearly": 0
        },
        "20081": {
            "year_quarter": 20081,
            "year": 2008,
            "quarter": 1,
            "eps": null,
            "eps_growth_year": null,
            "eps_4q": null,
            "eps_4q_growth_year": null,
            "roe": null,
            "roe_4q": 0,
            "gross_profit": null,
            "gross_margin": null,
            "gross_margin_4q_avg": 0,
            "net_income": null,
            "net_income_4q": null,
            "revenue": null,
            "revenue_4q": null,
            "common_shares": null,
            "book_valuer_per_share": null,
            "book_valuer_per_share_4q_avg": 2.34,
            "equity": null,
            "current_ratio": null,
            "debt_ratio": null,
            "inventory_turnover_ratio": null,
            "account_receivable_turnover_ratio": null,
            "reinvestment_rate": null,
            "research_to_sale_ratio": null,
            "price_fair": 0,
            "eps_avg_yearly": 0,
            "eps_latest_yearly": 0,
            "eps_growth_yearly": 0
        },
        "20082": {
            "year_quarter": 20082,
            "year": 2008,
            "quarter": 2,
            "eps": null,
            "eps_growth_year": null,
            "eps_4q": null,
            "eps_4q_growth_year": null,
            "roe": null,
            "roe_4q": 0,
            "gross_profit": null,
            "gross_margin": null,
            "gross_margin_4q_avg": 0,
            "net_income": null,
            "net_income_4q": null,
            "revenue": null,
            "revenue_4q": null,
            "common_shares": null,
            "book_valuer_per_share": null,
            "book_valuer_per_share_4q_avg": 2.34,
            "equity": null,
            "current_ratio": null,
            "debt_ratio": null,
            "inventory_turnover_ratio": null,
            "account_receivable_turnover_ratio": null,
            "reinvestment_rate": null,
            "research_to_sale_ratio": null,
            "price_fair": 0,
            "eps_avg_yearly": 0,
            "eps_latest_yearly": 0,
            "eps_growth_yearly": 0
        },
        "20083": {
            "year_quarter": 20083,
            "year": 2008,
            "quarter": 3,
            "eps": null,
            "eps_growth_year": null,
            "eps_4q": null,
            "eps_4q_growth_year": null,
            "roe": null,
            "roe_4q": 0,
            "gross_profit": null,
            "gross_margin": null,
            "gross_margin_4q_avg": 0,
            "net_income": null,
            "net_income_4q": null,
            "revenue": null,
            "revenue_4q": null,
            "common_shares": null,
            "book_valuer_per_share": null,
            "book_valuer_per_share_4q_avg": 2.34,
            "equity": null,
            "current_ratio": null,
            "debt_ratio": null,
            "inventory_turnover_ratio": null,
            "account_receivable_turnover_ratio": null,
            "reinvestment_rate": null,
            "research_to_sale_ratio": null,
            "price_fair": 0,
            "eps_avg_yearly": 0,
            "eps_latest_yearly": 0,
            "eps_growth_yearly": 0
        },
        "20084": {
            "year_quarter": 20084,
            "year": 2008,
            "quarter": 4,
            "eps": null,
            "eps_growth_year": null,
            "eps_4q": null,
            "eps_4q_growth_year": null,
            "roe": null,
            "roe_4q": 0,
            "gross_profit": null,
            "gross_margin": null,
            "gross_margin_4q_avg": 0,
            "net_income": null,
            "net_income_4q": null,
            "revenue": null,
            "revenue_4q": null,
            "common_shares": 675000,
            "book_valuer_per_share": 7.11,
            "book_valuer_per_share_4q_avg": 1.78,
            "equity": 480092,
            "current_ratio": 126.55,
            "debt_ratio": 39.21,
            "inventory_turnover_ratio": null,
            "account_receivable_turnover_ratio": null,
            "reinvestment_rate": null,
            "research_to_sale_ratio": null,
            "price_fair": 0,
            "eps_avg_yearly": 0,
            "eps_latest_yearly": 0,
            "eps_growth_yearly": 0
        },
        "20091": {
            "year_quarter": 20091,
            "year": 2009,
            "quarter": 1,
            "eps": null,
            "eps_growth_year": null,
            "eps_4q": null,
            "eps_4q_growth_year": null,
            "roe": null,
            "roe_4q": 0,
            "gross_profit": null,
            "gross_margin": null,
            "gross_margin_4q_avg": 0,
            "net_income": null,
            "net_income_4q": null,
            "revenue": null,
            "revenue_4q": null,
            "common_shares": null,
            "book_valuer_per_share": null,
            "book_valuer_per_share_4q_avg": 1.78,
            "equity": null,
            "current_ratio": null,
            "debt_ratio": null,
            "inventory_turnover_ratio": null,
            "account_receivable_turnover_ratio": null,
            "reinvestment_rate": null,
            "research_to_sale_ratio": null,
            "price_fair": 0,
            "eps_avg_yearly": 0,
            "eps_latest_yearly": 0,
            "eps_growth_yearly": 0
        },
        "20092": {
            "year_quarter": 20092,
            "year": 2009,
            "quarter": 2,
            "eps": null,
            "eps_growth_year": null,
            "eps_4q": null,
            "eps_4q_growth_year": null,
            "roe": null,
            "roe_4q": 0,
            "gross_profit": null,
            "gross_margin": null,
            "gross_margin_4q_avg": 0,
            "net_income": null,
            "net_income_4q": null,
            "revenue": null,
            "revenue_4q": null,
            "common_shares": 675000,
            "book_valuer_per_share": null,
            "book_valuer_per_share_4q_avg": 1.78,
            "equity": 403664,
            "current_ratio": null,
            "debt_ratio": null,
            "inventory_turnover_ratio": null,
            "account_receivable_turnover_ratio": null,
            "reinvestment_rate": null,
            "research_to_sale_ratio": null,
            "price_fair": 0,
            "eps_avg_yearly": 0,
            "eps_latest_yearly": 0,
            "eps_growth_yearly": 0
        },
        "20093": {
            "year_quarter": 20093,
            "year": 2009,
            "quarter": 3,
            "eps": null,
            "eps_growth_year": null,
            "eps_4q": null,
            "eps_4q_growth_year": null,
            "roe": null,
            "roe_4q": 0,
            "gross_profit": null,
            "gross_margin": null,
            "gross_margin_4q_avg": 0,
            "net_income": null,
            "net_income_4q": null,
            "revenue": null,
            "revenue_4q": null,
            "common_shares": null,
            "book_valuer_per_share": null,
            "book_valuer_per_share_4q_avg": 1.78,
            "equity": null,
            "current_ratio": null,
            "debt_ratio": null,
            "inventory_turnover_ratio": null,
            "account_receivable_turnover_ratio": null,
            "reinvestment_rate": null,
            "research_to_sale_ratio": null,
            "price_fair": 0,
            "eps_avg_yearly": 0,
            "eps_latest_yearly": 0,
            "eps_growth_yearly": 0
        },
        "20094": {
            "year_quarter": 20094,
            "year": 2009,
            "quarter": 4,
            "eps": null,
            "eps_growth_year": null,
            "eps_4q": null,
            "eps_4q_growth_year": null,
            "roe": null,
            "roe_4q": 0,
            "gross_profit": null,
            "gross_margin": null,
            "gross_margin_4q_avg": 0,
            "net_income": null,
            "net_income_4q": null,
            "revenue": null,
            "revenue_4q": null,
            "common_shares": 781700,
            "book_valuer_per_share": 6.81,
            "book_valuer_per_share_4q_avg": 1.7,
            "equity": 532435,
            "current_ratio": 170.88,
            "debt_ratio": 33.55,
            "inventory_turnover_ratio": null,
            "account_receivable_turnover_ratio": null,
            "reinvestment_rate": null,
            "research_to_sale_ratio": null,
            "price_fair": 0,
            "eps_avg_yearly": 0,
            "eps_latest_yearly": 0,
            "eps_growth_yearly": 0
        },
        "20101": {
            "year_quarter": 20101,
            "year": 2010,
            "quarter": 1,
            "eps": null,
            "eps_growth_year": null,
            "eps_4q": null,
            "eps_4q_growth_year": null,
            "roe": null,
            "roe_4q": 0,
            "gross_profit": null,
            "gross_margin": null,
            "gross_margin_4q_avg": 0,
            "net_income": null,
            "net_income_4q": null,
            "revenue": null,
            "revenue_4q": null,
            "common_shares": null,
            "book_valuer_per_share": null,
            "book_valuer_per_share_4q_avg": 1.7,
            "equity": null,
            "current_ratio": null,
            "debt_ratio": null,
            "inventory_turnover_ratio": null,
            "account_receivable_turnover_ratio": null,
            "reinvestment_rate": null,
            "research_to_sale_ratio": null,
            "price_fair": 0,
            "eps_avg_yearly": 0,
            "eps_latest_yearly": 0,
            "eps_growth_yearly": 0
        },
        "20102": {
            "year_quarter": 20102,
            "year": 2010,
            "quarter": 2,
            "eps": null,
            "eps_growth_year": null,
            "eps_4q": null,
            "eps_4q_growth_year": null,
            "roe": null,
            "roe_4q": 0,
            "gross_profit": null,
            "gross_margin": null,
            "gross_margin_4q_avg": 0,
            "net_income": null,
            "net_income_4q": null,
            "revenue": null,
            "revenue_4q": null,
            "common_shares": 786480,
            "book_valuer_per_share": 6.86,
            "book_valuer_per_share_4q_avg": 3.42,
            "equity": 539452,
            "current_ratio": 202.86,
            "debt_ratio": 31.08,
            "inventory_turnover_ratio": null,
            "account_receivable_turnover_ratio": null,
            "reinvestment_rate": null,
            "research_to_sale_ratio": null,
            "price_fair": 0,
            "eps_avg_yearly": 0,
            "eps_latest_yearly": 0,
            "eps_growth_yearly": 0
        },
        "20103": {
            "year_quarter": 20103,
            "year": 2010,
            "quarter": 3,
            "eps": null,
            "eps_growth_year": null,
            "eps_4q": null,
            "eps_4q_growth_year": null,
            "roe": null,
            "roe_4q": 0,
            "gross_profit": null,
            "gross_margin": null,
            "gross_margin_4q_avg": 0,
            "net_income": null,
            "net_income_4q": null,
            "revenue": null,
            "revenue_4q": null,
            "common_shares": null,
            "book_valuer_per_share": null,
            "book_valuer_per_share_4q_avg": 3.42,
            "equity": null,
            "current_ratio": null,
            "debt_ratio": null,
            "inventory_turnover_ratio": null,
            "account_receivable_turnover_ratio": null,
            "reinvestment_rate": null,
            "research_to_sale_ratio": null,
            "price_fair": 0,
            "eps_avg_yearly": 0,
            "eps_latest_yearly": 0,
            "eps_growth_yearly": 0
        },
        "20104": {
            "year_quarter": 20104,
            "year": 2010,
            "quarter": 4,
            "eps": null,
            "eps_growth_year": null,
            "eps_4q": null,
            "eps_4q_growth_year": null,
            "roe": null,
            "roe_4q": 0,
            "gross_profit": null,
            "gross_margin": null,
            "gross_margin_4q_avg": 0,
            "net_income": null,
            "net_income_4q": null,
            "revenue": null,
            "revenue_4q": null,
            "common_shares": 896420,
            "book_valuer_per_share": 10.55,
            "book_valuer_per_share_4q_avg": 4.35,
            "equity": 945966,
            "current_ratio": 272.21,
            "debt_ratio": 26.26,
            "inventory_turnover_ratio": null,
            "account_receivable_turnover_ratio": null,
            "reinvestment_rate": null,
            "research_to_sale_ratio": null,
            "price_fair": 0,
            "eps_avg_yearly": 0,
            "eps_latest_yearly": 0,
            "eps_growth_yearly": 0
        },
        "20111": {
            "year_quarter": 20111,
            "year": 2011,
            "quarter": 1,
            "eps": null,
            "eps_growth_year": null,
            "eps_4q": null,
            "eps_4q_growth_year": null,
            "roe": null,
            "roe_4q": 0,
            "gross_profit": 66776,
            "gross_margin": null,
            "gross_margin_4q_avg": 0,
            "net_income": 44787,
            "net_income_4q": null,
            "revenue": 291127,
            "revenue_4q": null,
            "common_shares": 896420,
            "book_valuer_per_share": 11.05,
            "book_valuer_per_share_4q_avg": 7.12,
            "equity": 990753,
            "current_ratio": 293.97,
            "debt_ratio": 22.28,
            "inventory_turnover_ratio": null,
            "account_receivable_turnover_ratio": null,
            "reinvestment_rate": null,
            "research_to_sale_ratio": null,
            "price_fair": 0,
            "eps_avg_yearly": 0,
            "eps_latest_yearly": 0,
            "eps_growth_yearly": 0
        },
        "20112": {
            "year_quarter": 20112,
            "year": 2011,
            "quarter": 2,
            "eps": 0.51,
            "eps_growth_year": null,
            "eps_4q": null,
            "eps_4q_growth_year": null,
            "roe": 4.5,
            "roe_4q": 4.5,
            "gross_profit": 63144,
            "gross_margin": 20.74,
            "gross_margin_4q_avg": 5.19,
            "net_income": 45594,
            "net_income_4q": null,
            "revenue": 304417,
            "revenue_4q": null,
            "common_shares": 896420,
            "book_valuer_per_share": 11.56,
            "book_valuer_per_share_4q_avg": 8.29,
            "equity": 1036347,
            "current_ratio": 210.84,
            "debt_ratio": 25.14,
            "inventory_turnover_ratio": 2.59,
            "account_receivable_turnover_ratio": 3.47,
            "reinvestment_rate": null,
            "research_to_sale_ratio": null,
            "price_fair": 0,
            "eps_avg_yearly": 0,
            "eps_latest_yearly": 0,
            "eps_growth_yearly": 0
        },
        "20113": {
            "year_quarter": 20113,
            "year": 2011,
            "quarter": 3,
            "eps": null,
            "eps_growth_year": null,
            "eps_4q": null,
            "eps_4q_growth_year": null,
            "roe": null,
            "roe_4q": 4.5,
            "gross_profit": 95818,
            "gross_margin": null,
            "gross_margin_4q_avg": 5.19,
            "net_income": 58226,
            "net_income_4q": null,
            "revenue": 374194,
            "revenue_4q": null,
            "common_shares": 905550,
            "book_valuer_per_share": 12.2,
            "book_valuer_per_share_4q_avg": 11.34,
            "equity": 1104342,
            "current_ratio": 221.73,
            "debt_ratio": 24.95,
            "inventory_turnover_ratio": null,
            "account_receivable_turnover_ratio": null,
            "reinvestment_rate": null,
            "research_to_sale_ratio": null,
            "price_fair": 0,
            "eps_avg_yearly": 0,
            "eps_latest_yearly": 0,
            "eps_growth_yearly": 0
        },
        "20114": {
            "year_quarter": 20114,
            "year": 2011,
            "quarter": 4,
            "eps": null,
            "eps_growth_year": null,
            "eps_4q": null,
            "eps_4q_growth_year": null,
            "roe": null,
            "roe_4q": 4.5,
            "gross_profit": 96402,
            "gross_margin": null,
            "gross_margin_4q_avg": 5.19,
            "net_income": 70435,
            "net_income_4q": null,
            "revenue": 434989,
            "revenue_4q": null,
            "common_shares": 905550,
            "book_valuer_per_share": 12.97,
            "book_valuer_per_share_4q_avg": 11.95,
            "equity": 1174777,
            "current_ratio": 161.33,
            "debt_ratio": 30.5,
            "inventory_turnover_ratio": null,
            "account_receivable_turnover_ratio": null,
            "reinvestment_rate": null,
            "research_to_sale_ratio": null,
            "price_fair": 0,
            "eps_avg_yearly": 0,
            "eps_latest_yearly": 0,
            "eps_growth_yearly": 0
        },
        "20121": {
            "year_quarter": 20121,
            "year": 2012,
            "quarter": 1,
            "eps": 0.52,
            "eps_growth_year": null,
            "eps_4q": 1.02,
            "eps_4q_growth_year": null,
            "roe": 3.93,
            "roe_4q": 8.43,
            "gross_profit": 84862,
            "gross_margin": 20.71,
            "gross_margin_4q_avg": 10.36,
            "net_income": 47064,
            "net_income_4q": null,
            "revenue": 409741,
            "revenue_4q": null,
            "common_shares": 905550,
            "book_valuer_per_share": 13.49,
            "book_valuer_per_share_4q_avg": 12.56,
            "equity": 1221841,
            "current_ratio": 157.55,
            "debt_ratio": 35.75,
            "inventory_turnover_ratio": 1.74,
            "account_receivable_turnover_ratio": 1.75,
            "reinvestment_rate": null,
            "research_to_sale_ratio": 1.63,
            "price_fair": 0,
            "eps_avg_yearly": 0,
            "eps_latest_yearly": 0,
            "eps_growth_yearly": 0
        },
        "20122": {
            "year_quarter": 20122,
            "year": 2012,
            "quarter": 2,
            "eps": 0.5,
            "eps_growth_year": -2.09,
            "eps_4q": 1.02,
            "eps_4q_growth_year": null,
            "roe": 3.8,
            "roe_4q": 7.73,
            "gross_profit": 82766,
            "gross_margin": 21.33,
            "gross_margin_4q_avg": 10.51,
            "net_income": 45095,
            "net_income_4q": null,
            "revenue": 388002,
            "revenue_4q": null,
            "common_shares": 905550,
            "book_valuer_per_share": 12.69,
            "book_valuer_per_share_4q_avg": 12.84,
            "equity": 1149214,
            "current_ratio": 128.72,
            "debt_ratio": 39.42,
            "inventory_turnover_ratio": 1.5,
            "account_receivable_turnover_ratio": 1.71,
            "reinvestment_rate": null,
            "research_to_sale_ratio": 1.81,
            "price_fair": 6,
            "eps_avg_yearly": 2,
            "eps_latest_yearly": 2,
            "eps_growth_yearly": -15.38
        },
        "20123": {
            "year_quarter": 20123,
            "year": 2012,
            "quarter": 3,
            "eps": 0.84,
            "eps_growth_year": null,
            "eps_4q": 1.86,
            "eps_4q_growth_year": null,
            "roe": 6.4,
            "roe_4q": 14.129999999999999,
            "gross_profit": 132652,
            "gross_margin": 26.61,
            "gross_margin_4q_avg": 17.16,
            "net_income": 75951,
            "net_income_4q": null,
            "revenue": 498593,
            "revenue_4q": null,
            "common_shares": 905550,
            "book_valuer_per_share": 13.53,
            "book_valuer_per_share_4q_avg": 13.17,
            "equity": 1225165,
            "current_ratio": 182.36,
            "debt_ratio": 36.79,
            "inventory_turnover_ratio": 1.7,
            "account_receivable_turnover_ratio": 2.02,
            "reinvestment_rate": null,
            "research_to_sale_ratio": 1.62,
            "price_fair": 93.8,
            "eps_avg_yearly": 2.68,
            "eps_latest_yearly": 3.36,
            "eps_growth_yearly": 128.31
        },
        "20124": {
            "year_quarter": 20124,
            "year": 2012,
            "quarter": 4,
            "eps": 0.66,
            "eps_growth_year": null,
            "eps_4q": 2.34,
            "eps_4q_growth_year": null,
            "roe": 4.52,
            "roe_4q": 18.65,
            "gross_profit": 127764,
            "gross_margin": 25.19,
            "gross_margin_4q_avg": 23.46,
            "net_income": 65997,
            "net_income_4q": null,
            "revenue": 507138,
            "revenue_4q": null,
            "common_shares": 1000000,
            "book_valuer_per_share": 16.95,
            "book_valuer_per_share_4q_avg": 14.17,
            "equity": 1695238,
            "current_ratio": 244.42,
            "debt_ratio": 33.7,
            "inventory_turnover_ratio": 1.75,
            "account_receivable_turnover_ratio": 1.94,
            "reinvestment_rate": null,
            "research_to_sale_ratio": 2.52,
            "price_fair": 93.33,
            "eps_avg_yearly": 2.67,
            "eps_latest_yearly": 2.64,
            "eps_growth_yearly": 56.97
        },
        "20131": {
            "year_quarter": 20131,
            "year": 2013,
            "quarter": 1,
            "eps": 0.29,
            "eps_growth_year": -44.23,
            "eps_4q": 2.16,
            "eps_4q_growth_year": 111.34,
            "roe": 1.72,
            "roe_4q": 16.44,
            "gross_profit": 81233,
            "gross_margin": 18.99,
            "gross_margin_4q_avg": 23.03,
            "net_income": 29202,
            "net_income_4q": null,
            "revenue": 427698,
            "revenue_4q": null,
            "common_shares": 1000000,
            "book_valuer_per_share": 17.07,
            "book_valuer_per_share_4q_avg": 15.06,
            "equity": 1707263,
            "current_ratio": 255.32,
            "debt_ratio": 32.11,
            "inventory_turnover_ratio": 1.5,
            "account_receivable_turnover_ratio": 1.85,
            "reinvestment_rate": null,
            "research_to_sale_ratio": 1.19,
            "price_fair": 6.87,
            "eps_avg_yearly": 2.29,
            "eps_latest_yearly": 1.16,
            "eps_growth_yearly": -13.34
        },
        "20132": {
            "year_quarter": 20132,
            "year": 2013,
            "quarter": 2,
            "eps": 0.73,
            "eps_growth_year": 46.59,
            "eps_4q": 2.46,
            "eps_4q_growth_year": 141.86,
            "roe": 4.43,
            "roe_4q": 17.07,
            "gross_profit": 121528,
            "gross_margin": 25.34,
            "gross_margin_4q_avg": 24.03,
            "net_income": 72535,
            "net_income_4q": null,
            "revenue": 479510,
            "revenue_4q": null,
            "common_shares": 1000000,
            "book_valuer_per_share": 15.86,
            "book_valuer_per_share_4q_avg": 15.85,
            "equity": 1570473,
            "current_ratio": 168.31,
            "debt_ratio": 39.51,
            "inventory_turnover_ratio": 1.34,
            "account_receivable_turnover_ratio": 1.9,
            "reinvestment_rate": null,
            "research_to_sale_ratio": 1.16,
            "price_fair": 84.56,
            "eps_avg_yearly": 2.42,
            "eps_latest_yearly": 2.92,
            "eps_growth_yearly": 110.71
        },
        "20133": {
            "year_quarter": 20133,
            "year": 2013,
            "quarter": 3,
            "eps": 0.51,
            "eps_growth_year": -39.19,
            "eps_4q": 2.21,
            "eps_4q_growth_year": 19.13,
            "roe": 3.17,
            "roe_4q": 13.84,
            "gross_profit": 96918,
            "gross_margin": 20.55,
            "gross_margin_4q_avg": 22.52,
            "net_income": 50481,
            "net_income_4q": null,
            "revenue": 471617,
            "revenue_4q": null,
            "common_shares": 1000000,
            "book_valuer_per_share": 16.32,
            "book_valuer_per_share_4q_avg": 16.55,
            "equity": 1610554,
            "current_ratio": 223.73,
            "debt_ratio": 31.64,
            "inventory_turnover_ratio": 1.34,
            "account_receivable_turnover_ratio": 1.68,
            "reinvestment_rate": null,
            "research_to_sale_ratio": 1.28,
            "price_fair": 82.37,
            "eps_avg_yearly": 2.35,
            "eps_latest_yearly": 2.04,
            "eps_growth_yearly": 72.17
        },
        "20134": {
            "year_quarter": 20134,
            "year": 2013,
            "quarter": 4,
            "eps": 0.06,
            "eps_growth_year": -90.79,
            "eps_4q": 1.6,
            "eps_4q_growth_year": -31.5,
            "roe": 0.37,
            "roe_4q": 9.69,
            "gross_profit": 38646,
            "gross_margin": 10.05,
            "gross_margin_4q_avg": 18.73,
            "net_income": 6000,
            "net_income_4q": null,
            "revenue": 384369,
            "revenue_4q": null,
            "common_shares": 1000000,
            "book_valuer_per_share": 16.38,
            "book_valuer_per_share_4q_avg": 16.41,
            "equity": 1616564,
            "current_ratio": 226.59,
            "debt_ratio": 30.66,
            "inventory_turnover_ratio": 1.37,
            "account_receivable_turnover_ratio": 1.57,
            "reinvestment_rate": null,
            "research_to_sale_ratio": 1.39,
            "price_fair": 43.98,
            "eps_avg_yearly": 2.05,
            "eps_latest_yearly": 0.24,
            "eps_growth_yearly": 11.44
        },
        "20141": {
            "year_quarter": 20141,
            "year": 2014,
            "quarter": 1,
            "eps": 0.18,
            "eps_growth_year": -37.93,
            "eps_4q": 1.5,
            "eps_4q_growth_year": -30.84,
            "roe": 1.11,
            "roe_4q": 9.08,
            "gross_profit": 57814,
            "gross_margin": 15.68,
            "gross_margin_4q_avg": 17.91,
            "net_income": 17903,
            "net_income_4q": null,
            "revenue": 368806,
            "revenue_4q": null,
            "common_shares": 1000000,
            "book_valuer_per_share": 16.49,
            "book_valuer_per_share_4q_avg": 16.26,
            "equity": 1619373,
            "current_ratio": 223.05,
            "debt_ratio": 29.95,
            "inventory_turnover_ratio": 1.27,
            "account_receivable_turnover_ratio": 1.61,
            "reinvestment_rate": null,
            "research_to_sale_ratio": 3.01,
            "price_fair": 65.98,
            "eps_avg_yearly": 1.89,
            "eps_latest_yearly": 0.72,
            "eps_growth_yearly": 110.01
        },
        "20142": {
            "year_quarter": 20142,
            "year": 2014,
            "quarter": 2,
            "eps": 0.06,
            "eps_growth_year": -91.78,
            "eps_4q": 0.78,
            "eps_4q_growth_year": -68.34,
            "roe": 0.37,
            "roe_4q": 5.02,
            "gross_profit": 56794,
            "gross_margin": 12.69,
            "gross_margin_4q_avg": 14.74,
            "net_income": 5949,
            "net_income_4q": null,
            "revenue": 447654,
            "revenue_4q": null,
            "common_shares": 1050000,
            "book_valuer_per_share": 15.72,
            "book_valuer_per_share_4q_avg": 16.23,
            "equity": 1590217,
            "current_ratio": 186.76,
            "debt_ratio": 31.52,
            "inventory_turnover_ratio": 1.59,
            "account_receivable_turnover_ratio": 1.74,
            "reinvestment_rate": null,
            "research_to_sale_ratio": 2.21,
            "price_fair": 59.58,
            "eps_avg_yearly": 1.7,
            "eps_latest_yearly": 0.24,
            "eps_growth_yearly": 68.16
        },
        "20143": {
            "year_quarter": 20143,
            "year": 2014,
            "quarter": 3,
            "eps": -0.18,
            "eps_growth_year": -135.29,
            "eps_4q": 0.11,
            "eps_4q_growth_year": -95.19,
            "roe": -1.19,
            "roe_4q": 0.6600000000000001,
            "gross_profit": 19556,
            "gross_margin": 5.02,
            "gross_margin_4q_avg": 10.86,
            "net_income": -18774,
            "net_income_4q": null,
            "revenue": 389297,
            "revenue_4q": null,
            "common_shares": 1060000,
            "book_valuer_per_share": 15.39,
            "book_valuer_per_share_4q_avg": 16,
            "equity": 1575034,
            "current_ratio": 180.63,
            "debt_ratio": 30.09,
            "inventory_turnover_ratio": 1.6,
            "account_receivable_turnover_ratio": 1.51,
            "reinvestment_rate": null,
            "research_to_sale_ratio": 3.82,
            "price_fair": 59.58,
            "eps_avg_yearly": 1.7,
            "eps_latest_yearly": 0.24,
            "eps_growth_yearly": 68.16
        },
        "20144": {
            "year_quarter": 20144,
            "year": 2014,
            "quarter": 4,
            "eps": -0.41,
            "eps_growth_year": -766.12,
            "eps_4q": -0.36,
            "eps_4q_growth_year": -122.22,
            "roe": -2.71,
            "roe_4q": -2.42,
            "gross_profit": -4113,
            "gross_margin": -1.4,
            "gross_margin_4q_avg": 8,
            "net_income": -42198,
            "net_income_4q": null,
            "revenue": 293066,
            "revenue_4q": null,
            "common_shares": 1060000,
            "book_valuer_per_share": 14.99,
            "book_valuer_per_share_4q_avg": 15.65,
            "equity": 1533800,
            "current_ratio": 266.96,
            "debt_ratio": 36.93,
            "inventory_turnover_ratio": 1.29,
            "account_receivable_turnover_ratio": 1.39,
            "reinvestment_rate": 176.69,
            "research_to_sale_ratio": 6.99,
            "price_fair": 59.58,
            "eps_avg_yearly": 1.7,
            "eps_latest_yearly": 0.24,
            "eps_growth_yearly": 68.16
        },
        "20151": {
            "year_quarter": 20151,
            "year": 2015,
            "quarter": 1,
            "eps": -0.45,
            "eps_growth_year": -350,
            "eps_4q": -0.97,
            "eps_4q_growth_year": -165.14,
            "roe": -3.07,
            "roe_4q": -6.599999999999999,
            "gross_profit": 10400,
            "gross_margin": 3.83,
            "gross_margin_4q_avg": 5.04,
            "net_income": -46472,
            "net_income_4q": null,
            "revenue": 271550,
            "revenue_4q": null,
            "common_shares": 1060000,
            "book_valuer_per_share": 14.55,
            "book_valuer_per_share_4q_avg": 15.16,
            "equity": 1488978,
            "current_ratio": 242.88,
            "debt_ratio": 36.75,
            "inventory_turnover_ratio": 1.06,
            "account_receivable_turnover_ratio": 1.53,
            "reinvestment_rate": 193.27,
            "research_to_sale_ratio": 12.87,
            "price_fair": 59.58,
            "eps_avg_yearly": 1.7,
            "eps_latest_yearly": 0.24,
            "eps_growth_yearly": 68.16
        },
        "20152": {
            "year_quarter": 20152,
            "year": 2015,
            "quarter": 2,
            "eps": -0.23,
            "eps_growth_year": -483.33,
            "eps_4q": -1.27,
            "eps_4q_growth_year": -262.45,
            "roe": -1.67,
            "roe_4q": -8.64,
            "gross_profit": 24860,
            "gross_margin": 6.98,
            "gross_margin_4q_avg": 3.61,
            "net_income": -24367,
            "net_income_4q": null,
            "revenue": 356016,
            "revenue_4q": null,
            "common_shares": 1059400,
            "book_valuer_per_share": 13.77,
            "book_valuer_per_share_4q_avg": 14.68,
            "equity": 1434134,
            "current_ratio": 199.67,
            "debt_ratio": 38.9,
            "inventory_turnover_ratio": 1.28,
            "account_receivable_turnover_ratio": 1.68,
            "reinvestment_rate": 205.77,
            "research_to_sale_ratio": 6.36,
            "price_fair": 59.58,
            "eps_avg_yearly": 1.7,
            "eps_latest_yearly": 0.24,
            "eps_growth_yearly": 68.16
        },
        "20153": {
            "year_quarter": 20153,
            "year": 2015,
            "quarter": 3,
            "eps": -0.06,
            "eps_growth_year": null,
            "eps_4q": -1.15,
            "eps_4q_growth_year": -1179.67,
            "roe": -0.42,
            "roe_4q": -7.87,
            "gross_profit": 31477,
            "gross_margin": 7.59,
            "gross_margin_4q_avg": 4.25,
            "net_income": -6044,
            "net_income_4q": null,
            "revenue": 414889,
            "revenue_4q": null,
            "common_shares": 1059400,
            "book_valuer_per_share": 13.71,
            "book_valuer_per_share_4q_avg": 14.26,
            "equity": 1421882,
            "current_ratio": 198.42,
            "debt_ratio": 38.17,
            "inventory_turnover_ratio": 1.49,
            "account_receivable_turnover_ratio": 1.67,
            "reinvestment_rate": 244.98,
            "research_to_sale_ratio": 2.97,
            "price_fair": 59.58,
            "eps_avg_yearly": 1.7,
            "eps_latest_yearly": 0.24,
            "eps_growth_yearly": 68.16
        },
        "20154": {
            "year_quarter": 20154,
            "year": 2015,
            "quarter": 4,
            "eps": -0.39,
            "eps_growth_year": null,
            "eps_4q": -1.13,
            "eps_4q_growth_year": null,
            "roe": -2.9,
            "roe_4q": -8.06,
            "gross_profit": 1695,
            "gross_margin": 0.47,
            "gross_margin_4q_avg": 4.72,
            "net_income": -40734,
            "net_income_4q": null,
            "revenue": 363566,
            "revenue_4q": null,
            "common_shares": 1059030,
            "book_valuer_per_share": 13.34,
            "book_valuer_per_share_4q_avg": 13.84,
            "equity": 1382602,
            "current_ratio": 218.73,
            "debt_ratio": 41.26,
            "inventory_turnover_ratio": 1.46,
            "account_receivable_turnover_ratio": 1.44,
            "reinvestment_rate": 263.42,
            "research_to_sale_ratio": 4.96,
            "price_fair": 59.58,
            "eps_avg_yearly": 1.7,
            "eps_latest_yearly": 0.24,
            "eps_growth_yearly": 68.16
        },
        "20161": {
            "year_quarter": 20161,
            "year": 2016,
            "quarter": 1,
            "eps": -0.26,
            "eps_growth_year": null,
            "eps_4q": -0.94,
            "eps_4q_growth_year": null,
            "roe": -1.93,
            "roe_4q": -6.92,
            "gross_profit": 21785,
            "gross_margin": 6.66,
            "gross_margin_4q_avg": 5.43,
            "net_income": -26478,
            "net_income_4q": null,
            "revenue": 327227,
            "revenue_4q": null,
            "common_shares": 1059030,
            "book_valuer_per_share": 13.09,
            "book_valuer_per_share_4q_avg": 13.48,
            "equity": 1357624,
            "current_ratio": 233.49,
            "debt_ratio": 39.94,
            "inventory_turnover_ratio": 1.23,
            "account_receivable_turnover_ratio": 1.27,
            "reinvestment_rate": 211.76,
            "research_to_sale_ratio": 5.1,
            "price_fair": 59.58,
            "eps_avg_yearly": 1.7,
            "eps_latest_yearly": 0.24,
            "eps_growth_yearly": 68.16
        },
        "20162": {
            "year_quarter": 20162,
            "year": 2016,
            "quarter": 2,
            "eps": -0.11,
            "eps_growth_year": null,
            "eps_4q": -0.8,
            "eps_4q_growth_year": null,
            "roe": -0.83,
            "roe_4q": -6.08,
            "gross_profit": 39026,
            "gross_margin": 11.4,
            "gross_margin_4q_avg": 6.53,
            "net_income": -11173,
            "net_income_4q": null,
            "revenue": 342246,
            "revenue_4q": null,
            "common_shares": 1069150,
            "book_valuer_per_share": 12.75,
            "book_valuer_per_share_4q_avg": 13.22,
            "equity": 1347722,
            "current_ratio": 230.79,
            "debt_ratio": 40.43,
            "inventory_turnover_ratio": 1.17,
            "account_receivable_turnover_ratio": 1.3,
            "reinvestment_rate": 240.8,
            "research_to_sale_ratio": 6.82,
            "price_fair": 58.28,
            "eps_avg_yearly": 1.67,
            "eps_latest_yearly": 0.24,
            "eps_growth_yearly": 78.6
        },
        "20163": {
            "year_quarter": 20163,
            "year": 2016,
            "quarter": 3,
            "eps": 0.09,
            "eps_growth_year": null,
            "eps_4q": -0.65,
            "eps_4q_growth_year": null,
            "roe": 0.72,
            "roe_4q": -4.9399999999999995,
            "gross_profit": 63875,
            "gross_margin": 16.32,
            "gross_margin_4q_avg": 8.71,
            "net_income": 9740,
            "net_income_4q": null,
            "revenue": 391314,
            "revenue_4q": null,
            "common_shares": 1066130,
            "book_valuer_per_share": 12.88,
            "book_valuer_per_share_4q_avg": 13.02,
            "equity": 1360502,
            "current_ratio": 262.47,
            "debt_ratio": 38.97,
            "inventory_turnover_ratio": 1.23,
            "account_receivable_turnover_ratio": 1.4,
            "reinvestment_rate": 310.95,
            "research_to_sale_ratio": 5.05,
            "price_fair": 49.8,
            "eps_avg_yearly": 1.42,
            "eps_latest_yearly": 0.24,
            "eps_growth_yearly": 50.97
        },
        "20164": {
            "year_quarter": 20164,
            "year": 2016,
            "quarter": 4,
            "eps": -0.2,
            "eps_growth_year": null,
            "eps_4q": -0.47,
            "eps_4q_growth_year": null,
            "roe": -1.58,
            "roe_4q": -3.62,
            "gross_profit": 17875,
            "gross_margin": 4.99,
            "gross_margin_4q_avg": 9.84,
            "net_income": -21359,
            "net_income_4q": null,
            "revenue": 358417,
            "revenue_4q": null,
            "common_shares": 1066130,
            "book_valuer_per_share": 12.7,
            "book_valuer_per_share_4q_avg": 12.86,
            "equity": 1341693,
            "current_ratio": 248.12,
            "debt_ratio": 40.1,
            "inventory_turnover_ratio": 1.26,
            "account_receivable_turnover_ratio": 1.28,
            "reinvestment_rate": null,
            "research_to_sale_ratio": 4.31,
            "price_fair": 42.7,
            "eps_avg_yearly": 1.22,
            "eps_latest_yearly": 0.24,
            "eps_growth_yearly": 73.75
        },
        "20171": {
            "year_quarter": 20171,
            "year": 2017,
            "quarter": 1,
            "eps": 0.01,
            "eps_growth_year": null,
            "eps_4q": -0.21,
            "eps_4q_growth_year": null,
            "roe": 0.08,
            "roe_4q": -1.6099999999999999,
            "gross_profit": 37275,
            "gross_margin": 10.62,
            "gross_margin_4q_avg": 10.83,
            "net_income": 1090,
            "net_income_4q": null,
            "revenue": 350841,
            "revenue_4q": null,
            "common_shares": 1066130,
            "book_valuer_per_share": 12.74,
            "book_valuer_per_share_4q_avg": 12.77,
            "equity": 1345723,
            "current_ratio": 298.8,
            "debt_ratio": 37.44,
            "inventory_turnover_ratio": 1.13,
            "account_receivable_turnover_ratio": 1.27,
            "reinvestment_rate": null,
            "research_to_sale_ratio": 3.52,
            "price_fair": 43.12,
            "eps_avg_yearly": 1.23,
            "eps_latest_yearly": 0.24,
            "eps_growth_yearly": 133.35
        },
        "20172": {
            "year_quarter": 20172,
            "year": 2017,
            "quarter": 2,
            "eps": 0.04,
            "eps_growth_year": null,
            "eps_4q": -0.06,
            "eps_4q_growth_year": null,
            "roe": 0.34,
            "roe_4q": -0.44000000000000017,
            "gross_profit": 46918,
            "gross_margin": 12.54,
            "gross_margin_4q_avg": 11.12,
            "net_income": 4590,
            "net_income_4q": null,
            "revenue": 374195,
            "revenue_4q": null,
            "common_shares": 1058680,
            "book_valuer_per_share": 12.83,
            "book_valuer_per_share_4q_avg": 12.79,
            "equity": 1352761,
            "current_ratio": 308.51,
            "debt_ratio": 36.93,
            "inventory_turnover_ratio": 1.12,
            "account_receivable_turnover_ratio": 1.29,
            "reinvestment_rate": null,
            "research_to_sale_ratio": 2.57,
            "price_fair": 23.8,
            "eps_avg_yearly": 0.68,
            "eps_latest_yearly": 0.16,
            "eps_growth_yearly": 251.97
        },
        "20173": {
            "year_quarter": 20173,
            "year": 2017,
            "quarter": 3,
            "eps": 0.01,
            "eps_growth_year": -88.89,
            "eps_4q": -0.13,
            "eps_4q_growth_year": null,
            "roe": 0.05,
            "roe_4q": -1.11,
            "gross_profit": 46256,
            "gross_margin": 11.88,
            "gross_margin_4q_avg": 10.01,
            "net_income": 679,
            "net_income_4q": null,
            "revenue": 389404,
            "revenue_4q": null,
            "common_shares": 1157540,
            "book_valuer_per_share": 14.39,
            "book_valuer_per_share_4q_avg": 13.17,
            "equity": 1659746,
            "current_ratio": 396.23,
            "debt_ratio": 32.4,
            "inventory_turnover_ratio": 1.12,
            "account_receivable_turnover_ratio": 1.31,
            "reinvestment_rate": null,
            "research_to_sale_ratio": 3.73,
            "price_fair": 9.8,
            "eps_avg_yearly": 0.28,
            "eps_latest_yearly": 0.04,
            "eps_growth_yearly": 216.08
        },
        "20174": {
            "year_quarter": 20174,
            "year": 2017,
            "quarter": 4,
            "eps": 0.04,
            "eps_growth_year": null,
            "eps_4q": 0.1,
            "eps_4q_growth_year": null,
            "roe": 0.28,
            "roe_4q": 0.75,
            "gross_profit": 50078,
            "gross_margin": 13.08,
            "gross_margin_4q_avg": 12.03,
            "net_income": 4604,
            "net_income_4q": null,
            "revenue": 382872,
            "revenue_4q": null,
            "common_shares": 1156450,
            "book_valuer_per_share": 14.44,
            "book_valuer_per_share_4q_avg": 13.6,
            "equity": 1664696,
            "current_ratio": 375.55,
            "debt_ratio": 32.57,
            "inventory_turnover_ratio": 1.06,
            "account_receivable_turnover_ratio": 1.28,
            "reinvestment_rate": null,
            "research_to_sale_ratio": 3.42,
            "price_fair": 9.24,
            "eps_avg_yearly": 0.26,
            "eps_latest_yearly": 0.16,
            "eps_growth_yearly": 526.67
        },
        "20181": {
            "year_quarter": 20181,
            "year": 2018,
            "quarter": 1,
            "eps": 0.07,
            "eps_growth_year": 600,
            "eps_4q": 0.15,
            "eps_4q_growth_year": null,
            "roe": 0.46,
            "roe_4q": 1.1300000000000001,
            "gross_profit": 48643,
            "gross_margin": 12.49,
            "gross_margin_4q_avg": 12.5,
            "net_income": 7622,
            "net_income_4q": null,
            "revenue": 389401,
            "revenue_4q": null,
            "common_shares": 1156450,
            "book_valuer_per_share": 14.52,
            "book_valuer_per_share_4q_avg": 14.05,
            "equity": 1673072,
            "current_ratio": 402.05,
            "debt_ratio": 31.11,
            "inventory_turnover_ratio": 1.04,
            "account_receivable_turnover_ratio": 1.28,
            "reinvestment_rate": null,
            "research_to_sale_ratio": 4.27,
            "price_fair": 6.16,
            "eps_avg_yearly": 0.18,
            "eps_latest_yearly": 0.28,
            "eps_growth_yearly": 426.67
        },
        "20182": {
            "year_quarter": 20182,
            "year": 2018,
            "quarter": 2,
            "eps": 0.25,
            "eps_growth_year": 525,
            "eps_4q": 0.36,
            "eps_4q_growth_year": null,
            "roe": 1.66,
            "roe_4q": 2.45,
            "gross_profit": 49784,
            "gross_margin": 11.09,
            "gross_margin_4q_avg": 12.14,
            "net_income": 28050,
            "net_income_4q": null,
            "revenue": 448780,
            "revenue_4q": null,
            "common_shares": 1156450,
            "book_valuer_per_share": 14.77,
            "book_valuer_per_share_4q_avg": 14.53,
            "equity": 1702460,
            "current_ratio": 346.89,
            "debt_ratio": 32.63,
            "inventory_turnover_ratio": 1.14,
            "account_receivable_turnover_ratio": 1.31,
            "reinvestment_rate": null,
            "research_to_sale_ratio": 1.95,
            "price_fair": 11.48,
            "eps_avg_yearly": 0.33,
            "eps_latest_yearly": 1,
            "eps_growth_yearly": 685.71
        },
        "20183": {
            "year_quarter": 20183,
            "year": 2018,
            "quarter": 3,
            "eps": 0.11,
            "eps_growth_year": 1000,
            "eps_4q": 0.45,
            "eps_4q_growth_year": null,
            "roe": 0.75,
            "roe_4q": 3.1500000000000004,
            "gross_profit": 66243,
            "gross_margin": 14.3,
            "gross_margin_4q_avg": 12.74,
            "net_income": 12824,
            "net_income_4q": null,
            "revenue": 463377,
            "revenue_4q": null,
            "common_shares": 1175540,
            "book_valuer_per_share": 14.8,
            "book_valuer_per_share_4q_avg": 14.63,
            "equity": 1739724,
            "current_ratio": 353.74,
            "debt_ratio": 31.78,
            "inventory_turnover_ratio": 1.08,
            "account_receivable_turnover_ratio": 1.16,
            "reinvestment_rate": null,
            "research_to_sale_ratio": 2.18,
            "price_fair": 12.13,
            "eps_avg_yearly": 0.35,
            "eps_latest_yearly": 0.44,
            "eps_growth_yearly": 534.1
        },
        "20184": {
            "year_quarter": 20184,
            "year": 2018,
            "quarter": 4,
            "eps": 0.02,
            "eps_growth_year": -59.16,
            "eps_4q": 0.43,
            "eps_4q_growth_year": 350.84,
            "roe": 0.11,
            "roe_4q": 2.98,
            "gross_profit": 26772,
            "gross_margin": 6.88,
            "gross_margin_4q_avg": 11.19,
            "net_income": 1918,
            "net_income_4q": null,
            "revenue": 389268,
            "revenue_4q": null,
            "common_shares": 1175540,
            "book_valuer_per_share": 14.88,
            "book_valuer_per_share_4q_avg": 14.74,
            "equity": 1749138,
            "current_ratio": 351.49,
            "debt_ratio": 31.06,
            "inventory_turnover_ratio": 1.01,
            "account_receivable_turnover_ratio": 1,
            "reinvestment_rate": null,
            "research_to_sale_ratio": 2.25,
            "price_fair": 10.8,
            "eps_avg_yearly": 0.31,
            "eps_latest_yearly": 0.08,
            "eps_growth_yearly": 411.04
        },
        "20191": {
            "year_quarter": 20191,
            "year": 2019,
            "quarter": 1,
            "eps": -0.12,
            "eps_growth_year": -271.43,
            "eps_4q": 0.24,
            "eps_4q_growth_year": 60.17,
            "roe": -0.81,
            "roe_4q": 1.71,
            "gross_profit": 21839,
            "gross_margin": 6.34,
            "gross_margin_4q_avg": 9.65,
            "net_income": -14209,
            "net_income_4q": null,
            "revenue": 344703,
            "revenue_4q": null,
            "common_shares": 1175540,
            "book_valuer_per_share": 14.82,
            "book_valuer_per_share_4q_avg": 14.82,
            "equity": 1742498,
            "current_ratio": 418.99,
            "debt_ratio": 28.26,
            "inventory_turnover_ratio": 0.97,
            "account_receivable_turnover_ratio": 1.06,
            "reinvestment_rate": null,
            "research_to_sale_ratio": 3.49,
            "price_fair": 10.8,
            "eps_avg_yearly": 0.31,
            "eps_latest_yearly": 0.08,
            "eps_growth_yearly": 411.04
        },
        "20192": {
            "year_quarter": 20192,
            "year": 2019,
            "quarter": 2,
            "eps": -0.08,
            "eps_growth_year": -132,
            "eps_4q": -0.08,
            "eps_4q_growth_year": -121.2,
            "roe": -0.54,
            "roe_4q": -0.49,
            "gross_profit": 30849,
            "gross_margin": 9.25,
            "gross_margin_4q_avg": 9.19,
            "net_income": -9377,
            "net_income_4q": null,
            "revenue": 333595,
            "revenue_4q": null,
            "common_shares": 1173700,
            "book_valuer_per_share": 14.83,
            "book_valuer_per_share_4q_avg": 14.83,
            "equity": 1740245,
            "current_ratio": 377.44,
            "debt_ratio": 28.92,
            "inventory_turnover_ratio": 0.92,
            "account_receivable_turnover_ratio": 1.13,
            "reinvestment_rate": null,
            "research_to_sale_ratio": 5.14,
            "price_fair": 10.8,
            "eps_avg_yearly": 0.31,
            "eps_latest_yearly": 0.08,
            "eps_growth_yearly": 411.04
        },
        "20193": {
            "year_quarter": 20193,
            "year": 2019,
            "quarter": 3,
            "eps": -0.25,
            "eps_growth_year": -327.27,
            "eps_4q": -0.42,
            "eps_4q_growth_year": -192.29,
            "roe": -1.58,
            "roe_4q": -2.8200000000000003,
            "gross_profit": 6873,
            "gross_margin": 2.31,
            "gross_margin_4q_avg": 6.2,
            "net_income": -27261,
            "net_income_4q": null,
            "revenue": 297508,
            "revenue_4q": null,
            "common_shares": 1173700,
            "book_valuer_per_share": 14.63,
            "book_valuer_per_share_4q_avg": 14.79,
            "equity": 1717017,
            "current_ratio": 395.89,
            "debt_ratio": 27.46,
            "inventory_turnover_ratio": 0.89,
            "account_receivable_turnover_ratio": 1.05,
            "reinvestment_rate": null,
            "research_to_sale_ratio": 6.48,
            "price_fair": 10.8,
            "eps_avg_yearly": 0.31,
            "eps_latest_yearly": 0.08,
            "eps_growth_yearly": 411.04
        },
        "20194": {
            "year_quarter": 20194,
            "year": 2019,
            "quarter": 4,
            "eps": -0.36,
            "eps_growth_year": -2315.68,
            "eps_4q": -0.8,
            "eps_4q_growth_year": -285.98,
            "roe": -2.5,
            "roe_4q": -5.43,
            "gross_profit": -17946,
            "gross_margin": -6.76,
            "gross_margin_4q_avg": 2.79,
            "net_income": -42151,
            "net_income_4q": null,
            "revenue": 265589,
            "revenue_4q": null,
            "common_shares": 1171820,
            "book_valuer_per_share": 14.25,
            "book_valuer_per_share_4q_avg": 14.63,
            "equity": 1661877,
            "current_ratio": 378.93,
            "debt_ratio": 28.3,
            "inventory_turnover_ratio": 0.92,
            "account_receivable_turnover_ratio": 1.09,
            "reinvestment_rate": null,
            "research_to_sale_ratio": 2.17,
            "price_fair": 10.8,
            "eps_avg_yearly": 0.31,
            "eps_latest_yearly": 0.08,
            "eps_growth_yearly": 411.04
        },
        "20201": {
            "year_quarter": 20201,
            "year": 2020,
            "quarter": 1,
            "eps": -0.35,
            "eps_growth_year": null,
            "eps_4q": -1.01,
            "eps_4q_growth_year": -515.52,
            "roe": -2.46,
            "roe_4q": -7.08,
            "gross_profit": -12020,
            "gross_margin": -5.42,
            "gross_margin_4q_avg": -0.16,
            "net_income": -40081,
            "net_income_4q": null,
            "revenue": 221873,
            "revenue_4q": null,
            "common_shares": 1191820,
            "book_valuer_per_share": 13.6,
            "book_valuer_per_share_4q_avg": 14.33,
            "equity": 1600383,
            "current_ratio": 431.48,
            "debt_ratio": 26.26,
            "inventory_turnover_ratio": 0.81,
            "account_receivable_turnover_ratio": 1.1,
            "reinvestment_rate": null,
            "research_to_sale_ratio": 4.51,
            "price_fair": 10.8,
            "eps_avg_yearly": 0.31,
            "eps_latest_yearly": 0.08,
            "eps_growth_yearly": 411.04
        },
        "20202": {
            "year_quarter": 20202,
            "year": 2020,
            "quarter": 2,
            "eps": -0.32,
            "eps_growth_year": null,
            "eps_4q": -1.25,
            "eps_4q_growth_year": null,
            "roe": -2.3,
            "roe_4q": -8.84,
            "gross_profit": -15799,
            "gross_margin": -6.91,
            "gross_margin_4q_avg": -4.2,
            "net_income": -36301,
            "net_income_4q": null,
            "revenue": 228649,
            "revenue_4q": null,
            "common_shares": 1189210,
            "book_valuer_per_share": 13.3,
            "book_valuer_per_share_4q_avg": 13.95,
            "equity": 1549910,
            "current_ratio": 355.99,
            "debt_ratio": 28.15,
            "inventory_turnover_ratio": 0.79,
            "account_receivable_turnover_ratio": 1.15,
            "reinvestment_rate": null,
            "research_to_sale_ratio": 6.85,
            "price_fair": 10.8,
            "eps_avg_yearly": 0.31,
            "eps_latest_yearly": 0.08,
            "eps_growth_yearly": 411.04
        },
        "20203": {
            "year_quarter": 20203,
            "year": 2020,
            "quarter": 3,
            "eps": 0.09,
            "eps_growth_year": null,
            "eps_4q": -0.93,
            "eps_4q_growth_year": null,
            "roe": 0.65,
            "roe_4q": -6.609999999999999,
            "gross_profit": 42249,
            "gross_margin": 10.18,
            "gross_margin_4q_avg": -2.23,
            "net_income": 10134,
            "net_income_4q": null,
            "revenue": 415097,
            "revenue_4q": null,
            "common_shares": 1189210,
            "book_valuer_per_share": 13.43,
            "book_valuer_per_share_4q_avg": 13.65,
            "equity": 1566013,
            "current_ratio": 299.57,
            "debt_ratio": 30.2,
            "inventory_turnover_ratio": 1.11,
            "account_receivable_turnover_ratio": 1.32,
            "reinvestment_rate": null,
            "research_to_sale_ratio": 3.38,
            "price_fair": 10.8,
            "eps_avg_yearly": 0.31,
            "eps_latest_yearly": 0.08,
            "eps_growth_yearly": 411.04
        },
        "20204": {
            "year_quarter": 20204,
            "year": 2020,
            "quarter": 4,
            "eps": 0.08,
            "eps_growth_year": null,
            "eps_4q": -0.49,
            "eps_4q_growth_year": null,
            "roe": 0.59,
            "roe_4q": -3.5199999999999996,
            "gross_profit": 40630,
            "gross_margin": 8.04,
            "gross_margin_4q_avg": 1.47,
            "net_income": 9416,
            "net_income_4q": null,
            "revenue": 505508,
            "revenue_4q": null,
            "common_shares": 1188070,
            "book_valuer_per_share": 13.75,
            "book_valuer_per_share_4q_avg": 13.52,
            "equity": 1610312,
            "current_ratio": 262.83,
            "debt_ratio": 31.37,
            "inventory_turnover_ratio": 1.29,
            "account_receivable_turnover_ratio": 1.14,
            "reinvestment_rate": null,
            "research_to_sale_ratio": -0.92,
            "price_fair": 10.85,
            "eps_avg_yearly": 0.31,
            "eps_latest_yearly": 0.32,
            "eps_growth_yearly": 354.11
        },
        "20211": {
            "year_quarter": 20211,
            "year": 2021,
            "quarter": 1,
            "eps": 0.24,
            "eps_growth_year": null,
            "eps_4q": 0.1,
            "eps_4q_growth_year": null,
            "roe": 1.72,
            "roe_4q": 0.6600000000000001,
            "gross_profit": 62084,
            "gross_margin": 13.02,
            "gross_margin_4q_avg": 6.08,
            "net_income": 27918,
            "net_income_4q": null,
            "revenue": 476675,
            "revenue_4q": null,
            "common_shares": 1188070,
            "book_valuer_per_share": 14.04,
            "book_valuer_per_share_4q_avg": 13.63,
            "equity": 1644000,
            "current_ratio": 315.53,
            "debt_ratio": 31.39,
            "inventory_turnover_ratio": 1.08,
            "account_receivable_turnover_ratio": 0.99,
            "reinvestment_rate": null,
            "research_to_sale_ratio": 2.19,
            "price_fair": 13.38,
            "eps_avg_yearly": 0.38,
            "eps_latest_yearly": 0.96,
            "eps_growth_yearly": 403.65
        },
        "20212": {
            "year_quarter": 20212,
            "year": 2021,
            "quarter": 2,
            "eps": 0.12,
            "eps_growth_year": null,
            "eps_4q": 0.52,
            "eps_4q_growth_year": null,
            "roe": 0.83,
            "roe_4q": 3.7899999999999996,
            "gross_profit": 53949,
            "gross_margin": 12.34,
            "gross_margin_4q_avg": 10.9,
            "net_income": 13747,
            "net_income_4q": null,
            "revenue": 437187,
            "revenue_4q": null,
            "common_shares": 1188070,
            "book_valuer_per_share": 14.21,
            "book_valuer_per_share_4q_avg": 13.86,
            "equity": 1663518,
            "current_ratio": 301.11,
            "debt_ratio": 33.97,
            "inventory_turnover_ratio": 0.89,
            "account_receivable_turnover_ratio": 0.95,
            "reinvestment_rate": null,
            "research_to_sale_ratio": 1.88,
            "price_fair": 14.62,
            "eps_avg_yearly": 0.42,
            "eps_latest_yearly": 0.48,
            "eps_growth_yearly": 248.09
        },
        "20213": {
            "year_quarter": 20213,
            "year": 2021,
            "quarter": 3,
            "eps": -0.12,
            "eps_growth_year": -233.33,
            "eps_4q": 0.25,
            "eps_4q_growth_year": null,
            "roe": -0.72,
            "roe_4q": 2.42,
            "gross_profit": 15781,
            "gross_margin": 4.27,
            "gross_margin_4q_avg": 9.42,
            "net_income": -16348,
            "net_income_4q": null,
            "revenue": 369828,
            "revenue_4q": null,
            "common_shares": 1387410,
            "book_valuer_per_share": 21.05,
            "book_valuer_per_share_4q_avg": 15.76,
            "equity": 2885119,
            "current_ratio": 653.11,
            "debt_ratio": 20.93,
            "inventory_turnover_ratio": 0.72,
            "account_receivable_turnover_ratio": 0.95,
            "reinvestment_rate": null,
            "research_to_sale_ratio": 2.36,
            "price_fair": 16.28,
            "eps_avg_yearly": 0.47,
            "eps_latest_yearly": 0.48,
            "eps_growth_yearly": 316.61
        },
        "20214": {
            "year_quarter": 20214,
            "year": 2021,
            "quarter": 4,
            "eps": -0.14,
            "eps_growth_year": -275.05,
            "eps_4q": 0.04,
            "eps_4q_growth_year": null,
            "roe": -0.67,
            "roe_4q": 1.1599999999999997,
            "gross_profit": 16507,
            "gross_margin": 4.87,
            "gross_margin_4q_avg": 8.63,
            "net_income": -19289,
            "net_income_4q": null,
            "revenue": 339071,
            "revenue_4q": null,
            "common_shares": 1387410,
            "book_valuer_per_share": 20.92,
            "book_valuer_per_share_4q_avg": 17.56,
            "equity": 2867160,
            "current_ratio": 625.98,
            "debt_ratio": 20.97,
            "inventory_turnover_ratio": 0.62,
            "account_receivable_turnover_ratio": 1.04,
            "reinvestment_rate": null,
            "research_to_sale_ratio": 2.45,
            "price_fair": 17.8,
            "eps_avg_yearly": 0.51,
            "eps_latest_yearly": 0.48,
            "eps_growth_yearly": 190.41
        },
        "20221": {
            "year_quarter": 20221,
            "year": 2022,
            "quarter": 1,
            "eps": -0.14,
            "eps_growth_year": -158.33,
            "eps_4q": -0.3,
            "eps_4q_growth_year": -413.85,
            "roe": -0.67,
            "roe_4q": -1.23,
            "gross_profit": -11518,
            "gross_margin": -4.83,
            "gross_margin_4q_avg": 4.16,
            "net_income": -19124,
            "net_income_4q": null,
            "revenue": 238462,
            "revenue_4q": null,
            "common_shares": 1387410,
            "book_valuer_per_share": 20.79,
            "book_valuer_per_share_4q_avg": 19.24,
            "equity": 2849366,
            "current_ratio": 857.37,
            "debt_ratio": 18.26,
            "inventory_turnover_ratio": 0.46,
            "account_receivable_turnover_ratio": 0.89,
            "reinvestment_rate": null,
            "research_to_sale_ratio": 4.02,
            "price_fair": 19.13,
            "eps_avg_yearly": 0.55,
            "eps_latest_yearly": 0.48,
            "eps_growth_yearly": 172.14
        },
        "20222": {
            "year_quarter": 20222,
            "year": 2022,
            "quarter": 2,
            "eps": -0.14,
            "eps_growth_year": -216.67,
            "eps_4q": -0.54,
            "eps_4q_growth_year": -203.49,
            "roe": -0.68,
            "roe_4q": -2.74,
            "gross_profit": -5776,
            "gross_margin": -1.75,
            "gross_margin_4q_avg": 0.64,
            "net_income": -19374,
            "net_income_4q": null,
            "revenue": 329367,
            "revenue_4q": null,
            "common_shares": 1387410,
            "book_valuer_per_share": 20.66,
            "book_valuer_per_share_4q_avg": 20.86,
            "equity": 2831323,
            "current_ratio": 728.45,
            "debt_ratio": 18.99,
            "inventory_turnover_ratio": 0.61,
            "account_receivable_turnover_ratio": 1.36,
            "reinvestment_rate": null,
            "research_to_sale_ratio": 3.47,
            "price_fair": 4.56,
            "eps_avg_yearly": 0.46,
            "eps_latest_yearly": 0.48,
            "eps_growth_yearly": 0.86
        },
        "20223": {
            "year_quarter": 20223,
            "year": 2022,
            "quarter": 3,
            "eps": 0.21,
            "eps_growth_year": null,
            "eps_4q": -0.21,
            "eps_4q_growth_year": -184.12,
            "roe": 1,
            "roe_4q": -1.02,
            "gross_profit": 4822,
            "gross_margin": 1.5,
            "gross_margin_4q_avg": -0.05,
            "net_income": 28571,
            "net_income_4q": null,
            "revenue": 321343,
            "revenue_4q": null,
            "common_shares": 1387410,
            "book_valuer_per_share": 20.88,
            "book_valuer_per_share_4q_avg": 20.81,
            "equity": 2861278,
            "current_ratio": 746.13,
            "debt_ratio": 18.34,
            "inventory_turnover_ratio": 0.58,
            "account_receivable_turnover_ratio": 1.22,
            "reinvestment_rate": null,
            "research_to_sale_ratio": 0.41,
            "price_fair": 16.1,
            "eps_avg_yearly": 0.46,
            "eps_latest_yearly": 0.48,
            "eps_growth_yearly": 57.07
        },
        "20224": {
            "year_quarter": 20224,
            "year": 2022,
            "quarter": 4,
            "eps": -0.85,
            "eps_growth_year": null,
            "eps_4q": -0.93,
            "eps_4q_growth_year": -2207.84,
            "roe": -4.18,
            "roe_4q": -4.53,
            "gross_profit": -66608,
            "gross_margin": -26.83,
            "gross_margin_4q_avg": -7.98,
            "net_income": -117099,
            "net_income_4q": null,
            "revenue": 248233,
            "revenue_4q": null,
            "common_shares": 1387040,
            "book_valuer_per_share": 20.04,
            "book_valuer_per_share_4q_avg": 20.59,
            "equity": 2745223,
            "current_ratio": 722.32,
            "debt_ratio": 17.88,
            "inventory_turnover_ratio": 0.6,
            "account_receivable_turnover_ratio": 1.08,
            "reinvestment_rate": null,
            "research_to_sale_ratio": 4.98,
            "price_fair": 20.53,
            "eps_avg_yearly": 0.59,
            "eps_latest_yearly": 0.48,
            "eps_growth_yearly": 185.19
        },
        "20231": {
            "year_quarter": 20231,
            "year": 2023,
            "quarter": 1,
            "eps": -0.36,
            "eps_growth_year": null,
            "eps_4q": -1.14,
            "eps_4q_growth_year": null,
            "roe": -1.81,
            "roe_4q": -5.67,
            "gross_profit": -10695,
            "gross_margin": -4.27,
            "gross_margin_4q_avg": -7.84,
            "net_income": -49266,
            "net_income_4q": null,
            "revenue": 250383,
            "revenue_4q": null,
            "common_shares": 1387040,
            "book_valuer_per_share": 19.74,
            "book_valuer_per_share_4q_avg": 20.33,
            "equity": 2711436,
            "current_ratio": 669.86,
            "debt_ratio": 18.84,
            "inventory_turnover_ratio": 0.51,
            "account_receivable_turnover_ratio": 1.26,
            "reinvestment_rate": null,
            "research_to_sale_ratio": 4.55,
            "price_fair": 20.53,
            "eps_avg_yearly": 0.59,
            "eps_latest_yearly": 0.48,
            "eps_growth_yearly": 185.19
        },
        "20232": {
            "year_quarter": 20232,
            "year": 2023,
            "quarter": 2,
            "eps": -0.33,
            "eps_growth_year": null,
            "eps_4q": -1.32,
            "eps_4q_growth_year": null,
            "roe": -1.68,
            "roe_4q": -6.67,
            "gross_profit": -37094,
            "gross_margin": -15.41,
            "gross_margin_4q_avg": -11.25,
            "net_income": -45186,
            "net_income_4q": null,
            "revenue": 240705,
            "revenue_4q": null,
            "common_shares": 1397040,
            "book_valuer_per_share": 19.28,
            "book_valuer_per_share_4q_avg": 19.99,
            "equity": 2667105,
            "current_ratio": 660.59,
            "debt_ratio": 19.56,
            "inventory_turnover_ratio": 0.55,
            "account_receivable_turnover_ratio": 1.16,
            "reinvestment_rate": null,
            "research_to_sale_ratio": 4.36,
            "price_fair": 20.53,
            "eps_avg_yearly": 0.59,
            "eps_latest_yearly": 0.48,
            "eps_growth_yearly": 185.19
        },
        "20233": {
            "year_quarter": 20233,
            "year": 2023,
            "quarter": 3,
            "eps": -0.21,
            "eps_growth_year": -200,
            "eps_4q": -1.73,
            "eps_4q_growth_year": null,
            "roe": -1.11,
            "roe_4q": -8.78,
            "gross_profit": -30069,
            "gross_margin": -13.85,
            "gross_margin_4q_avg": -15.09,
            "net_income": -29341,
            "net_income_4q": null,
            "revenue": 217180,
            "revenue_4q": null,
            "common_shares": 1406900,
            "book_valuer_per_share": 18.96,
            "book_valuer_per_share_4q_avg": 19.51,
            "equity": 2641900,
            "current_ratio": 648.56,
            "debt_ratio": 18.86,
            "inventory_turnover_ratio": 0.51,
            "account_receivable_turnover_ratio": 1.08,
            "reinvestment_rate": null,
            "research_to_sale_ratio": 4.59,
            "price_fair": 20.53,
            "eps_avg_yearly": 0.59,
            "eps_latest_yearly": 0.48,
            "eps_growth_yearly": 185.19
        }
    },
    "months": {
        "2011-01": {
            "month": "2011-01",
            "price": "41.04",
            "revenue": 93161
        },
        "2011-02": {
            "month": "2011-02",
            "price": "38.59",
            "revenue": 84061
        },
        "2011-03": {
            "month": "2011-03",
            "price": "39.39",
            "revenue": 113905
        },
        "2011-04": {
            "month": "2011-04",
            "price": "38.63",
            "revenue": 101981
        },
        "2011-05": {
            "month": "2011-05",
            "price": "37.71",
            "revenue": 97609
        },
        "2011-06": {
            "month": "2011-06",
            "price": "40.27",
            "revenue": 104827
        },
        "2011-07": {
            "month": "2011-07",
            "price": "46.86",
            "revenue": 110572
        },
        "2011-08": {
            "month": "2011-08",
            "price": "48.32",
            "revenue": 124422
        },
        "2011-09": {
            "month": "2011-09",
            "price": "49.90",
            "revenue": 139200
        },
        "2011-10": {
            "month": "2011-10",
            "price": "51.71",
            "revenue": 145263
        },
        "2011-11": {
            "month": "2011-11",
            "price": "48.87",
            "revenue": 151268
        },
        "2011-12": {
            "month": "2011-12",
            "price": "45.06",
            "revenue": 138458
        },
        "2012-01": {
            "month": "2012-01",
            "price": "45.34",
            "revenue": 114647
        },
        "2012-02": {
            "month": "2012-02",
            "price": "52.35",
            "revenue": 133827
        },
        "2012-03": {
            "month": "2012-03",
            "price": "55.10",
            "revenue": 161267
        },
        "2012-04": {
            "month": "2012-04",
            "price": "55.33",
            "revenue": 130125
        },
        "2012-05": {
            "month": "2012-05",
            "price": "55.30",
            "revenue": 121675
        },
        "2012-06": {
            "month": "2012-06",
            "price": "53.35",
            "revenue": 136202
        },
        "2012-07": {
            "month": "2012-07",
            "price": "50.52",
            "revenue": 149001
        },
        "2012-08": {
            "month": "2012-08",
            "price": "50.12",
            "revenue": 172280
        },
        "2012-09": {
            "month": "2012-09",
            "price": "50.36",
            "revenue": 177312
        },
        "2012-10": {
            "month": "2012-10",
            "price": "51.33",
            "revenue": 185905
        },
        "2012-11": {
            "month": "2012-11",
            "price": "39.83",
            "revenue": 163811
        },
        "2012-12": {
            "month": "2012-12",
            "price": "37.34",
            "revenue": 157422
        },
        "2013-01": {
            "month": "2013-01",
            "price": "37.52",
            "revenue": 166770
        },
        "2013-02": {
            "month": "2013-02",
            "price": "39.21",
            "revenue": 115040
        },
        "2013-03": {
            "month": "2013-03",
            "price": "40.50",
            "revenue": 145888
        },
        "2013-04": {
            "month": "2013-04",
            "price": "38.86",
            "revenue": 164686
        },
        "2013-05": {
            "month": "2013-05",
            "price": "36.57",
            "revenue": 177829
        },
        "2013-06": {
            "month": "2013-06",
            "price": "35.60",
            "revenue": 136995
        },
        "2013-07": {
            "month": "2013-07",
            "price": "33.38",
            "revenue": 170480
        },
        "2013-08": {
            "month": "2013-08",
            "price": "32.87",
            "revenue": 154662
        },
        "2013-09": {
            "month": "2013-09",
            "price": "32.55",
            "revenue": 146475
        },
        "2013-10": {
            "month": "2013-10",
            "price": "32.58",
            "revenue": 152281
        },
        "2013-11": {
            "month": "2013-11",
            "price": "28.10",
            "revenue": 125451
        },
        "2013-12": {
            "month": "2013-12",
            "price": "28.21",
            "revenue": 106637
        },
        "2014-01": {
            "month": "2014-01",
            "price": "30.96",
            "revenue": 118530
        },
        "2014-02": {
            "month": "2014-02",
            "price": "32.57",
            "revenue": 114898
        },
        "2014-03": {
            "month": "2014-03",
            "price": "34.19",
            "revenue": 135378
        },
        "2014-04": {
            "month": "2014-04",
            "price": "33.03",
            "revenue": 156946
        },
        "2014-05": {
            "month": "2014-05",
            "price": "32.29",
            "revenue": 151500
        },
        "2014-06": {
            "month": "2014-06",
            "price": "32.15",
            "revenue": 139208
        },
        "2014-07": {
            "month": "2014-07",
            "price": "31.34",
            "revenue": 139659
        },
        "2014-08": {
            "month": "2014-08",
            "price": "30.35",
            "revenue": 121695
        },
        "2014-09": {
            "month": "2014-09",
            "price": "28.42",
            "revenue": 127943
        },
        "2014-10": {
            "month": "2014-10",
            "price": "22.91",
            "revenue": 102519
        },
        "2014-11": {
            "month": "2014-11",
            "price": "20.75",
            "revenue": 89000
        },
        "2014-12": {
            "month": "2014-12",
            "price": "21.77",
            "revenue": 101547
        },
        "2015-01": {
            "month": "2015-01",
            "price": "24.37",
            "revenue": 93822
        },
        "2015-02": {
            "month": "2015-02",
            "price": "24.38",
            "revenue": 68207
        },
        "2015-03": {
            "month": "2015-03",
            "price": "23.45",
            "revenue": 109521
        },
        "2015-04": {
            "month": "2015-04",
            "price": "22.82",
            "revenue": 105982
        },
        "2015-05": {
            "month": "2015-05",
            "price": "19.72",
            "revenue": 116653
        },
        "2015-06": {
            "month": "2015-06",
            "price": "16.72",
            "revenue": 133382
        },
        "2015-07": {
            "month": "2015-07",
            "price": "18.72",
            "revenue": 140739
        },
        "2015-08": {
            "month": "2015-08",
            "price": "17.36",
            "revenue": 138759
        },
        "2015-09": {
            "month": "2015-09",
            "price": "15.95",
            "revenue": 135390
        },
        "2015-10": {
            "month": "2015-10",
            "price": "16.46",
            "revenue": 141572
        },
        "2015-11": {
            "month": "2015-11",
            "price": "15.66",
            "revenue": 121995
        },
        "2015-12": {
            "month": "2015-12",
            "price": "15.35",
            "revenue": 100000
        },
        "2016-01": {
            "month": "2016-01",
            "price": "15.09",
            "revenue": 105927
        },
        "2016-02": {
            "month": "2016-02",
            "price": "16.02",
            "revenue": 88345
        },
        "2016-03": {
            "month": "2016-03",
            "price": "16.33",
            "revenue": 132956
        },
        "2016-04": {
            "month": "2016-04",
            "price": "14.78",
            "revenue": 118741
        },
        "2016-05": {
            "month": "2016-05",
            "price": "12.51",
            "revenue": 110979
        },
        "2016-06": {
            "month": "2016-06",
            "price": "13.72",
            "revenue": 112525
        },
        "2016-07": {
            "month": "2016-07",
            "price": "19.75",
            "revenue": 122131
        },
        "2016-08": {
            "month": "2016-08",
            "price": "21.28",
            "revenue": 144253
        },
        "2016-09": {
            "month": "2016-09",
            "price": "21.04",
            "revenue": 124930
        },
        "2016-10": {
            "month": "2016-10",
            "price": "19.35",
            "revenue": 126171
        },
        "2016-11": {
            "month": "2016-11",
            "price": "20.19",
            "revenue": 123233
        },
        "2016-12": {
            "month": "2016-12",
            "price": "23.77",
            "revenue": 109013
        },
        "2017-01": {
            "month": "2017-01",
            "price": "24.91",
            "revenue": 100442
        },
        "2017-02": {
            "month": "2017-02",
            "price": "27.11",
            "revenue": 106709
        },
        "2017-03": {
            "month": "2017-03",
            "price": "31.37",
            "revenue": 143690
        },
        "2017-04": {
            "month": "2017-04",
            "price": "32.01",
            "revenue": 127070
        },
        "2017-05": {
            "month": "2017-05",
            "price": "40.89",
            "revenue": 117427
        },
        "2017-06": {
            "month": "2017-06",
            "price": "37.84",
            "revenue": 129698
        },
        "2017-07": {
            "month": "2017-07",
            "price": "36.59",
            "revenue": 126395
        },
        "2017-08": {
            "month": "2017-08",
            "price": "44.13",
            "revenue": 132801
        },
        "2017-09": {
            "month": "2017-09",
            "price": "46.79",
            "revenue": 130208
        },
        "2017-10": {
            "month": "2017-10",
            "price": "48.19",
            "revenue": 124227
        },
        "2017-11": {
            "month": "2017-11",
            "price": "44.86",
            "revenue": 130511
        },
        "2017-12": {
            "month": "2017-12",
            "price": "37.89",
            "revenue": 128134
        },
        "2018-01": {
            "month": "2018-01",
            "price": "39.42",
            "revenue": 133449
        },
        "2018-02": {
            "month": "2018-02",
            "price": "42.68",
            "revenue": 110829
        },
        "2018-03": {
            "month": "2018-03",
            "price": "43.71",
            "revenue": 145123
        },
        "2018-04": {
            "month": "2018-04",
            "price": "46.08",
            "revenue": 137250
        },
        "2018-05": {
            "month": "2018-05",
            "price": "44.08",
            "revenue": 152702
        },
        "2018-06": {
            "month": "2018-06",
            "price": "57.69",
            "revenue": 158829
        },
        "2018-07": {
            "month": "2018-07",
            "price": "54.36",
            "revenue": 172770
        },
        "2018-08": {
            "month": "2018-08",
            "price": "51.25",
            "revenue": 160605
        },
        "2018-09": {
            "month": "2018-09",
            "price": "40.23",
            "revenue": 130001
        },
        "2018-10": {
            "month": "2018-10",
            "price": "31.71",
            "revenue": 125563
        },
        "2018-11": {
            "month": "2018-11",
            "price": "31.18",
            "revenue": 130729
        },
        "2018-12": {
            "month": "2018-12",
            "price": "32.93",
            "revenue": 132978
        },
        "2019-01": {
            "month": "2019-01",
            "price": "32.46",
            "revenue": 130951
        },
        "2019-02": {
            "month": "2019-02",
            "price": "36.16",
            "revenue": 83403
        },
        "2019-03": {
            "month": "2019-03",
            "price": "39.68",
            "revenue": 130349
        },
        "2019-04": {
            "month": "2019-04",
            "price": "38.98",
            "revenue": 127387
        },
        "2019-05": {
            "month": "2019-05",
            "price": "32.44",
            "revenue": 115188
        },
        "2019-06": {
            "month": "2019-06",
            "price": "31.33",
            "revenue": 91020
        },
        "2019-07": {
            "month": "2019-07",
            "price": "33.68",
            "revenue": 117388
        },
        "2019-08": {
            "month": "2019-08",
            "price": "31.16",
            "revenue": 92099
        },
        "2019-09": {
            "month": "2019-09",
            "price": "30.84",
            "revenue": 88021
        },
        "2019-10": {
            "month": "2019-10",
            "price": "29.10",
            "revenue": 100164
        },
        "2019-11": {
            "month": "2019-11",
            "price": "26.30",
            "revenue": 86763
        },
        "2019-12": {
            "month": "2019-12",
            "price": "26.16",
            "revenue": 78662
        },
        "2020-01": {
            "month": "2020-01",
            "price": "26.66",
            "revenue": 75724
        },
        "2020-02": {
            "month": "2020-02",
            "price": "23.71",
            "revenue": 70146
        },
        "2020-03": {
            "month": "2020-03",
            "price": "17.48",
            "revenue": 76003
        },
        "2020-04": {
            "month": "2020-04",
            "price": "17.82",
            "revenue": 62916
        },
        "2020-05": {
            "month": "2020-05",
            "price": "18.16",
            "revenue": 70568
        },
        "2020-06": {
            "month": "2020-06",
            "price": "20.90",
            "revenue": 95165
        },
        "2020-07": {
            "month": "2020-07",
            "price": "23.34",
            "revenue": 117401
        },
        "2020-08": {
            "month": "2020-08",
            "price": "27.21",
            "revenue": 137291
        },
        "2020-09": {
            "month": "2020-09",
            "price": "42.60",
            "revenue": 160405
        },
        "2020-10": {
            "month": "2020-10",
            "price": "48.24",
            "revenue": 171228
        },
        "2020-11": {
            "month": "2020-11",
            "price": "50.21",
            "revenue": 172058
        },
        "2020-12": {
            "month": "2020-12",
            "price": "58.37",
            "revenue": 162222
        },
        "2021-01": {
            "month": "2021-01",
            "price": "84.74",
            "revenue": 172380
        },
        "2021-02": {
            "month": "2021-02",
            "price": "98.26",
            "revenue": 133094
        },
        "2021-03": {
            "month": "2021-03",
            "price": "110.16",
            "revenue": 171202
        },
        "2021-04": {
            "month": "2021-04",
            "price": "95.29",
            "revenue": 142861
        },
        "2021-05": {
            "month": "2021-05",
            "price": "73.71",
            "revenue": 147153
        },
        "2021-06": {
            "month": "2021-06",
            "price": "84.72",
            "revenue": 147173
        },
        "2021-07": {
            "month": "2021-07",
            "price": "89.26",
            "revenue": 118158
        },
        "2021-08": {
            "month": "2021-08",
            "price": "69.29",
            "revenue": 111096
        },
        "2021-09": {
            "month": "2021-09",
            "price": "66.60",
            "revenue": 140574
        },
        "2021-10": {
            "month": "2021-10",
            "price": "62.50",
            "revenue": 116249
        },
        "2021-11": {
            "month": "2021-11",
            "price": "69.60",
            "revenue": 112420
        },
        "2021-12": {
            "month": "2021-12",
            "price": "70.04",
            "revenue": 110402
        },
        "2022-01": {
            "month": "2022-01",
            "price": "64.13",
            "revenue": 85145
        },
        "2022-02": {
            "month": "2022-02",
            "price": "62.05",
            "revenue": 65343
        },
        "2022-03": {
            "month": "2022-03",
            "price": "53.88",
            "revenue": 87974
        },
        "2022-04": {
            "month": "2022-04",
            "price": "50.89",
            "revenue": 102281
        },
        "2022-05": {
            "month": "2022-05",
            "price": "46.76",
            "revenue": 110507
        },
        "2022-06": {
            "month": "2022-06",
            "price": "46.54",
            "revenue": 116578
        },
        "2022-07": {
            "month": "2022-07",
            "price": "41.40",
            "revenue": 111434
        },
        "2022-08": {
            "month": "2022-08",
            "price": "45.73",
            "revenue": 113276
        },
        "2022-09": {
            "month": "2022-09",
            "price": "42.65",
            "revenue": 96633
        },
        "2022-10": {
            "month": "2022-10",
            "price": "35.32",
            "revenue": 82284
        },
        "2022-11": {
            "month": "2022-11",
            "price": "37.92",
            "revenue": 83738
        },
        "2022-12": {
            "month": "2022-12",
            "price": "38.85",
            "revenue": 71883
        },
        "2023-01": {
            "month": "2023-01",
            "price": "38.12",
            "revenue": 79337
        },
        "2023-02": {
            "month": "2023-02",
            "price": "40.80",
            "revenue": 80910
        },
        "2023-03": {
            "month": "2023-03",
            "price": "48.13",
            "revenue": 90136
        },
        "2023-04": {
            "month": "2023-04",
            "price": "49.29",
            "revenue": 80006
        },
        "2023-05": {
            "month": "2023-05",
            "price": "43.90",
            "revenue": 80306
        },
        "2023-06": {
            "month": "2023-06",
            "price": "43.19",
            "revenue": 80393
        },
        "2023-07": {
            "month": "2023-07",
            "price": "43.78",
            "revenue": 72689
        },
        "2023-08": {
            "month": "2023-08",
            "price": "41.14",
            "revenue": 76757
        },
        "2023-09": {
            "month": "2023-09",
            "price": "40.69",
            "revenue": 67734
        },
        "2023-10": {
            "month": "2023-10",
            "price": "38.45",
            "revenue": 72002
        },
        "2023-11": {
            "month": "2023-11",
            "price": "38.52",
            "revenue": 73031
        },
        "2023-12": {
            "month": "2023-12",
            "price": "41.22",
            "revenue": 70003
        }
    }
}
