{
    "summary": {
        "stock_name": "眾達-KY",
        "stock_id": "4977",
        "category": "通信網路",
        "main_business": "設計、研發、生產及銷售光收發模組",
        "website_url": "http://www.pcltech.com",
        "ceo": "莊敏男",
        "pe_ratio": 14,
        "report_year_from": 2011,
        "report_year_to": 2023,
        "age": 12,
        "eps_negative_percentage": 0,
        "eps_growth_avg": {
            "last_all": 13.42,
            "last_2y": 29.18,
            "last_4y": 14.61,
            "last_8y": 13.42,
            "last_12y": null,
            "last_16y": null,
            "last_20y": null,
            "at_2006_last_3y": null,
            "at_2007_last_3y": null,
            "at_2008_last_3y": null,
            "at_2009_last_3y": null,
            "at_2010_last_3y": null,
            "at_2011_last_3y": null,
            "at_2012_last_3y": null,
            "at_2013_last_3y": null,
            "at_2014_last_3y": null,
            "at_2015_last_3y": null,
            "at_2016_last_3y": null,
            "at_2017_last_3y": 11.95,
            "at_2018_last_3y": -1.72,
            "at_2019_last_3y": -3.91,
            "at_2020_last_3y": 13.83,
            "at_2021_last_3y": 5.76,
            "at_2022_last_3y": 20.44,
            "at_2023_last_3y": 20.44,
            "at_2006_last_all": null,
            "at_2007_last_all": null,
            "at_2008_last_all": null,
            "at_2009_last_all": null,
            "at_2010_last_all": null,
            "at_2011_last_all": null,
            "at_2012_last_all": null,
            "at_2013_last_all": null,
            "at_2014_last_all": null,
            "at_2015_last_all": 24.46,
            "at_2016_last_all": 22.37,
            "at_2017_last_all": 11.95,
            "at_2018_last_all": 7.81,
            "at_2019_last_all": 5.55,
            "at_2020_last_all": 17.49,
            "at_2021_last_all": 8.85,
            "at_2022_last_all": 13.42,
            "at_2023_last_all": 13.42
        },
        "latest_eps": 7.26,
        "latest_price": 103,
        "latest_roe": 18.29,
        "latest_gross_margin": 27.99,
        "latest_equity": 4054846,
        "latest_revenue": 779450,
        "latest_gross_profit": 218171,
        "latest_net_income": 203021,
        "latest_debt_ratio": 23.12,
        "latest_current_ratio": 357.4,
        "latest_account_receivable_turnover_ratio": 2.39,
        "latest_inventory_turnover_ratio": 0.7,
        "latest_reinvestment_rate": -14.8,
        "latest_research_to_sale_ratio": 3.4
    },
    "eps_dividends": {
        "2001": {
            "cash": 0,
            "stock": 0,
            "eps": 0
        },
        "2002": {
            "cash": 0,
            "stock": 0,
            "eps": 0
        },
        "2003": {
            "cash": 0,
            "stock": 0,
            "eps": 0
        },
        "2004": {
            "cash": 0,
            "stock": 0,
            "eps": 0
        },
        "2005": {
            "cash": 0,
            "stock": 0,
            "eps": 0
        },
        "2006": {
            "cash": 0,
            "stock": 0,
            "eps": 0
        },
        "2007": {
            "cash": 0,
            "stock": 0,
            "eps": 0
        },
        "2008": {
            "cash": 0,
            "stock": 0,
            "eps": 0
        },
        "2009": {
            "cash": 0,
            "stock": 0,
            "eps": 0
        },
        "2010": {
            "cash": 0,
            "stock": 0,
            "eps": 0
        },
        "2011": {
            "cash": 0,
            "stock": 0,
            "eps": 0
        },
        "2012": {
            "cash": 0,
            "stock": 0,
            "eps": 0
        },
        "2013": {
            "cash": 2,
            "stock": 0,
            "eps": 3.44
        },
        "2014": {
            "cash": 4,
            "stock": 0,
            "eps": 5.02
        },
        "2015": {
            "cash": 5,
            "stock": 1,
            "eps": 5.17
        },
        "2016": {
            "cash": 4,
            "stock": 1,
            "eps": 6.11
        },
        "2017": {
            "cash": 5,
            "stock": 0,
            "eps": 4.93
        },
        "2018": {
            "cash": 5,
            "stock": 0,
            "eps": 4.5
        },
        "2019": {
            "cash": 4,
            "stock": 0,
            "eps": 4.24
        },
        "2020": {
            "cash": 4,
            "stock": 0,
            "eps": 8.02
        },
        "2021": {
            "cash": 6,
            "stock": 0,
            "eps": 3.88
        },
        "2022": {
            "cash": 3,
            "stock": 0,
            "eps": 5.82
        },
        "2023": {
            "cash": 3,
            "stock": 0,
            "eps": 2.52
        }
    },
    "dividends": {
        "2013-03-26": {
            "cash": 1.7,
            "stock": 0.3
        },
        "2014-06-04": {
            "cash": 3.8,
            "stock": 0.3
        },
        "2015-08-05": {
            "cash": 4.5,
            "stock": 0.5
        },
        "2016-07-27": {
            "cash": 4,
            "stock": 0.7
        },
        "2017-07-24": {
            "cash": 4.8,
            "stock": 0.2
        },
        "2018-08-10": {
            "cash": 4.64,
            "stock": 0
        },
        "2019-08-09": {
            "cash": 3.5,
            "stock": 0.3
        },
        "2020-07-24": {
            "cash": 3.5,
            "stock": 0
        },
        "2021-07-14": {
            "cash": 5.9,
            "stock": 0
        },
        "2022-08-16": {
            "cash": 3.2,
            "stock": 0
        },
        "2023-04-25": {
            "cash": 2.5,
            "stock": 0
        }
    },
    "prices": {
        "200101": "無",
        "200102": "無",
        "200103": "無",
        "200104": "無",
        "200105": "無",
        "200106": "無",
        "200107": "無",
        "200108": "無",
        "200109": "無",
        "200110": "無",
        "200111": "無",
        "200112": "無",
        "200201": "無",
        "200202": "無",
        "200203": "無",
        "200204": "無",
        "200205": "無",
        "200206": "無",
        "200207": "無",
        "200208": "無",
        "200209": "無",
        "200210": "無",
        "200211": "無",
        "200212": "無",
        "200301": "無",
        "200302": "無",
        "200303": "無",
        "200304": "無",
        "200305": "無",
        "200306": "無",
        "200307": "無",
        "200308": "無",
        "200309": "無",
        "200310": "無",
        "200311": "無",
        "200312": "無",
        "200401": "無",
        "200402": "無",
        "200403": "無",
        "200404": "無",
        "200405": "無",
        "200406": "無",
        "200407": "無",
        "200408": "無",
        "200409": "無",
        "200410": "無",
        "200411": "無",
        "200412": "無",
        "200501": "無",
        "200502": "無",
        "200503": "無",
        "200504": "無",
        "200505": "無",
        "200506": "無",
        "200507": "無",
        "200508": "無",
        "200509": "無",
        "200510": "無",
        "200511": "無",
        "200512": "無",
        "200601": "無",
        "200602": "無",
        "200603": "無",
        "200604": "無",
        "200605": "無",
        "200606": "無",
        "200607": "無",
        "200608": "無",
        "200609": "無",
        "200610": "無",
        "200611": "無",
        "200612": "無",
        "200701": "無",
        "200702": "無",
        "200703": "無",
        "200704": "無",
        "200705": "無",
        "200706": "無",
        "200707": "無",
        "200708": "無",
        "200709": "無",
        "200710": "無",
        "200711": "無",
        "200712": "無",
        "200801": "無",
        "200802": "無",
        "200803": "無",
        "200804": "無",
        "200805": "無",
        "200806": "無",
        "200807": "無",
        "200808": "無",
        "200809": "無",
        "200810": "無",
        "200811": "無",
        "200812": "無",
        "200901": "無",
        "200902": "無",
        "200903": "無",
        "200904": "無",
        "200905": "無",
        "200906": "無",
        "200907": "無",
        "200908": "無",
        "200909": "無",
        "200910": "無",
        "200911": "無",
        "200912": "無",
        "201001": "無",
        "201002": "無",
        "201003": "無",
        "201004": "無",
        "201005": "無",
        "201006": "無",
        "201007": "無",
        "201008": "無",
        "201009": "無",
        "201010": "無",
        "201011": "無",
        "201012": "無",
        "201101": "無",
        "201102": "無",
        "201103": "無",
        "201104": "無",
        "201105": "無",
        "201106": "無",
        "201107": "無",
        "201108": "無",
        "201109": "無",
        "201110": "無",
        "201111": "無",
        "201112": "無",
        "201201": "無",
        "201202": "無",
        "201203": "無",
        "201204": "無",
        "201205": "無",
        "201206": "無",
        "201207": "無",
        "201208": "無",
        "201209": "無",
        "201210": "無",
        "201211": "無",
        "201212": "46.66",
        "201301": "46.72",
        "201302": "47.00",
        "201303": "47.00",
        "201304": "47.57",
        "201305": "56.27",
        "201306": "59.85",
        "201307": "65.71",
        "201308": "72.25",
        "201309": "82.81",
        "201310": "86.90",
        "201311": "88.35",
        "201312": "97.84",
        "201401": "89.89",
        "201402": "84.89",
        "201403": "90.59",
        "201404": "87.93",
        "201405": "81.28",
        "201406": "81.96",
        "201407": "81.91",
        "201408": "71.20",
        "201409": "74.13",
        "201410": "70.70",
        "201411": "61.94",
        "201412": "70.42",
        "201501": "77.82",
        "201502": "74.41",
        "201503": "81.55",
        "201504": "85.98",
        "201505": "79.67",
        "201506": "76.14",
        "201507": "60.60",
        "201508": "57.52",
        "201509": "57.51",
        "201510": "61.55",
        "201511": "62.53",
        "201512": "58.28",
        "201601": "53.76",
        "201602": "58.52",
        "201603": "65.74",
        "201604": "63.53",
        "201605": "64.20",
        "201606": "65.33",
        "201607": "58.19",
        "201608": "60.11",
        "201609": "57.71",
        "201610": "56.07",
        "201611": "61.03",
        "201612": "80.16",
        "201701": "88.95",
        "201702": "85.48",
        "201703": "81.40",
        "201704": "80.47",
        "201705": "81.98",
        "201706": "92.93",
        "201707": "107.32",
        "201708": "122.26",
        "201709": "132.00",
        "201710": "122.08",
        "201711": "113.93",
        "201712": "115.83",
        "201801": "111.18",
        "201802": "92.35",
        "201803": "93.63",
        "201804": "86.83",
        "201805": "84.75",
        "201806": "92.04",
        "201807": "85.00",
        "201808": "73.59",
        "201809": "64.53",
        "201810": "58.08",
        "201811": "63.79",
        "201812": "78.14",
        "201901": "82.21",
        "201902": "91.11",
        "201903": "97.07",
        "201904": "100.79",
        "201905": "88.13",
        "201906": "90.40",
        "201907": "92.05",
        "201908": "86.74",
        "201909": "88.40",
        "201910": "97.58",
        "201911": "103.06",
        "201912": "102.03",
        "202001": "111.87",
        "202002": "111.21",
        "202003": "94.25",
        "202004": "98.22",
        "202005": "121.35",
        "202006": "125.85",
        "202007": "136.33",
        "202008": "122.33",
        "202009": "110.93",
        "202010": "104.39",
        "202011": "116.31",
        "202012": "118.83",
        "202101": "111.38",
        "202102": "105.42",
        "202103": "111.27",
        "202104": "115.03",
        "202105": "91.75",
        "202106": "94.19",
        "202107": "86.69",
        "202108": "81.28",
        "202109": "79.10",
        "202110": "78.30",
        "202111": "85.69",
        "202112": "85.07",
        "202201": "82.21",
        "202202": "79.31",
        "202203": "78.68",
        "202204": "80.49",
        "202205": "77.19",
        "202206": "79.11",
        "202207": "77.71",
        "202208": "95.19",
        "202209": "117.90",
        "202210": "102.06",
        "202211": "94.95",
        "202212": "104.72",
        "202301": "106.00",
        "202302": "112.31",
        "202303": "116.41",
        "202304": "118.00",
        "202305": "102.35"
    },
    "quarters": {
        "20011": {
            "year_quarter": 20011,
            "year": 2001,
            "quarter": 1,
            "eps": null,
            "eps_growth_year": null,
            "eps_4q": null,
            "eps_4q_growth_year": null,
            "roe": null,
            "roe_4q": 0,
            "gross_profit": null,
            "gross_margin": null,
            "gross_margin_4q_avg": 0,
            "net_income": null,
            "revenue": null,
            "common_shares": null,
            "book_valuer_per_share": null,
            "book_valuer_per_share_4q_avg": 0,
            "equity": null,
            "current_ratio": null,
            "debt_ratio": null,
            "inventory_turnover_ratio": null,
            "account_receivable_turnover_ratio": null,
            "reinvestment_rate": null,
            "research_to_sale_ratio": null,
            "price_fair": 0,
            "eps_avg_yearly": 0,
            "eps_latest_yearly": 0,
            "eps_growth_yearly": 0
        },
        "20012": {
            "year_quarter": 20012,
            "year": 2001,
            "quarter": 2,
            "eps": null,
            "eps_growth_year": null,
            "eps_4q": null,
            "eps_4q_growth_year": null,
            "roe": null,
            "roe_4q": 0,
            "gross_profit": null,
            "gross_margin": null,
            "gross_margin_4q_avg": 0,
            "net_income": null,
            "revenue": null,
            "common_shares": null,
            "book_valuer_per_share": null,
            "book_valuer_per_share_4q_avg": 0,
            "equity": null,
            "current_ratio": null,
            "debt_ratio": null,
            "inventory_turnover_ratio": null,
            "account_receivable_turnover_ratio": null,
            "reinvestment_rate": null,
            "research_to_sale_ratio": null,
            "price_fair": 0,
            "eps_avg_yearly": 0,
            "eps_latest_yearly": 0,
            "eps_growth_yearly": 0
        },
        "20013": {
            "year_quarter": 20013,
            "year": 2001,
            "quarter": 3,
            "eps": null,
            "eps_growth_year": null,
            "eps_4q": null,
            "eps_4q_growth_year": null,
            "roe": null,
            "roe_4q": 0,
            "gross_profit": null,
            "gross_margin": null,
            "gross_margin_4q_avg": 0,
            "net_income": null,
            "revenue": null,
            "common_shares": null,
            "book_valuer_per_share": null,
            "book_valuer_per_share_4q_avg": 0,
            "equity": null,
            "current_ratio": null,
            "debt_ratio": null,
            "inventory_turnover_ratio": null,
            "account_receivable_turnover_ratio": null,
            "reinvestment_rate": null,
            "research_to_sale_ratio": null,
            "price_fair": 0,
            "eps_avg_yearly": 0,
            "eps_latest_yearly": 0,
            "eps_growth_yearly": 0
        },
        "20014": {
            "year_quarter": 20014,
            "year": 2001,
            "quarter": 4,
            "eps": null,
            "eps_growth_year": null,
            "eps_4q": null,
            "eps_4q_growth_year": null,
            "roe": null,
            "roe_4q": 0,
            "gross_profit": null,
            "gross_margin": null,
            "gross_margin_4q_avg": 0,
            "net_income": null,
            "revenue": null,
            "common_shares": null,
            "book_valuer_per_share": null,
            "book_valuer_per_share_4q_avg": 0,
            "equity": null,
            "current_ratio": null,
            "debt_ratio": null,
            "inventory_turnover_ratio": null,
            "account_receivable_turnover_ratio": null,
            "reinvestment_rate": null,
            "research_to_sale_ratio": null,
            "price_fair": 0,
            "eps_avg_yearly": 0,
            "eps_latest_yearly": 0,
            "eps_growth_yearly": 0
        },
        "20021": {
            "year_quarter": 20021,
            "year": 2002,
            "quarter": 1,
            "eps": null,
            "eps_growth_year": null,
            "eps_4q": null,
            "eps_4q_growth_year": null,
            "roe": null,
            "roe_4q": 0,
            "gross_profit": null,
            "gross_margin": null,
            "gross_margin_4q_avg": 0,
            "net_income": null,
            "revenue": null,
            "common_shares": null,
            "book_valuer_per_share": null,
            "book_valuer_per_share_4q_avg": 0,
            "equity": null,
            "current_ratio": null,
            "debt_ratio": null,
            "inventory_turnover_ratio": null,
            "account_receivable_turnover_ratio": null,
            "reinvestment_rate": null,
            "research_to_sale_ratio": null,
            "price_fair": 0,
            "eps_avg_yearly": 0,
            "eps_latest_yearly": 0,
            "eps_growth_yearly": 0
        },
        "20022": {
            "year_quarter": 20022,
            "year": 2002,
            "quarter": 2,
            "eps": null,
            "eps_growth_year": null,
            "eps_4q": null,
            "eps_4q_growth_year": null,
            "roe": null,
            "roe_4q": 0,
            "gross_profit": null,
            "gross_margin": null,
            "gross_margin_4q_avg": 0,
            "net_income": null,
            "revenue": null,
            "common_shares": null,
            "book_valuer_per_share": null,
            "book_valuer_per_share_4q_avg": 0,
            "equity": null,
            "current_ratio": null,
            "debt_ratio": null,
            "inventory_turnover_ratio": null,
            "account_receivable_turnover_ratio": null,
            "reinvestment_rate": null,
            "research_to_sale_ratio": null,
            "price_fair": 0,
            "eps_avg_yearly": 0,
            "eps_latest_yearly": 0,
            "eps_growth_yearly": 0
        },
        "20023": {
            "year_quarter": 20023,
            "year": 2002,
            "quarter": 3,
            "eps": null,
            "eps_growth_year": null,
            "eps_4q": null,
            "eps_4q_growth_year": null,
            "roe": null,
            "roe_4q": 0,
            "gross_profit": null,
            "gross_margin": null,
            "gross_margin_4q_avg": 0,
            "net_income": null,
            "revenue": null,
            "common_shares": null,
            "book_valuer_per_share": null,
            "book_valuer_per_share_4q_avg": 0,
            "equity": null,
            "current_ratio": null,
            "debt_ratio": null,
            "inventory_turnover_ratio": null,
            "account_receivable_turnover_ratio": null,
            "reinvestment_rate": null,
            "research_to_sale_ratio": null,
            "price_fair": 0,
            "eps_avg_yearly": 0,
            "eps_latest_yearly": 0,
            "eps_growth_yearly": 0
        },
        "20024": {
            "year_quarter": 20024,
            "year": 2002,
            "quarter": 4,
            "eps": null,
            "eps_growth_year": null,
            "eps_4q": null,
            "eps_4q_growth_year": null,
            "roe": null,
            "roe_4q": 0,
            "gross_profit": null,
            "gross_margin": null,
            "gross_margin_4q_avg": 0,
            "net_income": null,
            "revenue": null,
            "common_shares": null,
            "book_valuer_per_share": null,
            "book_valuer_per_share_4q_avg": 0,
            "equity": null,
            "current_ratio": null,
            "debt_ratio": null,
            "inventory_turnover_ratio": null,
            "account_receivable_turnover_ratio": null,
            "reinvestment_rate": null,
            "research_to_sale_ratio": null,
            "price_fair": 0,
            "eps_avg_yearly": 0,
            "eps_latest_yearly": 0,
            "eps_growth_yearly": 0
        },
        "20031": {
            "year_quarter": 20031,
            "year": 2003,
            "quarter": 1,
            "eps": null,
            "eps_growth_year": null,
            "eps_4q": null,
            "eps_4q_growth_year": null,
            "roe": null,
            "roe_4q": 0,
            "gross_profit": null,
            "gross_margin": null,
            "gross_margin_4q_avg": 0,
            "net_income": null,
            "revenue": null,
            "common_shares": null,
            "book_valuer_per_share": null,
            "book_valuer_per_share_4q_avg": 0,
            "equity": null,
            "current_ratio": null,
            "debt_ratio": null,
            "inventory_turnover_ratio": null,
            "account_receivable_turnover_ratio": null,
            "reinvestment_rate": null,
            "research_to_sale_ratio": null,
            "price_fair": 0,
            "eps_avg_yearly": 0,
            "eps_latest_yearly": 0,
            "eps_growth_yearly": 0
        },
        "20032": {
            "year_quarter": 20032,
            "year": 2003,
            "quarter": 2,
            "eps": null,
            "eps_growth_year": null,
            "eps_4q": null,
            "eps_4q_growth_year": null,
            "roe": null,
            "roe_4q": 0,
            "gross_profit": null,
            "gross_margin": null,
            "gross_margin_4q_avg": 0,
            "net_income": null,
            "revenue": null,
            "common_shares": null,
            "book_valuer_per_share": null,
            "book_valuer_per_share_4q_avg": 0,
            "equity": null,
            "current_ratio": null,
            "debt_ratio": null,
            "inventory_turnover_ratio": null,
            "account_receivable_turnover_ratio": null,
            "reinvestment_rate": null,
            "research_to_sale_ratio": null,
            "price_fair": 0,
            "eps_avg_yearly": 0,
            "eps_latest_yearly": 0,
            "eps_growth_yearly": 0
        },
        "20033": {
            "year_quarter": 20033,
            "year": 2003,
            "quarter": 3,
            "eps": null,
            "eps_growth_year": null,
            "eps_4q": null,
            "eps_4q_growth_year": null,
            "roe": null,
            "roe_4q": 0,
            "gross_profit": null,
            "gross_margin": null,
            "gross_margin_4q_avg": 0,
            "net_income": null,
            "revenue": null,
            "common_shares": null,
            "book_valuer_per_share": null,
            "book_valuer_per_share_4q_avg": 0,
            "equity": null,
            "current_ratio": null,
            "debt_ratio": null,
            "inventory_turnover_ratio": null,
            "account_receivable_turnover_ratio": null,
            "reinvestment_rate": null,
            "research_to_sale_ratio": null,
            "price_fair": 0,
            "eps_avg_yearly": 0,
            "eps_latest_yearly": 0,
            "eps_growth_yearly": 0
        },
        "20034": {
            "year_quarter": 20034,
            "year": 2003,
            "quarter": 4,
            "eps": null,
            "eps_growth_year": null,
            "eps_4q": null,
            "eps_4q_growth_year": null,
            "roe": null,
            "roe_4q": 0,
            "gross_profit": null,
            "gross_margin": null,
            "gross_margin_4q_avg": 0,
            "net_income": null,
            "revenue": null,
            "common_shares": null,
            "book_valuer_per_share": null,
            "book_valuer_per_share_4q_avg": 0,
            "equity": null,
            "current_ratio": null,
            "debt_ratio": null,
            "inventory_turnover_ratio": null,
            "account_receivable_turnover_ratio": null,
            "reinvestment_rate": null,
            "research_to_sale_ratio": null,
            "price_fair": 0,
            "eps_avg_yearly": 0,
            "eps_latest_yearly": 0,
            "eps_growth_yearly": 0
        },
        "20041": {
            "year_quarter": 20041,
            "year": 2004,
            "quarter": 1,
            "eps": null,
            "eps_growth_year": null,
            "eps_4q": null,
            "eps_4q_growth_year": null,
            "roe": null,
            "roe_4q": 0,
            "gross_profit": null,
            "gross_margin": null,
            "gross_margin_4q_avg": 0,
            "net_income": null,
            "revenue": null,
            "common_shares": null,
            "book_valuer_per_share": null,
            "book_valuer_per_share_4q_avg": 0,
            "equity": null,
            "current_ratio": null,
            "debt_ratio": null,
            "inventory_turnover_ratio": null,
            "account_receivable_turnover_ratio": null,
            "reinvestment_rate": null,
            "research_to_sale_ratio": null,
            "price_fair": 0,
            "eps_avg_yearly": 0,
            "eps_latest_yearly": 0,
            "eps_growth_yearly": 0
        },
        "20042": {
            "year_quarter": 20042,
            "year": 2004,
            "quarter": 2,
            "eps": null,
            "eps_growth_year": null,
            "eps_4q": null,
            "eps_4q_growth_year": null,
            "roe": null,
            "roe_4q": 0,
            "gross_profit": null,
            "gross_margin": null,
            "gross_margin_4q_avg": 0,
            "net_income": null,
            "revenue": null,
            "common_shares": null,
            "book_valuer_per_share": null,
            "book_valuer_per_share_4q_avg": 0,
            "equity": null,
            "current_ratio": null,
            "debt_ratio": null,
            "inventory_turnover_ratio": null,
            "account_receivable_turnover_ratio": null,
            "reinvestment_rate": null,
            "research_to_sale_ratio": null,
            "price_fair": 0,
            "eps_avg_yearly": 0,
            "eps_latest_yearly": 0,
            "eps_growth_yearly": 0
        },
        "20043": {
            "year_quarter": 20043,
            "year": 2004,
            "quarter": 3,
            "eps": null,
            "eps_growth_year": null,
            "eps_4q": null,
            "eps_4q_growth_year": null,
            "roe": null,
            "roe_4q": 0,
            "gross_profit": null,
            "gross_margin": null,
            "gross_margin_4q_avg": 0,
            "net_income": null,
            "revenue": null,
            "common_shares": null,
            "book_valuer_per_share": null,
            "book_valuer_per_share_4q_avg": 0,
            "equity": null,
            "current_ratio": null,
            "debt_ratio": null,
            "inventory_turnover_ratio": null,
            "account_receivable_turnover_ratio": null,
            "reinvestment_rate": null,
            "research_to_sale_ratio": null,
            "price_fair": 0,
            "eps_avg_yearly": 0,
            "eps_latest_yearly": 0,
            "eps_growth_yearly": 0
        },
        "20044": {
            "year_quarter": 20044,
            "year": 2004,
            "quarter": 4,
            "eps": null,
            "eps_growth_year": null,
            "eps_4q": null,
            "eps_4q_growth_year": null,
            "roe": null,
            "roe_4q": 0,
            "gross_profit": null,
            "gross_margin": null,
            "gross_margin_4q_avg": 0,
            "net_income": null,
            "revenue": null,
            "common_shares": null,
            "book_valuer_per_share": null,
            "book_valuer_per_share_4q_avg": 0,
            "equity": null,
            "current_ratio": null,
            "debt_ratio": null,
            "inventory_turnover_ratio": null,
            "account_receivable_turnover_ratio": null,
            "reinvestment_rate": null,
            "research_to_sale_ratio": null,
            "price_fair": 0,
            "eps_avg_yearly": 0,
            "eps_latest_yearly": 0,
            "eps_growth_yearly": 0
        },
        "20051": {
            "year_quarter": 20051,
            "year": 2005,
            "quarter": 1,
            "eps": null,
            "eps_growth_year": null,
            "eps_4q": null,
            "eps_4q_growth_year": null,
            "roe": null,
            "roe_4q": 0,
            "gross_profit": null,
            "gross_margin": null,
            "gross_margin_4q_avg": 0,
            "net_income": null,
            "revenue": null,
            "common_shares": null,
            "book_valuer_per_share": null,
            "book_valuer_per_share_4q_avg": 0,
            "equity": null,
            "current_ratio": null,
            "debt_ratio": null,
            "inventory_turnover_ratio": null,
            "account_receivable_turnover_ratio": null,
            "reinvestment_rate": null,
            "research_to_sale_ratio": null,
            "price_fair": 0,
            "eps_avg_yearly": 0,
            "eps_latest_yearly": 0,
            "eps_growth_yearly": 0
        },
        "20052": {
            "year_quarter": 20052,
            "year": 2005,
            "quarter": 2,
            "eps": null,
            "eps_growth_year": null,
            "eps_4q": null,
            "eps_4q_growth_year": null,
            "roe": null,
            "roe_4q": 0,
            "gross_profit": null,
            "gross_margin": null,
            "gross_margin_4q_avg": 0,
            "net_income": null,
            "revenue": null,
            "common_shares": null,
            "book_valuer_per_share": null,
            "book_valuer_per_share_4q_avg": 0,
            "equity": null,
            "current_ratio": null,
            "debt_ratio": null,
            "inventory_turnover_ratio": null,
            "account_receivable_turnover_ratio": null,
            "reinvestment_rate": null,
            "research_to_sale_ratio": null,
            "price_fair": 0,
            "eps_avg_yearly": 0,
            "eps_latest_yearly": 0,
            "eps_growth_yearly": 0
        },
        "20053": {
            "year_quarter": 20053,
            "year": 2005,
            "quarter": 3,
            "eps": null,
            "eps_growth_year": null,
            "eps_4q": null,
            "eps_4q_growth_year": null,
            "roe": null,
            "roe_4q": 0,
            "gross_profit": null,
            "gross_margin": null,
            "gross_margin_4q_avg": 0,
            "net_income": null,
            "revenue": null,
            "common_shares": null,
            "book_valuer_per_share": null,
            "book_valuer_per_share_4q_avg": 0,
            "equity": null,
            "current_ratio": null,
            "debt_ratio": null,
            "inventory_turnover_ratio": null,
            "account_receivable_turnover_ratio": null,
            "reinvestment_rate": null,
            "research_to_sale_ratio": null,
            "price_fair": 0,
            "eps_avg_yearly": 0,
            "eps_latest_yearly": 0,
            "eps_growth_yearly": 0
        },
        "20054": {
            "year_quarter": 20054,
            "year": 2005,
            "quarter": 4,
            "eps": null,
            "eps_growth_year": null,
            "eps_4q": null,
            "eps_4q_growth_year": null,
            "roe": null,
            "roe_4q": 0,
            "gross_profit": null,
            "gross_margin": null,
            "gross_margin_4q_avg": 0,
            "net_income": null,
            "revenue": null,
            "common_shares": null,
            "book_valuer_per_share": null,
            "book_valuer_per_share_4q_avg": 0,
            "equity": null,
            "current_ratio": null,
            "debt_ratio": null,
            "inventory_turnover_ratio": null,
            "account_receivable_turnover_ratio": null,
            "reinvestment_rate": null,
            "research_to_sale_ratio": null,
            "price_fair": 0,
            "eps_avg_yearly": 0,
            "eps_latest_yearly": 0,
            "eps_growth_yearly": 0
        },
        "20061": {
            "year_quarter": 20061,
            "year": 2006,
            "quarter": 1,
            "eps": null,
            "eps_growth_year": null,
            "eps_4q": null,
            "eps_4q_growth_year": null,
            "roe": null,
            "roe_4q": 0,
            "gross_profit": null,
            "gross_margin": null,
            "gross_margin_4q_avg": 0,
            "net_income": null,
            "revenue": null,
            "common_shares": null,
            "book_valuer_per_share": null,
            "book_valuer_per_share_4q_avg": 0,
            "equity": null,
            "current_ratio": null,
            "debt_ratio": null,
            "inventory_turnover_ratio": null,
            "account_receivable_turnover_ratio": null,
            "reinvestment_rate": null,
            "research_to_sale_ratio": null,
            "price_fair": 0,
            "eps_avg_yearly": 0,
            "eps_latest_yearly": 0,
            "eps_growth_yearly": 0
        },
        "20062": {
            "year_quarter": 20062,
            "year": 2006,
            "quarter": 2,
            "eps": null,
            "eps_growth_year": null,
            "eps_4q": null,
            "eps_4q_growth_year": null,
            "roe": null,
            "roe_4q": 0,
            "gross_profit": null,
            "gross_margin": null,
            "gross_margin_4q_avg": 0,
            "net_income": null,
            "revenue": null,
            "common_shares": null,
            "book_valuer_per_share": null,
            "book_valuer_per_share_4q_avg": 0,
            "equity": null,
            "current_ratio": null,
            "debt_ratio": null,
            "inventory_turnover_ratio": null,
            "account_receivable_turnover_ratio": null,
            "reinvestment_rate": null,
            "research_to_sale_ratio": null,
            "price_fair": 0,
            "eps_avg_yearly": 0,
            "eps_latest_yearly": 0,
            "eps_growth_yearly": 0
        },
        "20063": {
            "year_quarter": 20063,
            "year": 2006,
            "quarter": 3,
            "eps": null,
            "eps_growth_year": null,
            "eps_4q": null,
            "eps_4q_growth_year": null,
            "roe": null,
            "roe_4q": 0,
            "gross_profit": null,
            "gross_margin": null,
            "gross_margin_4q_avg": 0,
            "net_income": null,
            "revenue": null,
            "common_shares": null,
            "book_valuer_per_share": null,
            "book_valuer_per_share_4q_avg": 0,
            "equity": null,
            "current_ratio": null,
            "debt_ratio": null,
            "inventory_turnover_ratio": null,
            "account_receivable_turnover_ratio": null,
            "reinvestment_rate": null,
            "research_to_sale_ratio": null,
            "price_fair": 0,
            "eps_avg_yearly": 0,
            "eps_latest_yearly": 0,
            "eps_growth_yearly": 0
        },
        "20064": {
            "year_quarter": 20064,
            "year": 2006,
            "quarter": 4,
            "eps": null,
            "eps_growth_year": null,
            "eps_4q": null,
            "eps_4q_growth_year": null,
            "roe": null,
            "roe_4q": 0,
            "gross_profit": null,
            "gross_margin": null,
            "gross_margin_4q_avg": 0,
            "net_income": null,
            "revenue": null,
            "common_shares": null,
            "book_valuer_per_share": null,
            "book_valuer_per_share_4q_avg": 0,
            "equity": null,
            "current_ratio": null,
            "debt_ratio": null,
            "inventory_turnover_ratio": null,
            "account_receivable_turnover_ratio": null,
            "reinvestment_rate": null,
            "research_to_sale_ratio": null,
            "price_fair": 0,
            "eps_avg_yearly": 0,
            "eps_latest_yearly": 0,
            "eps_growth_yearly": 0
        },
        "20071": {
            "year_quarter": 20071,
            "year": 2007,
            "quarter": 1,
            "eps": null,
            "eps_growth_year": null,
            "eps_4q": null,
            "eps_4q_growth_year": null,
            "roe": null,
            "roe_4q": 0,
            "gross_profit": null,
            "gross_margin": null,
            "gross_margin_4q_avg": 0,
            "net_income": null,
            "revenue": null,
            "common_shares": null,
            "book_valuer_per_share": null,
            "book_valuer_per_share_4q_avg": 0,
            "equity": null,
            "current_ratio": null,
            "debt_ratio": null,
            "inventory_turnover_ratio": null,
            "account_receivable_turnover_ratio": null,
            "reinvestment_rate": null,
            "research_to_sale_ratio": null,
            "price_fair": 0,
            "eps_avg_yearly": 0,
            "eps_latest_yearly": 0,
            "eps_growth_yearly": 0
        },
        "20072": {
            "year_quarter": 20072,
            "year": 2007,
            "quarter": 2,
            "eps": null,
            "eps_growth_year": null,
            "eps_4q": null,
            "eps_4q_growth_year": null,
            "roe": null,
            "roe_4q": 0,
            "gross_profit": null,
            "gross_margin": null,
            "gross_margin_4q_avg": 0,
            "net_income": null,
            "revenue": null,
            "common_shares": null,
            "book_valuer_per_share": null,
            "book_valuer_per_share_4q_avg": 0,
            "equity": null,
            "current_ratio": null,
            "debt_ratio": null,
            "inventory_turnover_ratio": null,
            "account_receivable_turnover_ratio": null,
            "reinvestment_rate": null,
            "research_to_sale_ratio": null,
            "price_fair": 0,
            "eps_avg_yearly": 0,
            "eps_latest_yearly": 0,
            "eps_growth_yearly": 0
        },
        "20073": {
            "year_quarter": 20073,
            "year": 2007,
            "quarter": 3,
            "eps": null,
            "eps_growth_year": null,
            "eps_4q": null,
            "eps_4q_growth_year": null,
            "roe": null,
            "roe_4q": 0,
            "gross_profit": null,
            "gross_margin": null,
            "gross_margin_4q_avg": 0,
            "net_income": null,
            "revenue": null,
            "common_shares": null,
            "book_valuer_per_share": null,
            "book_valuer_per_share_4q_avg": 0,
            "equity": null,
            "current_ratio": null,
            "debt_ratio": null,
            "inventory_turnover_ratio": null,
            "account_receivable_turnover_ratio": null,
            "reinvestment_rate": null,
            "research_to_sale_ratio": null,
            "price_fair": 0,
            "eps_avg_yearly": 0,
            "eps_latest_yearly": 0,
            "eps_growth_yearly": 0
        },
        "20074": {
            "year_quarter": 20074,
            "year": 2007,
            "quarter": 4,
            "eps": null,
            "eps_growth_year": null,
            "eps_4q": null,
            "eps_4q_growth_year": null,
            "roe": null,
            "roe_4q": 0,
            "gross_profit": null,
            "gross_margin": null,
            "gross_margin_4q_avg": 0,
            "net_income": null,
            "revenue": null,
            "common_shares": null,
            "book_valuer_per_share": null,
            "book_valuer_per_share_4q_avg": 0,
            "equity": null,
            "current_ratio": null,
            "debt_ratio": null,
            "inventory_turnover_ratio": null,
            "account_receivable_turnover_ratio": null,
            "reinvestment_rate": null,
            "research_to_sale_ratio": null,
            "price_fair": 0,
            "eps_avg_yearly": 0,
            "eps_latest_yearly": 0,
            "eps_growth_yearly": 0
        },
        "20081": {
            "year_quarter": 20081,
            "year": 2008,
            "quarter": 1,
            "eps": null,
            "eps_growth_year": null,
            "eps_4q": null,
            "eps_4q_growth_year": null,
            "roe": null,
            "roe_4q": 0,
            "gross_profit": null,
            "gross_margin": null,
            "gross_margin_4q_avg": 0,
            "net_income": null,
            "revenue": null,
            "common_shares": null,
            "book_valuer_per_share": null,
            "book_valuer_per_share_4q_avg": 0,
            "equity": null,
            "current_ratio": null,
            "debt_ratio": null,
            "inventory_turnover_ratio": null,
            "account_receivable_turnover_ratio": null,
            "reinvestment_rate": null,
            "research_to_sale_ratio": null,
            "price_fair": 0,
            "eps_avg_yearly": 0,
            "eps_latest_yearly": 0,
            "eps_growth_yearly": 0
        },
        "20082": {
            "year_quarter": 20082,
            "year": 2008,
            "quarter": 2,
            "eps": null,
            "eps_growth_year": null,
            "eps_4q": null,
            "eps_4q_growth_year": null,
            "roe": null,
            "roe_4q": 0,
            "gross_profit": null,
            "gross_margin": null,
            "gross_margin_4q_avg": 0,
            "net_income": null,
            "revenue": null,
            "common_shares": null,
            "book_valuer_per_share": null,
            "book_valuer_per_share_4q_avg": 0,
            "equity": null,
            "current_ratio": null,
            "debt_ratio": null,
            "inventory_turnover_ratio": null,
            "account_receivable_turnover_ratio": null,
            "reinvestment_rate": null,
            "research_to_sale_ratio": null,
            "price_fair": 0,
            "eps_avg_yearly": 0,
            "eps_latest_yearly": 0,
            "eps_growth_yearly": 0
        },
        "20083": {
            "year_quarter": 20083,
            "year": 2008,
            "quarter": 3,
            "eps": null,
            "eps_growth_year": null,
            "eps_4q": null,
            "eps_4q_growth_year": null,
            "roe": null,
            "roe_4q": 0,
            "gross_profit": null,
            "gross_margin": null,
            "gross_margin_4q_avg": 0,
            "net_income": null,
            "revenue": null,
            "common_shares": null,
            "book_valuer_per_share": null,
            "book_valuer_per_share_4q_avg": 0,
            "equity": null,
            "current_ratio": null,
            "debt_ratio": null,
            "inventory_turnover_ratio": null,
            "account_receivable_turnover_ratio": null,
            "reinvestment_rate": null,
            "research_to_sale_ratio": null,
            "price_fair": 0,
            "eps_avg_yearly": 0,
            "eps_latest_yearly": 0,
            "eps_growth_yearly": 0
        },
        "20084": {
            "year_quarter": 20084,
            "year": 2008,
            "quarter": 4,
            "eps": null,
            "eps_growth_year": null,
            "eps_4q": null,
            "eps_4q_growth_year": null,
            "roe": null,
            "roe_4q": 0,
            "gross_profit": null,
            "gross_margin": null,
            "gross_margin_4q_avg": 0,
            "net_income": null,
            "revenue": null,
            "common_shares": 299414,
            "book_valuer_per_share": 10.6,
            "book_valuer_per_share_4q_avg": 2.65,
            "equity": 401911,
            "current_ratio": 145.28,
            "debt_ratio": 59.16,
            "inventory_turnover_ratio": null,
            "account_receivable_turnover_ratio": null,
            "reinvestment_rate": null,
            "research_to_sale_ratio": null,
            "price_fair": 0,
            "eps_avg_yearly": 0,
            "eps_latest_yearly": 0,
            "eps_growth_yearly": 0
        },
        "20091": {
            "year_quarter": 20091,
            "year": 2009,
            "quarter": 1,
            "eps": null,
            "eps_growth_year": null,
            "eps_4q": null,
            "eps_4q_growth_year": null,
            "roe": null,
            "roe_4q": 0,
            "gross_profit": null,
            "gross_margin": null,
            "gross_margin_4q_avg": 0,
            "net_income": null,
            "revenue": null,
            "common_shares": null,
            "book_valuer_per_share": null,
            "book_valuer_per_share_4q_avg": 2.65,
            "equity": null,
            "current_ratio": null,
            "debt_ratio": null,
            "inventory_turnover_ratio": null,
            "account_receivable_turnover_ratio": null,
            "reinvestment_rate": null,
            "research_to_sale_ratio": null,
            "price_fair": 0,
            "eps_avg_yearly": 0,
            "eps_latest_yearly": 0,
            "eps_growth_yearly": 0
        },
        "20092": {
            "year_quarter": 20092,
            "year": 2009,
            "quarter": 2,
            "eps": null,
            "eps_growth_year": null,
            "eps_4q": null,
            "eps_4q_growth_year": null,
            "roe": null,
            "roe_4q": 0,
            "gross_profit": null,
            "gross_margin": null,
            "gross_margin_4q_avg": 0,
            "net_income": null,
            "revenue": null,
            "common_shares": null,
            "book_valuer_per_share": null,
            "book_valuer_per_share_4q_avg": 2.65,
            "equity": null,
            "current_ratio": null,
            "debt_ratio": null,
            "inventory_turnover_ratio": null,
            "account_receivable_turnover_ratio": null,
            "reinvestment_rate": null,
            "research_to_sale_ratio": null,
            "price_fair": 0,
            "eps_avg_yearly": 0,
            "eps_latest_yearly": 0,
            "eps_growth_yearly": 0
        },
        "20093": {
            "year_quarter": 20093,
            "year": 2009,
            "quarter": 3,
            "eps": null,
            "eps_growth_year": null,
            "eps_4q": null,
            "eps_4q_growth_year": null,
            "roe": null,
            "roe_4q": 0,
            "gross_profit": null,
            "gross_margin": null,
            "gross_margin_4q_avg": 0,
            "net_income": null,
            "revenue": null,
            "common_shares": null,
            "book_valuer_per_share": null,
            "book_valuer_per_share_4q_avg": 2.65,
            "equity": null,
            "current_ratio": null,
            "debt_ratio": null,
            "inventory_turnover_ratio": null,
            "account_receivable_turnover_ratio": null,
            "reinvestment_rate": null,
            "research_to_sale_ratio": null,
            "price_fair": 0,
            "eps_avg_yearly": 0,
            "eps_latest_yearly": 0,
            "eps_growth_yearly": 0
        },
        "20094": {
            "year_quarter": 20094,
            "year": 2009,
            "quarter": 4,
            "eps": null,
            "eps_growth_year": null,
            "eps_4q": null,
            "eps_4q_growth_year": null,
            "roe": null,
            "roe_4q": 0,
            "gross_profit": null,
            "gross_margin": null,
            "gross_margin_4q_avg": 0,
            "net_income": null,
            "revenue": null,
            "common_shares": 299414,
            "book_valuer_per_share": 13.18,
            "book_valuer_per_share_4q_avg": 3.3,
            "equity": 394537,
            "current_ratio": 228.1,
            "debt_ratio": 45.82,
            "inventory_turnover_ratio": null,
            "account_receivable_turnover_ratio": null,
            "reinvestment_rate": null,
            "research_to_sale_ratio": null,
            "price_fair": 0,
            "eps_avg_yearly": 0,
            "eps_latest_yearly": 0,
            "eps_growth_yearly": 0
        },
        "20101": {
            "year_quarter": 20101,
            "year": 2010,
            "quarter": 1,
            "eps": null,
            "eps_growth_year": null,
            "eps_4q": null,
            "eps_4q_growth_year": null,
            "roe": null,
            "roe_4q": 0,
            "gross_profit": null,
            "gross_margin": null,
            "gross_margin_4q_avg": 0,
            "net_income": null,
            "revenue": null,
            "common_shares": null,
            "book_valuer_per_share": null,
            "book_valuer_per_share_4q_avg": 3.3,
            "equity": null,
            "current_ratio": null,
            "debt_ratio": null,
            "inventory_turnover_ratio": null,
            "account_receivable_turnover_ratio": null,
            "reinvestment_rate": null,
            "research_to_sale_ratio": null,
            "price_fair": 0,
            "eps_avg_yearly": 0,
            "eps_latest_yearly": 0,
            "eps_growth_yearly": 0
        },
        "20102": {
            "year_quarter": 20102,
            "year": 2010,
            "quarter": 2,
            "eps": null,
            "eps_growth_year": null,
            "eps_4q": null,
            "eps_4q_growth_year": null,
            "roe": null,
            "roe_4q": 0,
            "gross_profit": null,
            "gross_margin": null,
            "gross_margin_4q_avg": 0,
            "net_income": null,
            "revenue": null,
            "common_shares": null,
            "book_valuer_per_share": null,
            "book_valuer_per_share_4q_avg": 3.3,
            "equity": null,
            "current_ratio": null,
            "debt_ratio": null,
            "inventory_turnover_ratio": null,
            "account_receivable_turnover_ratio": null,
            "reinvestment_rate": null,
            "research_to_sale_ratio": null,
            "price_fair": 0,
            "eps_avg_yearly": 0,
            "eps_latest_yearly": 0,
            "eps_growth_yearly": 0
        },
        "20103": {
            "year_quarter": 20103,
            "year": 2010,
            "quarter": 3,
            "eps": null,
            "eps_growth_year": null,
            "eps_4q": null,
            "eps_4q_growth_year": null,
            "roe": null,
            "roe_4q": 0,
            "gross_profit": null,
            "gross_margin": null,
            "gross_margin_4q_avg": 0,
            "net_income": null,
            "revenue": null,
            "common_shares": null,
            "book_valuer_per_share": null,
            "book_valuer_per_share_4q_avg": 3.3,
            "equity": null,
            "current_ratio": null,
            "debt_ratio": null,
            "inventory_turnover_ratio": null,
            "account_receivable_turnover_ratio": null,
            "reinvestment_rate": null,
            "research_to_sale_ratio": null,
            "price_fair": 0,
            "eps_avg_yearly": 0,
            "eps_latest_yearly": 0,
            "eps_growth_yearly": 0
        },
        "20104": {
            "year_quarter": 20104,
            "year": 2010,
            "quarter": 4,
            "eps": null,
            "eps_growth_year": null,
            "eps_4q": null,
            "eps_4q_growth_year": null,
            "roe": null,
            "roe_4q": 0,
            "gross_profit": null,
            "gross_margin": null,
            "gross_margin_4q_avg": 0,
            "net_income": null,
            "revenue": null,
            "common_shares": 390339,
            "book_valuer_per_share": 15.72,
            "book_valuer_per_share_4q_avg": 3.93,
            "equity": 613676,
            "current_ratio": 268.9,
            "debt_ratio": 38.08,
            "inventory_turnover_ratio": null,
            "account_receivable_turnover_ratio": null,
            "reinvestment_rate": null,
            "research_to_sale_ratio": null,
            "price_fair": 0,
            "eps_avg_yearly": 0,
            "eps_latest_yearly": 0,
            "eps_growth_yearly": 0
        },
        "20111": {
            "year_quarter": 20111,
            "year": 2011,
            "quarter": 1,
            "eps": null,
            "eps_growth_year": null,
            "eps_4q": null,
            "eps_4q_growth_year": null,
            "roe": null,
            "roe_4q": 0,
            "gross_profit": null,
            "gross_margin": null,
            "gross_margin_4q_avg": 0,
            "net_income": null,
            "revenue": null,
            "common_shares": null,
            "book_valuer_per_share": null,
            "book_valuer_per_share_4q_avg": 3.93,
            "equity": null,
            "current_ratio": null,
            "debt_ratio": null,
            "inventory_turnover_ratio": null,
            "account_receivable_turnover_ratio": null,
            "reinvestment_rate": null,
            "research_to_sale_ratio": null,
            "price_fair": 0,
            "eps_avg_yearly": 0,
            "eps_latest_yearly": 0,
            "eps_growth_yearly": 0
        },
        "20112": {
            "year_quarter": 20112,
            "year": 2011,
            "quarter": 2,
            "eps": null,
            "eps_growth_year": null,
            "eps_4q": null,
            "eps_4q_growth_year": null,
            "roe": null,
            "roe_4q": 0,
            "gross_profit": null,
            "gross_margin": null,
            "gross_margin_4q_avg": 0,
            "net_income": null,
            "revenue": null,
            "common_shares": null,
            "book_valuer_per_share": null,
            "book_valuer_per_share_4q_avg": 3.93,
            "equity": null,
            "current_ratio": null,
            "debt_ratio": null,
            "inventory_turnover_ratio": null,
            "account_receivable_turnover_ratio": null,
            "reinvestment_rate": null,
            "research_to_sale_ratio": null,
            "price_fair": 0,
            "eps_avg_yearly": 0,
            "eps_latest_yearly": 0,
            "eps_growth_yearly": 0
        },
        "20113": {
            "year_quarter": 20113,
            "year": 2011,
            "quarter": 3,
            "eps": null,
            "eps_growth_year": null,
            "eps_4q": null,
            "eps_4q_growth_year": null,
            "roe": null,
            "roe_4q": 0,
            "gross_profit": null,
            "gross_margin": null,
            "gross_margin_4q_avg": 0,
            "net_income": null,
            "revenue": null,
            "common_shares": null,
            "book_valuer_per_share": null,
            "book_valuer_per_share_4q_avg": 3.93,
            "equity": null,
            "current_ratio": null,
            "debt_ratio": null,
            "inventory_turnover_ratio": null,
            "account_receivable_turnover_ratio": null,
            "reinvestment_rate": null,
            "research_to_sale_ratio": null,
            "price_fair": 0,
            "eps_avg_yearly": 0,
            "eps_latest_yearly": 0,
            "eps_growth_yearly": 0
        },
        "20114": {
            "year_quarter": 20114,
            "year": 2011,
            "quarter": 4,
            "eps": null,
            "eps_growth_year": null,
            "eps_4q": null,
            "eps_4q_growth_year": null,
            "roe": null,
            "roe_4q": 0,
            "gross_profit": null,
            "gross_margin": null,
            "gross_margin_4q_avg": 0,
            "net_income": null,
            "revenue": null,
            "common_shares": 409856,
            "book_valuer_per_share": 17.49,
            "book_valuer_per_share_4q_avg": 4.37,
            "equity": 716995,
            "current_ratio": 254.83,
            "debt_ratio": 35.05,
            "inventory_turnover_ratio": null,
            "account_receivable_turnover_ratio": null,
            "reinvestment_rate": null,
            "research_to_sale_ratio": null,
            "price_fair": 0,
            "eps_avg_yearly": 0,
            "eps_latest_yearly": 0,
            "eps_growth_yearly": 0
        },
        "20121": {
            "year_quarter": 20121,
            "year": 2012,
            "quarter": 1,
            "eps": null,
            "eps_growth_year": null,
            "eps_4q": null,
            "eps_4q_growth_year": null,
            "roe": null,
            "roe_4q": 0,
            "gross_profit": null,
            "gross_margin": null,
            "gross_margin_4q_avg": 0,
            "net_income": null,
            "revenue": null,
            "common_shares": null,
            "book_valuer_per_share": null,
            "book_valuer_per_share_4q_avg": 4.37,
            "equity": null,
            "current_ratio": null,
            "debt_ratio": null,
            "inventory_turnover_ratio": null,
            "account_receivable_turnover_ratio": null,
            "reinvestment_rate": null,
            "research_to_sale_ratio": null,
            "price_fair": 0,
            "eps_avg_yearly": 0,
            "eps_latest_yearly": 0,
            "eps_growth_yearly": 0
        },
        "20122": {
            "year_quarter": 20122,
            "year": 2012,
            "quarter": 2,
            "eps": null,
            "eps_growth_year": null,
            "eps_4q": null,
            "eps_4q_growth_year": null,
            "roe": null,
            "roe_4q": 0,
            "gross_profit": 80327,
            "gross_margin": null,
            "gross_margin_4q_avg": 0,
            "net_income": 35104,
            "revenue": 369490,
            "common_shares": 409856,
            "book_valuer_per_share": null,
            "book_valuer_per_share_4q_avg": 4.37,
            "equity": 710351,
            "current_ratio": null,
            "debt_ratio": null,
            "inventory_turnover_ratio": null,
            "account_receivable_turnover_ratio": null,
            "reinvestment_rate": null,
            "research_to_sale_ratio": null,
            "price_fair": 0,
            "eps_avg_yearly": 0,
            "eps_latest_yearly": 0,
            "eps_growth_yearly": 0
        },
        "20123": {
            "year_quarter": 20123,
            "year": 2012,
            "quarter": 3,
            "eps": null,
            "eps_growth_year": null,
            "eps_4q": null,
            "eps_4q_growth_year": null,
            "roe": null,
            "roe_4q": 0,
            "gross_profit": 77165,
            "gross_margin": null,
            "gross_margin_4q_avg": 0,
            "net_income": 35247,
            "revenue": 408987,
            "common_shares": 418053,
            "book_valuer_per_share": null,
            "book_valuer_per_share_4q_avg": 4.37,
            "equity": 729196,
            "current_ratio": null,
            "debt_ratio": null,
            "inventory_turnover_ratio": null,
            "account_receivable_turnover_ratio": null,
            "reinvestment_rate": null,
            "research_to_sale_ratio": null,
            "price_fair": 0,
            "eps_avg_yearly": 0,
            "eps_latest_yearly": 0,
            "eps_growth_yearly": 0
        },
        "20124": {
            "year_quarter": 20124,
            "year": 2012,
            "quarter": 4,
            "eps": null,
            "eps_growth_year": null,
            "eps_4q": null,
            "eps_4q_growth_year": null,
            "roe": null,
            "roe_4q": 0,
            "gross_profit": 85295,
            "gross_margin": null,
            "gross_margin_4q_avg": 0,
            "net_income": 44513,
            "revenue": 362241,
            "common_shares": 418053,
            "book_valuer_per_share": 18.49,
            "book_valuer_per_share_4q_avg": 4.62,
            "equity": 772947,
            "current_ratio": 322.77,
            "debt_ratio": 26.76,
            "inventory_turnover_ratio": null,
            "account_receivable_turnover_ratio": null,
            "reinvestment_rate": null,
            "research_to_sale_ratio": null,
            "price_fair": 0,
            "eps_avg_yearly": 0,
            "eps_latest_yearly": 0,
            "eps_growth_yearly": 0
        },
        "20131": {
            "year_quarter": 20131,
            "year": 2013,
            "quarter": 1,
            "eps": null,
            "eps_growth_year": null,
            "eps_4q": null,
            "eps_4q_growth_year": null,
            "roe": null,
            "roe_4q": 0,
            "gross_profit": 88238,
            "gross_margin": null,
            "gross_margin_4q_avg": 0,
            "net_income": 44334,
            "revenue": 351361,
            "common_shares": 418053,
            "book_valuer_per_share": 20.12,
            "book_valuer_per_share_4q_avg": 9.65,
            "equity": 840976,
            "current_ratio": 299.22,
            "debt_ratio": 28.96,
            "inventory_turnover_ratio": null,
            "account_receivable_turnover_ratio": null,
            "reinvestment_rate": null,
            "research_to_sale_ratio": null,
            "price_fair": 0,
            "eps_avg_yearly": 0,
            "eps_latest_yearly": 0,
            "eps_growth_yearly": 0
        },
        "20132": {
            "year_quarter": 20132,
            "year": 2013,
            "quarter": 2,
            "eps": 1.31,
            "eps_growth_year": null,
            "eps_4q": 1.31,
            "eps_4q_growth_year": null,
            "roe": 6.68,
            "roe_4q": 6.68,
            "gross_profit": 110230,
            "gross_margin": 25.92,
            "gross_margin_4q_avg": 6.48,
            "net_income": 56214,
            "revenue": 425249,
            "common_shares": 418053,
            "book_valuer_per_share": 20.13,
            "book_valuer_per_share_4q_avg": 14.69,
            "equity": 841591,
            "current_ratio": 303.93,
            "debt_ratio": 28.43,
            "inventory_turnover_ratio": 0.97,
            "account_receivable_turnover_ratio": 4.76,
            "reinvestment_rate": null,
            "research_to_sale_ratio": 6.16,
            "price_fair": 0,
            "eps_avg_yearly": 0,
            "eps_latest_yearly": 0,
            "eps_growth_yearly": 0
        },
        "20133": {
            "year_quarter": 20133,
            "year": 2013,
            "quarter": 3,
            "eps": 1.34,
            "eps_growth_year": null,
            "eps_4q": 2.64,
            "eps_4q_growth_year": null,
            "roe": 6.65,
            "roe_4q": 13.33,
            "gross_profit": 109241,
            "gross_margin": 23.79,
            "gross_margin_4q_avg": 12.43,
            "net_income": 57612,
            "revenue": 459135,
            "common_shares": 430595,
            "book_valuer_per_share": 20.68,
            "book_valuer_per_share_4q_avg": 19.86,
            "equity": 890278,
            "current_ratio": 346.66,
            "debt_ratio": 25.09,
            "inventory_turnover_ratio": 1.03,
            "account_receivable_turnover_ratio": 2.29,
            "reinvestment_rate": null,
            "research_to_sale_ratio": 5.69,
            "price_fair": 102.7,
            "eps_avg_yearly": 5.36,
            "eps_latest_yearly": 5.36,
            "eps_growth_yearly": 9.16
        },
        "20134": {
            "year_quarter": 20134,
            "year": 2013,
            "quarter": 4,
            "eps": 0.79,
            "eps_growth_year": null,
            "eps_4q": 3.11,
            "eps_4q_growth_year": null,
            "roe": 3.44,
            "roe_4q": 16.77,
            "gross_profit": 105061,
            "gross_margin": 22.49,
            "gross_margin_4q_avg": 18.05,
            "net_income": 38906,
            "revenue": 467143,
            "common_shares": 490595,
            "book_valuer_per_share": 27.97,
            "book_valuer_per_share_4q_avg": 22.23,
            "equity": 1372267,
            "current_ratio": 535.89,
            "debt_ratio": 16.91,
            "inventory_turnover_ratio": 1.04,
            "account_receivable_turnover_ratio": 1.93,
            "reinvestment_rate": null,
            "research_to_sale_ratio": 6.58,
            "price_fair": 12.78,
            "eps_avg_yearly": 4.26,
            "eps_latest_yearly": 3.16,
            "eps_growth_yearly": -77.51
        },
        "20141": {
            "year_quarter": 20141,
            "year": 2014,
            "quarter": 1,
            "eps": 1,
            "eps_growth_year": null,
            "eps_4q": 4.11,
            "eps_4q_growth_year": null,
            "roe": 3.49,
            "roe_4q": 20.259999999999998,
            "gross_profit": 98407,
            "gross_margin": 25.06,
            "gross_margin_4q_avg": 24.32,
            "net_income": 49134,
            "revenue": 392610,
            "common_shares": 490595,
            "book_valuer_per_share": 29.45,
            "book_valuer_per_share_4q_avg": 24.56,
            "equity": 1444999,
            "current_ratio": 620.68,
            "debt_ratio": 14.43,
            "inventory_turnover_ratio": 0.81,
            "account_receivable_turnover_ratio": 1.62,
            "reinvestment_rate": null,
            "research_to_sale_ratio": 4.88,
            "price_fair": 12.52,
            "eps_avg_yearly": 4.17,
            "eps_latest_yearly": 4,
            "eps_growth_yearly": -16.23
        },
        "20142": {
            "year_quarter": 20142,
            "year": 2014,
            "quarter": 2,
            "eps": 1.31,
            "eps_growth_year": 0,
            "eps_4q": 4.2,
            "eps_4q_growth_year": 221.38,
            "roe": 4.84,
            "roe_4q": 18.42,
            "gross_profit": 102963,
            "gross_margin": 23.58,
            "gross_margin_4q_avg": 23.73,
            "net_income": 66355,
            "revenue": 436592,
            "common_shares": 490595,
            "book_valuer_per_share": 26.42,
            "book_valuer_per_share_4q_avg": 26.13,
            "equity": 1296228,
            "current_ratio": 362.28,
            "debt_ratio": 24.53,
            "inventory_turnover_ratio": 0.91,
            "account_receivable_turnover_ratio": 1.96,
            "reinvestment_rate": null,
            "research_to_sale_ratio": 5.26,
            "price_fair": 127.99,
            "eps_avg_yearly": 4.44,
            "eps_latest_yearly": 5.24,
            "eps_growth_yearly": 18.83
        },
        "20143": {
            "year_quarter": 20143,
            "year": 2014,
            "quarter": 3,
            "eps": 1.3,
            "eps_growth_year": -2.99,
            "eps_4q": 4.36,
            "eps_4q_growth_year": 64.81,
            "roe": 4.9,
            "roe_4q": 16.67,
            "gross_profit": 109342,
            "gross_margin": 23.66,
            "gross_margin_4q_avg": 23.7,
            "net_income": 65758,
            "revenue": 462155,
            "common_shares": 505313,
            "book_valuer_per_share": 27.45,
            "book_valuer_per_share_4q_avg": 27.82,
            "equity": 1387173,
            "current_ratio": 547.1,
            "debt_ratio": 16.04,
            "inventory_turnover_ratio": 1,
            "account_receivable_turnover_ratio": 2.1,
            "reinvestment_rate": null,
            "research_to_sale_ratio": 5.37,
            "price_fair": 112.28,
            "eps_avg_yearly": 4.59,
            "eps_latest_yearly": 5.2,
            "eps_growth_yearly": 14.45
        },
        "20144": {
            "year_quarter": 20144,
            "year": 2014,
            "quarter": 4,
            "eps": 1.41,
            "eps_growth_year": 78.26,
            "eps_4q": 5,
            "eps_4q_growth_year": 60.62,
            "roe": 4.92,
            "roe_4q": 18.15,
            "gross_profit": 107948,
            "gross_margin": 22.09,
            "gross_margin_4q_avg": 23.6,
            "net_income": 71435,
            "revenue": 488577,
            "common_shares": 505313,
            "book_valuer_per_share": 30,
            "book_valuer_per_share_4q_avg": 28.33,
            "equity": 1515750,
            "current_ratio": 538.49,
            "debt_ratio": 16.38,
            "inventory_turnover_ratio": 1.08,
            "account_receivable_turnover_ratio": 1.94,
            "reinvestment_rate": null,
            "research_to_sale_ratio": 5.81,
            "price_fair": 131.96,
            "eps_avg_yearly": 4.77,
            "eps_latest_yearly": 5.64,
            "eps_growth_yearly": 17.68
        },
        "20151": {
            "year_quarter": 20151,
            "year": 2015,
            "quarter": 1,
            "eps": 1.41,
            "eps_growth_year": 41,
            "eps_4q": 5.44,
            "eps_4q_growth_year": 32.19,
            "roe": 4.62,
            "roe_4q": 19.28,
            "gross_profit": 107870,
            "gross_margin": 23.75,
            "gross_margin_4q_avg": 23.27,
            "net_income": 71300,
            "revenue": 454096,
            "common_shares": 505313,
            "book_valuer_per_share": 31.03,
            "book_valuer_per_share_4q_avg": 28.73,
            "equity": 1567970,
            "current_ratio": 795.31,
            "debt_ratio": 11.13,
            "inventory_turnover_ratio": 1.11,
            "account_receivable_turnover_ratio": 1.8,
            "reinvestment_rate": null,
            "research_to_sale_ratio": 5.26,
            "price_fair": 123.06,
            "eps_avg_yearly": 4.89,
            "eps_latest_yearly": 5.64,
            "eps_growth_yearly": 15.16
        },
        "20152": {
            "year_quarter": 20152,
            "year": 2015,
            "quarter": 2,
            "eps": 0.96,
            "eps_growth_year": -26.72,
            "eps_4q": 4.89,
            "eps_4q_growth_year": 16.55,
            "roe": 3.46,
            "roe_4q": 17.9,
            "gross_profit": 82580,
            "gross_margin": 22.57,
            "gross_margin_4q_avg": 23.02,
            "net_income": 50957,
            "revenue": 365897,
            "common_shares": 505313,
            "book_valuer_per_share": 27.27,
            "book_valuer_per_share_4q_avg": 28.94,
            "equity": 1377853,
            "current_ratio": 366.29,
            "debt_ratio": 24.16,
            "inventory_turnover_ratio": 1.1,
            "account_receivable_turnover_ratio": 1.75,
            "reinvestment_rate": null,
            "research_to_sale_ratio": 6.89,
            "price_fair": 14.28,
            "eps_avg_yearly": 4.76,
            "eps_latest_yearly": 3.84,
            "eps_growth_yearly": -2.69
        },
        "20153": {
            "year_quarter": 20153,
            "year": 2015,
            "quarter": 3,
            "eps": 1.26,
            "eps_growth_year": -3.08,
            "eps_4q": 5.04,
            "eps_4q_growth_year": 15.65,
            "roe": 4.81,
            "roe_4q": 17.810000000000002,
            "gross_profit": 113487,
            "gross_margin": 26.4,
            "gross_margin_4q_avg": 23.7,
            "net_income": 66095,
            "revenue": 429862,
            "common_shares": 535579,
            "book_valuer_per_share": 26.58,
            "book_valuer_per_share_4q_avg": 28.72,
            "equity": 1370398,
            "current_ratio": 512.28,
            "debt_ratio": 17.05,
            "inventory_turnover_ratio": 1.17,
            "account_receivable_turnover_ratio": 1.84,
            "reinvestment_rate": null,
            "research_to_sale_ratio": 7.27,
            "price_fair": 102.98,
            "eps_avg_yearly": 4.79,
            "eps_latest_yearly": 5.04,
            "eps_growth_yearly": 11.49
        },
        "20154": {
            "year_quarter": 20154,
            "year": 2015,
            "quarter": 4,
            "eps": 1.54,
            "eps_growth_year": 8.67,
            "eps_4q": 5.19,
            "eps_4q_growth_year": 3.8,
            "roe": 5.65,
            "roe_4q": 18.540000000000003,
            "gross_profit": 126378,
            "gross_margin": 26.43,
            "gross_margin_4q_avg": 24.79,
            "net_income": 79179,
            "revenue": 478231,
            "common_shares": 515419,
            "book_valuer_per_share": 27.8,
            "book_valuer_per_share_4q_avg": 28.17,
            "equity": 1432986,
            "current_ratio": 514.89,
            "debt_ratio": 17.13,
            "inventory_turnover_ratio": 1.16,
            "account_receivable_turnover_ratio": 1.68,
            "reinvestment_rate": null,
            "research_to_sale_ratio": 8.22,
            "price_fair": 144.06,
            "eps_avg_yearly": 4.93,
            "eps_latest_yearly": 6.16,
            "eps_growth_yearly": 19.23
        },
        "20161": {
            "year_quarter": 20161,
            "year": 2016,
            "quarter": 1,
            "eps": 1.48,
            "eps_growth_year": 4.96,
            "eps_4q": 5.28,
            "eps_4q_growth_year": -2.92,
            "roe": 5.18,
            "roe_4q": 19.1,
            "gross_profit": 127939,
            "gross_margin": 27.62,
            "gross_margin_4q_avg": 25.76,
            "net_income": 75716,
            "revenue": 463145,
            "common_shares": 515019,
            "book_valuer_per_share": 28.92,
            "book_valuer_per_share_4q_avg": 27.64,
            "equity": 1489197,
            "current_ratio": 589.14,
            "debt_ratio": 14.87,
            "inventory_turnover_ratio": 0.97,
            "account_receivable_turnover_ratio": 1.67,
            "reinvestment_rate": 22.99,
            "research_to_sale_ratio": 7.95,
            "price_fair": 130.81,
            "eps_avg_yearly": 5.02,
            "eps_latest_yearly": 5.92,
            "eps_growth_yearly": 16.07
        },
        "20162": {
            "year_quarter": 20162,
            "year": 2016,
            "quarter": 2,
            "eps": 1.51,
            "eps_growth_year": 57.29,
            "eps_4q": 5.51,
            "eps_4q_growth_year": 12.61,
            "roe": 5.81,
            "roe_4q": 21.45,
            "gross_profit": 137839,
            "gross_margin": 29.49,
            "gross_margin_4q_avg": 27.49,
            "net_income": 82471,
            "revenue": 467349,
            "common_shares": 515019,
            "book_valuer_per_share": 26.24,
            "book_valuer_per_share_4q_avg": 27.39,
            "equity": 1351551,
            "current_ratio": 345.89,
            "debt_ratio": 25.04,
            "inventory_turnover_ratio": 0.89,
            "account_receivable_turnover_ratio": 1.74,
            "reinvestment_rate": 6.74,
            "research_to_sale_ratio": 8.44,
            "price_fair": 129.65,
            "eps_avg_yearly": 5.1,
            "eps_latest_yearly": 6.04,
            "eps_growth_yearly": 15.4
        },
        "20163": {
            "year_quarter": 20163,
            "year": 2016,
            "quarter": 3,
            "eps": 1.17,
            "eps_growth_year": -7.14,
            "eps_4q": 5.41,
            "eps_4q_growth_year": 7.46,
            "roe": 4.7,
            "roe_4q": 21.34,
            "gross_profit": 121689,
            "gross_margin": 28.13,
            "gross_margin_4q_avg": 27.92,
            "net_income": 64262,
            "revenue": 432595,
            "common_shares": 557070,
            "book_valuer_per_share": 24.84,
            "book_valuer_per_share_4q_avg": 26.95,
            "equity": 1383798,
            "current_ratio": 379.08,
            "debt_ratio": 22.85,
            "inventory_turnover_ratio": 0.83,
            "account_receivable_turnover_ratio": 1.47,
            "reinvestment_rate": 8.08,
            "research_to_sale_ratio": 9.08,
            "price_fair": 87.68,
            "eps_avg_yearly": 5.07,
            "eps_latest_yearly": 4.68,
            "eps_growth_yearly": 7.29
        },
        "20164": {
            "year_quarter": 20164,
            "year": 2016,
            "quarter": 4,
            "eps": 1.95,
            "eps_growth_year": 26.79,
            "eps_4q": 5.94,
            "eps_4q_growth_year": 14.46,
            "roe": 7.51,
            "roe_4q": 23.2,
            "gross_profit": 162238,
            "gross_margin": 28.33,
            "gross_margin_4q_avg": 28.39,
            "net_income": 108490,
            "revenue": 572723,
            "common_shares": 557020,
            "book_valuer_per_share": 27.03,
            "book_valuer_per_share_4q_avg": 26.76,
            "equity": 1505826,
            "current_ratio": 340.06,
            "debt_ratio": 25.51,
            "inventory_turnover_ratio": 0.98,
            "account_receivable_turnover_ratio": 1.72,
            "reinvestment_rate": 11.62,
            "research_to_sale_ratio": 5.8,
            "price_fair": 184.3,
            "eps_avg_yearly": 5.27,
            "eps_latest_yearly": 7.8,
            "eps_growth_yearly": 25.82
        },
        "20171": {
            "year_quarter": 20171,
            "year": 2017,
            "quarter": 1,
            "eps": 1.61,
            "eps_growth_year": 8.78,
            "eps_4q": 6.17,
            "eps_4q_growth_year": 16.86,
            "roe": 5.84,
            "roe_4q": 23.86,
            "gross_profit": 139141,
            "gross_margin": 28.22,
            "gross_margin_4q_avg": 28.54,
            "net_income": 88488,
            "revenue": 493138,
            "common_shares": 557020,
            "book_valuer_per_share": 27.33,
            "book_valuer_per_share_4q_avg": 26.36,
            "equity": 1522204,
            "current_ratio": 374.46,
            "debt_ratio": 22.8,
            "inventory_turnover_ratio": 0.81,
            "account_receivable_turnover_ratio": 1.56,
            "reinvestment_rate": 9.66,
            "research_to_sale_ratio": 7.1,
            "price_fair": 157.37,
            "eps_avg_yearly": 5.34,
            "eps_latest_yearly": 6.44,
            "eps_growth_yearly": 19.45
        },
        "20172": {
            "year_quarter": 20172,
            "year": 2017,
            "quarter": 2,
            "eps": 1.36,
            "eps_growth_year": -9.93,
            "eps_4q": 5.94,
            "eps_4q_growth_year": 7.79,
            "roe": 5.29,
            "roe_4q": 23.34,
            "gross_profit": 125023,
            "gross_margin": 27.05,
            "gross_margin_4q_avg": 27.93,
            "net_income": 76012,
            "revenue": 462142,
            "common_shares": 557020,
            "book_valuer_per_share": 24.27,
            "book_valuer_per_share_4q_avg": 25.87,
            "equity": 1351933,
            "current_ratio": 255.76,
            "debt_ratio": 43.99,
            "inventory_turnover_ratio": 0.7,
            "account_receivable_turnover_ratio": 1.89,
            "reinvestment_rate": 11.16,
            "research_to_sale_ratio": 7.39,
            "price_fair": 130.27,
            "eps_avg_yearly": 5.35,
            "eps_latest_yearly": 5.44,
            "eps_growth_yearly": 14.35
        },
        "20173": {
            "year_quarter": 20173,
            "year": 2017,
            "quarter": 3,
            "eps": 0.01,
            "eps_growth_year": -99.15,
            "eps_4q": 4.63,
            "eps_4q_growth_year": -14.4,
            "roe": 0.03,
            "roe_4q": 18.67,
            "gross_profit": 165231,
            "gross_margin": 28.83,
            "gross_margin_4q_avg": 28.11,
            "net_income": 429,
            "revenue": 573214,
            "common_shares": 589918,
            "book_valuer_per_share": 23.94,
            "book_valuer_per_share_4q_avg": 25.64,
            "equity": 1412053,
            "current_ratio": 220.11,
            "debt_ratio": 40.17,
            "inventory_turnover_ratio": 0.75,
            "account_receivable_turnover_ratio": 2.13,
            "reinvestment_rate": 54.52,
            "research_to_sale_ratio": 5.12,
            "price_fair": 15.05,
            "eps_avg_yearly": 5.02,
            "eps_latest_yearly": 0.04,
            "eps_growth_yearly": -11.04
        },
        "20174": {
            "year_quarter": 20174,
            "year": 2017,
            "quarter": 4,
            "eps": 1.95,
            "eps_growth_year": 0.09,
            "eps_4q": 4.67,
            "eps_4q_growth_year": -21.34,
            "roe": 7.57,
            "roe_4q": 18.73,
            "gross_profit": 143317,
            "gross_margin": 26.61,
            "gross_margin_4q_avg": 27.68,
            "net_income": 118039,
            "revenue": 538632,
            "common_shares": 605523,
            "book_valuer_per_share": 28.19,
            "book_valuer_per_share_4q_avg": 25.93,
            "equity": 1707177,
            "current_ratio": 324.72,
            "debt_ratio": 27.47,
            "inventory_turnover_ratio": 0.72,
            "account_receivable_turnover_ratio": 1.62,
            "reinvestment_rate": 51.28,
            "research_to_sale_ratio": 6.66,
            "price_fair": 185.76,
            "eps_avg_yearly": 5.31,
            "eps_latest_yearly": 7.8,
            "eps_growth_yearly": 4849.22
        },
        "20181": {
            "year_quarter": 20181,
            "year": 2018,
            "quarter": 1,
            "eps": 1.66,
            "eps_growth_year": 3.11,
            "eps_4q": 4.78,
            "eps_4q_growth_year": -22.57,
            "roe": 5.43,
            "roe_4q": 18.32,
            "gross_profit": 107646,
            "gross_margin": 26.02,
            "gross_margin_4q_avg": 27.13,
            "net_income": 97185,
            "revenue": 413644,
            "common_shares": 610556,
            "book_valuer_per_share": 29.88,
            "book_valuer_per_share_4q_avg": 26.57,
            "equity": 1874521,
            "current_ratio": 427.72,
            "debt_ratio": 22.65,
            "inventory_turnover_ratio": 0.53,
            "account_receivable_turnover_ratio": 1.28,
            "reinvestment_rate": 48.31,
            "research_to_sale_ratio": 9.03,
            "price_fair": 191.54,
            "eps_avg_yearly": 5.47,
            "eps_latest_yearly": 6.64,
            "eps_growth_yearly": 4838.86
        },
        "20182": {
            "year_quarter": 20182,
            "year": 2018,
            "quarter": 2,
            "eps": 0.75,
            "eps_growth_year": -44.85,
            "eps_4q": 4.31,
            "eps_4q_growth_year": -27.44,
            "roe": 2.5,
            "roe_4q": 15.53,
            "gross_profit": 132281,
            "gross_margin": 25.29,
            "gross_margin_4q_avg": 26.69,
            "net_income": 43438,
            "revenue": 523000,
            "common_shares": 610556,
            "book_valuer_per_share": 25.71,
            "book_valuer_per_share_4q_avg": 26.93,
            "equity": 1598466,
            "current_ratio": 176.26,
            "debt_ratio": 35.33,
            "inventory_turnover_ratio": 0.67,
            "account_receivable_turnover_ratio": 1.61,
            "reinvestment_rate": 52.39,
            "research_to_sale_ratio": 7.36,
            "price_fair": 186.64,
            "eps_avg_yearly": 5.33,
            "eps_latest_yearly": 3,
            "eps_growth_yearly": 4817.4
        },
        "20183": {
            "year_quarter": 20183,
            "year": 2018,
            "quarter": 3,
            "eps": 1.36,
            "eps_growth_year": 13500,
            "eps_4q": 5.67,
            "eps_4q_growth_year": 22.44,
            "roe": 4.85,
            "roe_4q": 20.35,
            "gross_profit": 151444,
            "gross_margin": 37.92,
            "gross_margin_4q_avg": 28.96,
            "net_income": 77877,
            "revenue": 399342,
            "common_shares": 605936,
            "book_valuer_per_share": 26.19,
            "book_valuer_per_share_4q_avg": 27.49,
            "equity": 1612573,
            "current_ratio": 195.33,
            "debt_ratio": 31.42,
            "inventory_turnover_ratio": 0.47,
            "account_receivable_turnover_ratio": 1.18,
            "reinvestment_rate": 42.47,
            "research_to_sale_ratio": 12.52,
            "price_fair": 187.16,
            "eps_avg_yearly": 5.35,
            "eps_latest_yearly": 5.44,
            "eps_growth_yearly": 4837.93
        },
        "20184": {
            "year_quarter": 20184,
            "year": 2018,
            "quarter": 4,
            "eps": 0.73,
            "eps_growth_year": -62.55,
            "eps_4q": 4.49,
            "eps_4q_growth_year": -3.88,
            "roe": 2.37,
            "roe_4q": 15.149999999999999,
            "gross_profit": 122863,
            "gross_margin": 20.66,
            "gross_margin_4q_avg": 27.47,
            "net_income": 39141,
            "revenue": 594820,
            "common_shares": 599845,
            "book_valuer_per_share": 27.91,
            "book_valuer_per_share_4q_avg": 27.42,
            "equity": 1684541,
            "current_ratio": 213.25,
            "debt_ratio": 29.4,
            "inventory_turnover_ratio": 0.89,
            "account_receivable_turnover_ratio": 1.66,
            "reinvestment_rate": 42.72,
            "research_to_sale_ratio": 6.86,
            "price_fair": 181.21,
            "eps_avg_yearly": 5.18,
            "eps_latest_yearly": 2.92,
            "eps_growth_yearly": 4824.23
        },
        "20191": {
            "year_quarter": 20191,
            "year": 2019,
            "quarter": 1,
            "eps": 0.84,
            "eps_growth_year": -49.4,
            "eps_4q": 3.7,
            "eps_4q_growth_year": -22.59,
            "roe": 2.68,
            "roe_4q": 12.4,
            "gross_profit": 135057,
            "gross_margin": 24.99,
            "gross_margin_4q_avg": 27.22,
            "net_income": 46225,
            "revenue": 540477,
            "common_shares": 598282,
            "book_valuer_per_share": 29.5,
            "book_valuer_per_share_4q_avg": 27.33,
            "equity": 1769385,
            "current_ratio": 219.88,
            "debt_ratio": 29.68,
            "inventory_turnover_ratio": 0.66,
            "account_receivable_turnover_ratio": 1.49,
            "reinvestment_rate": 43.89,
            "research_to_sale_ratio": 10.6,
            "price_fair": 176.23,
            "eps_avg_yearly": 5.04,
            "eps_latest_yearly": 3.36,
            "eps_growth_yearly": 4828
        },
        "20192": {
            "year_quarter": 20192,
            "year": 2019,
            "quarter": 2,
            "eps": 1.41,
            "eps_growth_year": 88,
            "eps_4q": 4.29,
            "eps_4q_growth_year": -0.47,
            "roe": 4.84,
            "roe_4q": 14.74,
            "gross_profit": 162879,
            "gross_margin": 25.45,
            "gross_margin_4q_avg": 27.26,
            "net_income": 83163,
            "revenue": 640034,
            "common_shares": 598457,
            "book_valuer_per_share": 27.75,
            "book_valuer_per_share_4q_avg": 27.84,
            "equity": 1668590,
            "current_ratio": 164.39,
            "debt_ratio": 43.21,
            "inventory_turnover_ratio": 0.71,
            "account_receivable_turnover_ratio": 2.08,
            "reinvestment_rate": 43.01,
            "research_to_sale_ratio": 6.74,
            "price_fair": 180.16,
            "eps_avg_yearly": 5.15,
            "eps_latest_yearly": 5.64,
            "eps_growth_yearly": 4852.94
        },
        "20193": {
            "year_quarter": 20193,
            "year": 2019,
            "quarter": 3,
            "eps": 1.01,
            "eps_growth_year": -25.74,
            "eps_4q": 3.68,
            "eps_4q_growth_year": -35.19,
            "roe": 3,
            "roe_4q": 12.89,
            "gross_profit": 168401,
            "gross_margin": 27.29,
            "gross_margin_4q_avg": 24.6,
            "net_income": 56279,
            "revenue": 617171,
            "common_shares": 666405,
            "book_valuer_per_share": 31.12,
            "book_valuer_per_share_4q_avg": 29.07,
            "equity": 2087393,
            "current_ratio": 231.65,
            "debt_ratio": 31.68,
            "inventory_turnover_ratio": 0.65,
            "account_receivable_turnover_ratio": 1.8,
            "reinvestment_rate": 43.17,
            "research_to_sale_ratio": 1.09,
            "price_fair": 177.98,
            "eps_avg_yearly": 5.09,
            "eps_latest_yearly": 4.04,
            "eps_growth_yearly": 4838.04
        },
        "20194": {
            "year_quarter": 20194,
            "year": 2019,
            "quarter": 4,
            "eps": 0.98,
            "eps_growth_year": 34.79,
            "eps_4q": 3.95,
            "eps_4q_growth_year": -12.14,
            "roe": 2.9,
            "roe_4q": 13.42,
            "gross_profit": 140694,
            "gross_margin": 19.11,
            "gross_margin_4q_avg": 24.21,
            "net_income": 62637,
            "revenue": 736333,
            "common_shares": 680200,
            "book_valuer_per_share": 32.51,
            "book_valuer_per_share_4q_avg": 30.22,
            "equity": 2231686,
            "current_ratio": 296.39,
            "debt_ratio": 24.62,
            "inventory_turnover_ratio": 0.92,
            "account_receivable_turnover_ratio": 2.35,
            "reinvestment_rate": 44.03,
            "research_to_sale_ratio": 7.92,
            "price_fair": 173.08,
            "eps_avg_yearly": 4.95,
            "eps_latest_yearly": 3.92,
            "eps_growth_yearly": 4831.74
        },
        "20201": {
            "year_quarter": 20201,
            "year": 2020,
            "quarter": 1,
            "eps": 0.57,
            "eps_growth_year": -32.14,
            "eps_4q": 3.74,
            "eps_4q_growth_year": 1.04,
            "roe": 1.62,
            "roe_4q": 12.36,
            "gross_profit": 140503,
            "gross_margin": 21.44,
            "gross_margin_4q_avg": 23.32,
            "net_income": 35446,
            "revenue": 655272,
            "common_shares": 686898,
            "book_valuer_per_share": 30.8,
            "book_valuer_per_share_4q_avg": 30.55,
            "equity": 2138407,
            "current_ratio": 261.03,
            "debt_ratio": 31.74,
            "inventory_turnover_ratio": 0.78,
            "account_receivable_turnover_ratio": 2.43,
            "reinvestment_rate": 28.57,
            "research_to_sale_ratio": 5.66,
            "price_fair": 165.11,
            "eps_avg_yearly": 4.72,
            "eps_latest_yearly": 2.28,
            "eps_growth_yearly": 4822.25
        },
        "20202": {
            "year_quarter": 20202,
            "year": 2020,
            "quarter": 2,
            "eps": 2.18,
            "eps_growth_year": 54.61,
            "eps_4q": 4.64,
            "eps_4q_growth_year": 8.32,
            "roe": 6.52,
            "roe_4q": 14.040000000000001,
            "gross_profit": 176007,
            "gross_margin": 21.49,
            "gross_margin_4q_avg": 22.33,
            "net_income": 144759,
            "revenue": 818854,
            "common_shares": 686898,
            "book_valuer_per_share": 32.6,
            "book_valuer_per_share_4q_avg": 31.76,
            "equity": 2300579,
            "current_ratio": 327.86,
            "debt_ratio": 24.62,
            "inventory_turnover_ratio": 0.93,
            "account_receivable_turnover_ratio": 2.14,
            "reinvestment_rate": 27.5,
            "research_to_sale_ratio": 5.98,
            "price_fair": 170.98,
            "eps_avg_yearly": 4.89,
            "eps_latest_yearly": 8.72,
            "eps_growth_yearly": 4892.36
        },
        "20203": {
            "year_quarter": 20203,
            "year": 2020,
            "quarter": 3,
            "eps": 3,
            "eps_growth_year": 197.03,
            "eps_4q": 6.72,
            "eps_4q_growth_year": 82.77,
            "roe": 8.52,
            "roe_4q": 19.56,
            "gross_profit": 223119,
            "gross_margin": 23.58,
            "gross_margin_4q_avg": 21.41,
            "net_income": 204528,
            "revenue": 946250,
            "common_shares": 686898,
            "book_valuer_per_share": 35.54,
            "book_valuer_per_share_4q_avg": 32.86,
            "equity": 2501101,
            "current_ratio": 349.48,
            "debt_ratio": 22.61,
            "inventory_turnover_ratio": 1.01,
            "account_receivable_turnover_ratio": 2.12,
            "reinvestment_rate": 27.68,
            "research_to_sale_ratio": 5.34,
            "price_fair": 186.99,
            "eps_avg_yearly": 5.34,
            "eps_latest_yearly": 12,
            "eps_growth_yearly": 4907.39
        },
        "20204": {
            "year_quarter": 20204,
            "year": 2020,
            "quarter": 4,
            "eps": 2.27,
            "eps_growth_year": 130.19,
            "eps_4q": 8.02,
            "eps_4q_growth_year": 103.17,
            "roe": 5.95,
            "roe_4q": 22.61,
            "gross_profit": 230309,
            "gross_margin": 25.07,
            "gross_margin_4q_avg": 22.9,
            "net_income": 153914,
            "revenue": 918824,
            "common_shares": 686898,
            "book_valuer_per_share": 38,
            "book_valuer_per_share_4q_avg": 34.24,
            "equity": 2668719,
            "current_ratio": 418.23,
            "debt_ratio": 18.8,
            "inventory_turnover_ratio": 0.94,
            "account_receivable_turnover_ratio": 2.2,
            "reinvestment_rate": 25.63,
            "research_to_sale_ratio": 10.08,
            "price_fair": 189.79,
            "eps_avg_yearly": 5.42,
            "eps_latest_yearly": 9.08,
            "eps_growth_yearly": 4884.64
        },
        "20211": {
            "year_quarter": 20211,
            "year": 2021,
            "quarter": 1,
            "eps": 0.71,
            "eps_growth_year": 24.56,
            "eps_4q": 8.16,
            "eps_4q_growth_year": 118.3,
            "roe": 1.67,
            "roe_4q": 22.66,
            "gross_profit": 158630,
            "gross_margin": 21.29,
            "gross_margin_4q_avg": 22.86,
            "net_income": 41720,
            "revenue": 745027,
            "common_shares": 686898,
            "book_valuer_per_share": 32.94,
            "book_valuer_per_share_4q_avg": 34.77,
            "equity": 2313020,
            "current_ratio": 259.35,
            "debt_ratio": 30.37,
            "inventory_turnover_ratio": 0.86,
            "account_receivable_turnover_ratio": 1.83,
            "reinvestment_rate": 24.77,
            "research_to_sale_ratio": 9.57,
            "price_fair": 181.91,
            "eps_avg_yearly": 5.2,
            "eps_latest_yearly": 2.84,
            "eps_growth_yearly": 4871.82
        },
        "20212": {
            "year_quarter": 20212,
            "year": 2021,
            "quarter": 2,
            "eps": 1.52,
            "eps_growth_year": -30.28,
            "eps_4q": 7.5,
            "eps_4q_growth_year": 61.44,
            "roe": 4.61,
            "roe_4q": 20.75,
            "gross_profit": 157002,
            "gross_margin": 21.74,
            "gross_margin_4q_avg": 22.92,
            "net_income": 108237,
            "revenue": 722146,
            "common_shares": 686898,
            "book_valuer_per_share": 33.91,
            "book_valuer_per_share_4q_avg": 35.1,
            "equity": 2383225,
            "current_ratio": 363.4,
            "debt_ratio": 22.06,
            "inventory_turnover_ratio": 0.85,
            "account_receivable_turnover_ratio": 1.83,
            "reinvestment_rate": 19.55,
            "research_to_sale_ratio": 8.2,
            "price_fair": 183.31,
            "eps_avg_yearly": 5.24,
            "eps_latest_yearly": 6.08,
            "eps_growth_yearly": 4904.23
        },
        "20213": {
            "year_quarter": 20213,
            "year": 2021,
            "quarter": 3,
            "eps": 0.78,
            "eps_growth_year": -74,
            "eps_4q": 5.3,
            "eps_4q_growth_year": -21.11,
            "roe": 2.25,
            "roe_4q": 14.48,
            "gross_profit": 108259,
            "gross_margin": 19.05,
            "gross_margin_4q_avg": 21.79,
            "net_income": 53791,
            "revenue": 568143,
            "common_shares": 686898,
            "book_valuer_per_share": 34.3,
            "book_valuer_per_share_4q_avg": 34.79,
            "equity": 2395339,
            "current_ratio": 397.11,
            "debt_ratio": 18.4,
            "inventory_turnover_ratio": 0.72,
            "account_receivable_turnover_ratio": 1.69,
            "reinvestment_rate": -14.54,
            "research_to_sale_ratio": 6.23,
            "price_fair": 190.05,
            "eps_avg_yearly": 5.43,
            "eps_latest_yearly": 3.12,
            "eps_growth_yearly": 4916.87
        },
        "20214": {
            "year_quarter": 20214,
            "year": 2021,
            "quarter": 4,
            "eps": 0.87,
            "eps_growth_year": -61.48,
            "eps_4q": 3.9,
            "eps_4q_growth_year": -51.4,
            "roe": 2.44,
            "roe_4q": 10.97,
            "gross_profit": 91448,
            "gross_margin": 17.8,
            "gross_margin_4q_avg": 19.97,
            "net_income": 59190,
            "revenue": 513711,
            "common_shares": 686898,
            "book_valuer_per_share": 35.3,
            "book_valuer_per_share_4q_avg": 34.11,
            "equity": 2463173,
            "current_ratio": 375.5,
            "debt_ratio": 19.98,
            "inventory_turnover_ratio": 0.6,
            "account_receivable_turnover_ratio": 1.87,
            "reinvestment_rate": -16.38,
            "research_to_sale_ratio": 5.82,
            "price_fair": 180.6,
            "eps_avg_yearly": 5.16,
            "eps_latest_yearly": 3.48,
            "eps_growth_yearly": 69.76
        },
        "20221": {
            "year_quarter": 20221,
            "year": 2022,
            "quarter": 1,
            "eps": 0.63,
            "eps_growth_year": -11.27,
            "eps_4q": 3.81,
            "eps_4q_growth_year": -53.31,
            "roe": 1.71,
            "roe_4q": 11.010000000000002,
            "gross_profit": 118345,
            "gross_margin": 21.76,
            "gross_margin_4q_avg": 20.09,
            "net_income": 41815,
            "revenue": 543904,
            "common_shares": 686898,
            "book_valuer_per_share": 34.75,
            "book_valuer_per_share_4q_avg": 34.57,
            "equity": 2426336,
            "current_ratio": 341.64,
            "debt_ratio": 25.93,
            "inventory_turnover_ratio": 0.54,
            "account_receivable_turnover_ratio": 1.8,
            "reinvestment_rate": -17.84,
            "research_to_sale_ratio": 5.01,
            "price_fair": 171.59,
            "eps_avg_yearly": 4.9,
            "eps_latest_yearly": 2.52,
            "eps_growth_yearly": 66.58
        },
        "20222": {
            "year_quarter": 20222,
            "year": 2022,
            "quarter": 2,
            "eps": 0.61,
            "eps_growth_year": -59.87,
            "eps_4q": 2.9,
            "eps_4q_growth_year": -61.36,
            "roe": 1.85,
            "roe_4q": 8.25,
            "gross_profit": 189406,
            "gross_margin": 27.49,
            "gross_margin_4q_avg": 21.53,
            "net_income": 44448,
            "revenue": 688986,
            "common_shares": 686898,
            "book_valuer_per_share": 34.16,
            "book_valuer_per_share_4q_avg": 34.63,
            "equity": 2389042,
            "current_ratio": 292.01,
            "debt_ratio": 30.15,
            "inventory_turnover_ratio": 0.57,
            "account_receivable_turnover_ratio": 1.92,
            "reinvestment_rate": -22.59,
            "research_to_sale_ratio": 5.47,
            "price_fair": 170.36,
            "eps_avg_yearly": 4.87,
            "eps_latest_yearly": 2.44,
            "eps_growth_yearly": 79.49
        },
        "20223": {
            "year_quarter": 20223,
            "year": 2022,
            "quarter": 3,
            "eps": 2.02,
            "eps_growth_year": 158.97,
            "eps_4q": 4.11,
            "eps_4q_growth_year": -22.41,
            "roe": 5.78,
            "roe_4q": 11.78,
            "gross_profit": 253804,
            "gross_margin": 30.96,
            "gross_margin_4q_avg": 24.5,
            "net_income": 144174,
            "revenue": 819911,
            "common_shares": 686898,
            "book_valuer_per_share": 37,
            "book_valuer_per_share_4q_avg": 35.3,
            "equity": 2604013,
            "current_ratio": 321.47,
            "debt_ratio": 28.29,
            "inventory_turnover_ratio": 0.56,
            "account_receivable_turnover_ratio": 2.03,
            "reinvestment_rate": -16.22,
            "research_to_sale_ratio": 5.23,
            "price_fair": 176.14,
            "eps_avg_yearly": 5.03,
            "eps_latest_yearly": 8.08,
            "eps_growth_yearly": 116.94
        },
        "20224": {
            "year_quarter": 20224,
            "year": 2022,
            "quarter": 4,
            "eps": 2.56,
            "eps_growth_year": 193.34,
            "eps_4q": 5.39,
            "eps_4q_growth_year": 38.36,
            "roe": 6.36,
            "roe_4q": 15.7,
            "gross_profit": 286765,
            "gross_margin": 31.29,
            "gross_margin_4q_avg": 27.88,
            "net_income": 201189,
            "revenue": 916463,
            "common_shares": 786898,
            "book_valuer_per_share": 46.46,
            "book_valuer_per_share_4q_avg": 38.09,
            "equity": 3720542,
            "current_ratio": 363.16,
            "debt_ratio": 25.03,
            "inventory_turnover_ratio": 0.62,
            "account_receivable_turnover_ratio": 2.26,
            "reinvestment_rate": -15.06,
            "research_to_sale_ratio": 2.26,
            "price_fair": 192.15,
            "eps_avg_yearly": 5.49,
            "eps_latest_yearly": 10.24,
            "eps_growth_yearly": 135.21
        },
        "20231": {
            "year_quarter": 20231,
            "year": 2023,
            "quarter": 1,
            "eps": 2.52,
            "eps_growth_year": 300,
            "eps_4q": 7.26,
            "eps_4q_growth_year": 90.49,
            "roe": 5.22,
            "roe_4q": 19.21,
            "gross_profit": 218171,
            "gross_margin": 27.99,
            "gross_margin_4q_avg": 29.43,
            "net_income": 203021,
            "revenue": 779450,
            "common_shares": 801898,
            "book_valuer_per_share": 49.74,
            "book_valuer_per_share_4q_avg": 41.84,
            "equity": 4054846,
            "current_ratio": 357.4,
            "debt_ratio": 23.12,
            "inventory_turnover_ratio": 0.7,
            "account_receivable_turnover_ratio": 2.39,
            "reinvestment_rate": -14.8,
            "research_to_sale_ratio": 3.4,
            "price_fair": 206.85,
            "eps_avg_yearly": 5.91,
            "eps_latest_yearly": 10.08,
            "eps_growth_yearly": 131.05
        }
    },
    "months": {
        "2012-12": {
            "month": "2012-12",
            "price": "46.66",
            "revenue": 120187
        },
        "2013-01": {
            "month": "2013-01",
            "price": "46.72",
            "revenue": 123102
        },
        "2013-02": {
            "month": "2013-02",
            "price": "47.00",
            "revenue": 107645
        },
        "2013-03": {
            "month": "2013-03",
            "price": "47.00",
            "revenue": 120491
        },
        "2013-04": {
            "month": "2013-04",
            "price": "47.57",
            "revenue": 125052
        },
        "2013-05": {
            "month": "2013-05",
            "price": "56.27",
            "revenue": 148606
        },
        "2013-06": {
            "month": "2013-06",
            "price": "59.85",
            "revenue": 151955
        },
        "2013-07": {
            "month": "2013-07",
            "price": "65.71",
            "revenue": 152961
        },
        "2013-08": {
            "month": "2013-08",
            "price": "72.25",
            "revenue": 153153
        },
        "2013-09": {
            "month": "2013-09",
            "price": "82.81",
            "revenue": 153414
        },
        "2013-10": {
            "month": "2013-10",
            "price": "86.90",
            "revenue": 153626
        },
        "2013-11": {
            "month": "2013-11",
            "price": "88.35",
            "revenue": 156027
        },
        "2013-12": {
            "month": "2013-12",
            "price": "97.84",
            "revenue": 157353
        },
        "2014-01": {
            "month": "2014-01",
            "price": "89.89",
            "revenue": 149735
        },
        "2014-02": {
            "month": "2014-02",
            "price": "84.89",
            "revenue": 102034
        },
        "2014-03": {
            "month": "2014-03",
            "price": "90.59",
            "revenue": 140733
        },
        "2014-04": {
            "month": "2014-04",
            "price": "87.93",
            "revenue": 127080
        },
        "2014-05": {
            "month": "2014-05",
            "price": "81.28",
            "revenue": 153712
        },
        "2014-06": {
            "month": "2014-06",
            "price": "81.96",
            "revenue": 155544
        },
        "2014-07": {
            "month": "2014-07",
            "price": "81.91",
            "revenue": 155697
        },
        "2014-08": {
            "month": "2014-08",
            "price": "71.20",
            "revenue": 156215
        },
        "2014-09": {
            "month": "2014-09",
            "price": "74.13",
            "revenue": 150011
        },
        "2014-10": {
            "month": "2014-10",
            "price": "70.70",
            "revenue": 151329
        },
        "2014-11": {
            "month": "2014-11",
            "price": "61.94",
            "revenue": 163337
        },
        "2014-12": {
            "month": "2014-12",
            "price": "70.42",
            "revenue": 174508
        },
        "2015-01": {
            "month": "2015-01",
            "price": "77.82",
            "revenue": 169788
        },
        "2015-02": {
            "month": "2015-02",
            "price": "74.41",
            "revenue": 123190
        },
        "2015-03": {
            "month": "2015-03",
            "price": "81.55",
            "revenue": 161118
        },
        "2015-04": {
            "month": "2015-04",
            "price": "85.98",
            "revenue": 125562
        },
        "2015-05": {
            "month": "2015-05",
            "price": "79.67",
            "revenue": 125840
        },
        "2015-06": {
            "month": "2015-06",
            "price": "76.14",
            "revenue": 114496
        },
        "2015-07": {
            "month": "2015-07",
            "price": "60.60",
            "revenue": 125414
        },
        "2015-08": {
            "month": "2015-08",
            "price": "57.52",
            "revenue": 151321
        },
        "2015-09": {
            "month": "2015-09",
            "price": "57.51",
            "revenue": 153127
        },
        "2015-10": {
            "month": "2015-10",
            "price": "61.55",
            "revenue": 153994
        },
        "2015-11": {
            "month": "2015-11",
            "price": "62.53",
            "revenue": 162797
        },
        "2015-12": {
            "month": "2015-12",
            "price": "58.28",
            "revenue": 161439
        },
        "2016-01": {
            "month": "2016-01",
            "price": "53.76",
            "revenue": 174157
        },
        "2016-02": {
            "month": "2016-02",
            "price": "58.52",
            "revenue": 108557
        },
        "2016-03": {
            "month": "2016-03",
            "price": "65.74",
            "revenue": 180431
        },
        "2016-04": {
            "month": "2016-04",
            "price": "63.53",
            "revenue": 165767
        },
        "2016-05": {
            "month": "2016-05",
            "price": "64.20",
            "revenue": 149168
        },
        "2016-06": {
            "month": "2016-06",
            "price": "65.33",
            "revenue": 152414
        },
        "2016-07": {
            "month": "2016-07",
            "price": "58.19",
            "revenue": 137368
        },
        "2016-08": {
            "month": "2016-08",
            "price": "60.11",
            "revenue": 142020
        },
        "2016-09": {
            "month": "2016-09",
            "price": "57.71",
            "revenue": 153207
        },
        "2016-10": {
            "month": "2016-10",
            "price": "56.07",
            "revenue": 180449
        },
        "2016-11": {
            "month": "2016-11",
            "price": "61.03",
            "revenue": 194412
        },
        "2016-12": {
            "month": "2016-12",
            "price": "80.16",
            "revenue": 197863
        },
        "2017-01": {
            "month": "2017-01",
            "price": "88.95",
            "revenue": 179090
        },
        "2017-02": {
            "month": "2017-02",
            "price": "85.48",
            "revenue": 127954
        },
        "2017-03": {
            "month": "2017-03",
            "price": "81.40",
            "revenue": 186059
        },
        "2017-04": {
            "month": "2017-04",
            "price": "80.47",
            "revenue": 156930
        },
        "2017-05": {
            "month": "2017-05",
            "price": "81.98",
            "revenue": 144559
        },
        "2017-06": {
            "month": "2017-06",
            "price": "92.93",
            "revenue": 160652
        },
        "2017-07": {
            "month": "2017-07",
            "price": "107.32",
            "revenue": 195188
        },
        "2017-08": {
            "month": "2017-08",
            "price": "122.26",
            "revenue": 198333
        },
        "2017-09": {
            "month": "2017-09",
            "price": "132.00",
            "revenue": 179694
        },
        "2017-10": {
            "month": "2017-10",
            "price": "122.08",
            "revenue": 171916
        },
        "2017-11": {
            "month": "2017-11",
            "price": "113.93",
            "revenue": 179856
        },
        "2017-12": {
            "month": "2017-12",
            "price": "115.83",
            "revenue": 179674
        },
        "2018-01": {
            "month": "2018-01",
            "price": "111.18",
            "revenue": 149197
        },
        "2018-02": {
            "month": "2018-02",
            "price": "92.35",
            "revenue": 84282
        },
        "2018-03": {
            "month": "2018-03",
            "price": "93.63",
            "revenue": 180162
        },
        "2018-04": {
            "month": "2018-04",
            "price": "86.83",
            "revenue": 164639
        },
        "2018-05": {
            "month": "2018-05",
            "price": "84.75",
            "revenue": 181394
        },
        "2018-06": {
            "month": "2018-06",
            "price": "92.04",
            "revenue": 176998
        },
        "2018-07": {
            "month": "2018-07",
            "price": "85.00",
            "revenue": 168232
        },
        "2018-08": {
            "month": "2018-08",
            "price": "73.59",
            "revenue": 172517
        },
        "2018-09": {
            "month": "2018-09",
            "price": "64.53",
            "revenue": 146222
        },
        "2018-10": {
            "month": "2018-10",
            "price": "58.08",
            "revenue": 114759
        },
        "2018-11": {
            "month": "2018-11",
            "price": "63.79",
            "revenue": 181948
        },
        "2018-12": {
            "month": "2018-12",
            "price": "78.14",
            "revenue": 210444
        },
        "2019-01": {
            "month": "2019-01",
            "price": "82.21",
            "revenue": 201259
        },
        "2019-02": {
            "month": "2019-02",
            "price": "91.11",
            "revenue": 125904
        },
        "2019-03": {
            "month": "2019-03",
            "price": "97.07",
            "revenue": 213314
        },
        "2019-04": {
            "month": "2019-04",
            "price": "100.79",
            "revenue": 216618
        },
        "2019-05": {
            "month": "2019-05",
            "price": "88.13",
            "revenue": 222291
        },
        "2019-06": {
            "month": "2019-06",
            "price": "90.40",
            "revenue": 201125
        },
        "2019-07": {
            "month": "2019-07",
            "price": "92.05",
            "revenue": 198275
        },
        "2019-08": {
            "month": "2019-08",
            "price": "86.74",
            "revenue": 185413
        },
        "2019-09": {
            "month": "2019-09",
            "price": "88.40",
            "revenue": 233483
        },
        "2019-10": {
            "month": "2019-10",
            "price": "97.58",
            "revenue": 241124
        },
        "2019-11": {
            "month": "2019-11",
            "price": "103.06",
            "revenue": 245034
        },
        "2019-12": {
            "month": "2019-12",
            "price": "102.03",
            "revenue": 250174
        },
        "2020-01": {
            "month": "2020-01",
            "price": "111.87",
            "revenue": 204009
        },
        "2020-02": {
            "month": "2020-02",
            "price": "111.21",
            "revenue": 210350
        },
        "2020-03": {
            "month": "2020-03",
            "price": "94.25",
            "revenue": 240913
        },
        "2020-04": {
            "month": "2020-04",
            "price": "98.22",
            "revenue": 250988
        },
        "2020-05": {
            "month": "2020-05",
            "price": "121.35",
            "revenue": 277329
        },
        "2020-06": {
            "month": "2020-06",
            "price": "125.85",
            "revenue": 290536
        },
        "2020-07": {
            "month": "2020-07",
            "price": "136.33",
            "revenue": 311421
        },
        "2020-08": {
            "month": "2020-08",
            "price": "122.33",
            "revenue": 316380
        },
        "2020-09": {
            "month": "2020-09",
            "price": "110.93",
            "revenue": 318450
        },
        "2020-10": {
            "month": "2020-10",
            "price": "104.39",
            "revenue": 320309
        },
        "2020-11": {
            "month": "2020-11",
            "price": "116.31",
            "revenue": 321424
        },
        "2020-12": {
            "month": "2020-12",
            "price": "118.83",
            "revenue": 277091
        },
        "2021-01": {
            "month": "2021-01",
            "price": "111.38",
            "revenue": 251715
        },
        "2021-02": {
            "month": "2021-02",
            "price": "105.42",
            "revenue": 232246
        },
        "2021-03": {
            "month": "2021-03",
            "price": "111.27",
            "revenue": 261066
        },
        "2021-04": {
            "month": "2021-04",
            "price": "115.03",
            "revenue": 240140
        },
        "2021-05": {
            "month": "2021-05",
            "price": "91.75",
            "revenue": 251628
        },
        "2021-06": {
            "month": "2021-06",
            "price": "94.19",
            "revenue": 230377
        },
        "2021-07": {
            "month": "2021-07",
            "price": "86.69",
            "revenue": 198306
        },
        "2021-08": {
            "month": "2021-08",
            "price": "81.28",
            "revenue": 191456
        },
        "2021-09": {
            "month": "2021-09",
            "price": "79.10",
            "revenue": 178381
        },
        "2021-10": {
            "month": "2021-10",
            "price": "78.30",
            "revenue": 185702
        },
        "2021-11": {
            "month": "2021-11",
            "price": "85.69",
            "revenue": 164139
        },
        "2021-12": {
            "month": "2021-12",
            "price": "85.07",
            "revenue": 163871
        },
        "2022-01": {
            "month": "2022-01",
            "price": "82.21",
            "revenue": 147132
        },
        "2022-02": {
            "month": "2022-02",
            "price": "79.31",
            "revenue": 184002
        },
        "2022-03": {
            "month": "2022-03",
            "price": "78.68",
            "revenue": 212768
        },
        "2022-04": {
            "month": "2022-04",
            "price": "80.49",
            "revenue": 206193
        },
        "2022-05": {
            "month": "2022-05",
            "price": "77.19",
            "revenue": 245315
        },
        "2022-06": {
            "month": "2022-06",
            "price": "79.11",
            "revenue": 237480
        },
        "2022-07": {
            "month": "2022-07",
            "price": "77.71",
            "revenue": 269941
        },
        "2022-08": {
            "month": "2022-08",
            "price": "95.19",
            "revenue": 270184
        },
        "2022-09": {
            "month": "2022-09",
            "price": "117.90",
            "revenue": 279786
        },
        "2022-10": {
            "month": "2022-10",
            "price": "102.06",
            "revenue": 300235
        },
        "2022-11": {
            "month": "2022-11",
            "price": "94.95",
            "revenue": 325897
        },
        "2022-12": {
            "month": "2022-12",
            "price": "104.72",
            "revenue": 290331
        },
        "2023-01": {
            "month": "2023-01",
            "price": "106.00",
            "revenue": 260532
        },
        "2023-02": {
            "month": "2023-02",
            "price": "112.31",
            "revenue": 256997
        },
        "2023-03": {
            "month": "2023-03",
            "price": "116.41",
            "revenue": 261921
        },
        "2023-04": {
            "month": "2023-04",
            "price": "118.00",
            "revenue": 250675
        }
    }
}
