{
    "summary": {
        "stock_name": "華星光",
        "stock_id": "4979",
        "category": "通信網路",
        "main_business": "電子零組件製造業及電子材料批發業等相關產業",
        "website_url": "http://www.luxnetcorp.com.tw",
        "ceo": "林大琮(代理)",
        "pe_ratio": 57,
        "report_year_from": 2009,
        "report_year_to": 2023,
        "age": 15,
        "eps_negative_percentage": 46,
        "eps_growth_avg": {
            "last_all": 18.02,
            "last_2y": 5.85,
            "last_4y": 5.85,
            "last_8y": 1.95,
            "last_12y": null,
            "last_16y": null,
            "last_20y": null,
            "at_2006_last_3y": null,
            "at_2007_last_3y": null,
            "at_2008_last_3y": null,
            "at_2009_last_3y": null,
            "at_2010_last_3y": null,
            "at_2011_last_3y": null,
            "at_2012_last_3y": null,
            "at_2013_last_3y": null,
            "at_2014_last_3y": null,
            "at_2015_last_3y": 50.57,
            "at_2016_last_3y": 0.57,
            "at_2017_last_3y": 15.64,
            "at_2018_last_3y": 0,
            "at_2019_last_3y": -100,
            "at_2020_last_3y": null,
            "at_2021_last_3y": null,
            "at_2022_last_3y": null,
            "at_2023_last_3y": 5.85,
            "at_2024_last_3y": 5.85,
            "at_2006_last_all": null,
            "at_2007_last_all": null,
            "at_2008_last_all": null,
            "at_2009_last_all": null,
            "at_2010_last_all": null,
            "at_2011_last_all": null,
            "at_2012_last_all": null,
            "at_2013_last_all": 27.67,
            "at_2014_last_all": 34.09,
            "at_2015_last_all": 50.57,
            "at_2016_last_all": 20.45,
            "at_2017_last_all": 20.45,
            "at_2018_last_all": 20.45,
            "at_2019_last_all": 20.45,
            "at_2020_last_all": 20.45,
            "at_2021_last_all": 20.45,
            "at_2022_last_all": 20.45,
            "at_2023_last_all": 18.02,
            "at_2024_last_all": 18.02
        },
        "latest_eps": 2.86,
        "latest_price": 162,
        "latest_roe": 24.44,
        "latest_gross_margin": 20.86,
        "latest_equity": 1738528,
        "latest_revenue": 879880,
        "latest_gross_profit": 183576,
        "latest_net_income": 164898,
        "latest_debt_ratio": 25.26,
        "latest_current_ratio": 400.86,
        "latest_account_receivable_turnover_ratio": 3.26,
        "latest_inventory_turnover_ratio": 1.69,
        "latest_reinvestment_rate": -492.82,
        "latest_research_to_sale_ratio": 1.62
    },
    "eps_dividends": {
        "2001": {
            "cash": 0,
            "stock": 0,
            "eps": 0
        },
        "2002": {
            "cash": 0,
            "stock": 0,
            "eps": 0
        },
        "2003": {
            "cash": 0,
            "stock": 0,
            "eps": 0
        },
        "2004": {
            "cash": 0,
            "stock": 0,
            "eps": 0
        },
        "2005": {
            "cash": 0,
            "stock": 0,
            "eps": 0
        },
        "2006": {
            "cash": 0,
            "stock": 0,
            "eps": 0
        },
        "2007": {
            "cash": 0,
            "stock": 0,
            "eps": 0
        },
        "2008": {
            "cash": 0,
            "stock": 0,
            "eps": 0
        },
        "2009": {
            "cash": 0,
            "stock": 0,
            "eps": 0
        },
        "2010": {
            "cash": 0,
            "stock": 0,
            "eps": 0
        },
        "2011": {
            "cash": 0.2,
            "stock": 0.3,
            "eps": 1.28
        },
        "2012": {
            "cash": 0.3,
            "stock": 0.3,
            "eps": 4.12
        },
        "2013": {
            "cash": 0.5,
            "stock": 2,
            "eps": 2.28
        },
        "2014": {
            "cash": 0.5,
            "stock": 1,
            "eps": 3.35
        },
        "2015": {
            "cash": 1,
            "stock": 1,
            "eps": 7.61
        },
        "2016": {
            "cash": 3,
            "stock": 0,
            "eps": -1.57
        },
        "2017": {
            "cash": 0,
            "stock": 0,
            "eps": -8.05
        },
        "2018": {
            "cash": 0,
            "stock": 0,
            "eps": -6.89
        },
        "2019": {
            "cash": 0,
            "stock": 0,
            "eps": -1.92
        },
        "2020": {
            "cash": 0,
            "stock": 0,
            "eps": -0.74
        },
        "2021": {
            "cash": 0,
            "stock": 0,
            "eps": -2.22
        },
        "2022": {
            "cash": 0,
            "stock": 0,
            "eps": 2.05
        },
        "2023": {
            "cash": 0.06,
            "stock": 0,
            "eps": 2.17
        }
    },
    "dividends": {
        "2011-04-28": {
            "cash": 0.2,
            "stock": 0.3
        },
        "2012-06-22": {
            "cash": 0.3,
            "stock": 0.3
        },
        "2013-06-25": {
            "cash": 0.5,
            "stock": 2
        },
        "2014-09-30": {
            "cash": 0.5,
            "stock": 1
        },
        "2015-10-08": {
            "cash": 1,
            "stock": 1
        },
        "2016-07-21": {
            "cash": 3,
            "stock": 0
        },
        "2023-08-09": {
            "cash": 0.06,
            "stock": 0
        }
    },
    "prices": {
        "200101": "無",
        "200102": "無",
        "200103": "無",
        "200104": "無",
        "200105": "無",
        "200106": "無",
        "200107": "無",
        "200108": "無",
        "200109": "無",
        "200110": "無",
        "200111": "無",
        "200112": "無",
        "200201": "無",
        "200202": "無",
        "200203": "無",
        "200204": "無",
        "200205": "無",
        "200206": "無",
        "200207": "無",
        "200208": "無",
        "200209": "無",
        "200210": "無",
        "200211": "無",
        "200212": "無",
        "200301": "無",
        "200302": "無",
        "200303": "無",
        "200304": "無",
        "200305": "無",
        "200306": "無",
        "200307": "無",
        "200308": "無",
        "200309": "無",
        "200310": "無",
        "200311": "無",
        "200312": "無",
        "200401": "無",
        "200402": "無",
        "200403": "無",
        "200404": "無",
        "200405": "無",
        "200406": "無",
        "200407": "無",
        "200408": "無",
        "200409": "無",
        "200410": "無",
        "200411": "無",
        "200412": "無",
        "200501": "無",
        "200502": "無",
        "200503": "無",
        "200504": "無",
        "200505": "無",
        "200506": "無",
        "200507": "無",
        "200508": "無",
        "200509": "無",
        "200510": "無",
        "200511": "無",
        "200512": "無",
        "200601": "無",
        "200602": "無",
        "200603": "無",
        "200604": "無",
        "200605": "無",
        "200606": "無",
        "200607": "無",
        "200608": "無",
        "200609": "無",
        "200610": "無",
        "200611": "無",
        "200612": "無",
        "200701": "無",
        "200702": "無",
        "200703": "無",
        "200704": "無",
        "200705": "無",
        "200706": "無",
        "200707": "無",
        "200708": "無",
        "200709": "無",
        "200710": "無",
        "200711": "無",
        "200712": "無",
        "200801": "無",
        "200802": "無",
        "200803": "無",
        "200804": "無",
        "200805": "無",
        "200806": "無",
        "200807": "無",
        "200808": "無",
        "200809": "無",
        "200810": "無",
        "200811": "無",
        "200812": "無",
        "200901": "無",
        "200902": "無",
        "200903": "無",
        "200904": "無",
        "200905": "無",
        "200906": "無",
        "200907": "無",
        "200908": "無",
        "200909": "無",
        "200910": "無",
        "200911": "無",
        "200912": "無",
        "201001": "無",
        "201002": "無",
        "201003": "無",
        "201004": "無",
        "201005": "無",
        "201006": "無",
        "201007": "無",
        "201008": "無",
        "201009": "無",
        "201010": "無",
        "201011": "52.75",
        "201012": "62.43",
        "201101": "57.75",
        "201102": "63.02",
        "201103": "62.53",
        "201104": "63.13",
        "201105": "60.37",
        "201106": "52.03",
        "201107": "40.35",
        "201108": "35.52",
        "201109": "27.09",
        "201110": "24.33",
        "201111": "25.01",
        "201112": "20.91",
        "201201": "25.65",
        "201202": "40.52",
        "201203": "50.25",
        "201204": "53.29",
        "201205": "46.81",
        "201206": "45.47",
        "201207": "48.96",
        "201208": "52.78",
        "201209": "55.59",
        "201210": "55.33",
        "201211": "51.01",
        "201212": "52.15",
        "201301": "58.77",
        "201302": "65.66",
        "201303": "63.25",
        "201304": "68.02",
        "201305": "62.37",
        "201306": "50.59",
        "201307": "48.76",
        "201308": "45.25",
        "201309": "42.98",
        "201310": "36.95",
        "201311": "33.55",
        "201312": "38.11",
        "201401": "41.66",
        "201402": "40.56",
        "201403": "46.98",
        "201404": "52.90",
        "201405": "46.20",
        "201406": "47.72",
        "201407": "56.35",
        "201408": "53.84",
        "201409": "50.74",
        "201410": "48.38",
        "201411": "46.59",
        "201412": "53.67",
        "201501": "60.23",
        "201502": "58.32",
        "201503": "67.23",
        "201504": "73.41",
        "201505": "84.90",
        "201506": "88.28",
        "201507": "77.56",
        "201508": "63.94",
        "201509": "66.72",
        "201510": "83.93",
        "201511": "85.41",
        "201512": "77.24",
        "201601": "74.28",
        "201602": "75.70",
        "201603": "77.17",
        "201604": "63.04",
        "201605": "51.69",
        "201606": "53.26",
        "201607": "47.57",
        "201608": "42.71",
        "201609": "37.43",
        "201610": "32.24",
        "201611": "28.32",
        "201612": "34.77",
        "201701": "34.31",
        "201702": "37.39",
        "201703": "39.40",
        "201704": "34.93",
        "201705": "31.99",
        "201706": "31.84",
        "201707": "30.84",
        "201708": "28.55",
        "201709": "28.21",
        "201710": "29.06",
        "201711": "28.97",
        "201712": "35.46",
        "201801": "34.12",
        "201802": "31.04",
        "201803": "29.26",
        "201804": "26.94",
        "201805": "24.57",
        "201806": "28.36",
        "201807": "26.02",
        "201808": "23.22",
        "201809": "20.83",
        "201810": "17.58",
        "201811": "17.70",
        "201812": "20.87",
        "201901": "22.60",
        "201902": "24.87",
        "201903": "27.06",
        "201904": "25.10",
        "201905": "20.23",
        "201906": "20.35",
        "201907": "22.03",
        "201908": "20.05",
        "201909": "20.93",
        "201910": "22.93",
        "201911": "24.91",
        "201912": "23.65",
        "202001": "24.54",
        "202002": "20.75",
        "202003": "14.86",
        "202004": "15.45",
        "202005": "22.33",
        "202006": "22.81",
        "202007": "30.71",
        "202008": "28.73",
        "202009": "28.96",
        "202010": "26.39",
        "202011": "27.23",
        "202012": "27.04",
        "202101": "24.15",
        "202102": "23.13",
        "202103": "23.59",
        "202104": "24.62",
        "202105": "18.91",
        "202106": "19.27",
        "202107": "19.42",
        "202108": "18.48",
        "202109": "17.51",
        "202110": "16.83",
        "202111": "18.36",
        "202112": "18.78",
        "202201": "18.36",
        "202202": "18.02",
        "202203": "17.83",
        "202204": "18.38",
        "202205": "18.97",
        "202206": "19.19",
        "202207": "27.49",
        "202208": "35.72",
        "202209": "36.93",
        "202210": "31.89",
        "202211": "35.11",
        "202212": "48.01",
        "202301": "43.05",
        "202302": "50.14",
        "202303": "47.97",
        "202304": "52.49",
        "202305": "49.27",
        "202306": "82.14",
        "202307": "157.38",
        "202308": "156.36",
        "202309": "151.95",
        "202310": "149.85",
        "202311": "169.05",
        "202312": "166.55"
    },
    "quarters": {
        "20011": {
            "year_quarter": 20011,
            "year": 2001,
            "quarter": 1,
            "eps": null,
            "eps_growth_year": null,
            "eps_4q": null,
            "eps_4q_growth_year": null,
            "roe": null,
            "roe_4q": 0,
            "gross_profit": null,
            "gross_margin": null,
            "gross_margin_4q_avg": 0,
            "net_income": null,
            "net_income_4q": null,
            "revenue": null,
            "revenue_4q": null,
            "common_shares": null,
            "book_valuer_per_share": null,
            "book_valuer_per_share_4q_avg": 0,
            "equity": null,
            "current_ratio": null,
            "debt_ratio": null,
            "inventory_turnover_ratio": null,
            "account_receivable_turnover_ratio": null,
            "reinvestment_rate": null,
            "research_to_sale_ratio": null,
            "price_fair": 0,
            "eps_avg_yearly": 0,
            "eps_latest_yearly": 0,
            "eps_growth_yearly": 0
        },
        "20012": {
            "year_quarter": 20012,
            "year": 2001,
            "quarter": 2,
            "eps": null,
            "eps_growth_year": null,
            "eps_4q": null,
            "eps_4q_growth_year": null,
            "roe": null,
            "roe_4q": 0,
            "gross_profit": null,
            "gross_margin": null,
            "gross_margin_4q_avg": 0,
            "net_income": null,
            "net_income_4q": null,
            "revenue": null,
            "revenue_4q": null,
            "common_shares": null,
            "book_valuer_per_share": null,
            "book_valuer_per_share_4q_avg": 0,
            "equity": null,
            "current_ratio": null,
            "debt_ratio": null,
            "inventory_turnover_ratio": null,
            "account_receivable_turnover_ratio": null,
            "reinvestment_rate": null,
            "research_to_sale_ratio": null,
            "price_fair": 0,
            "eps_avg_yearly": 0,
            "eps_latest_yearly": 0,
            "eps_growth_yearly": 0
        },
        "20013": {
            "year_quarter": 20013,
            "year": 2001,
            "quarter": 3,
            "eps": null,
            "eps_growth_year": null,
            "eps_4q": null,
            "eps_4q_growth_year": null,
            "roe": null,
            "roe_4q": 0,
            "gross_profit": null,
            "gross_margin": null,
            "gross_margin_4q_avg": 0,
            "net_income": null,
            "net_income_4q": null,
            "revenue": null,
            "revenue_4q": null,
            "common_shares": null,
            "book_valuer_per_share": null,
            "book_valuer_per_share_4q_avg": 0,
            "equity": null,
            "current_ratio": null,
            "debt_ratio": null,
            "inventory_turnover_ratio": null,
            "account_receivable_turnover_ratio": null,
            "reinvestment_rate": null,
            "research_to_sale_ratio": null,
            "price_fair": 0,
            "eps_avg_yearly": 0,
            "eps_latest_yearly": 0,
            "eps_growth_yearly": 0
        },
        "20014": {
            "year_quarter": 20014,
            "year": 2001,
            "quarter": 4,
            "eps": null,
            "eps_growth_year": null,
            "eps_4q": null,
            "eps_4q_growth_year": null,
            "roe": null,
            "roe_4q": 0,
            "gross_profit": null,
            "gross_margin": null,
            "gross_margin_4q_avg": 0,
            "net_income": null,
            "net_income_4q": null,
            "revenue": null,
            "revenue_4q": null,
            "common_shares": null,
            "book_valuer_per_share": null,
            "book_valuer_per_share_4q_avg": 0,
            "equity": null,
            "current_ratio": null,
            "debt_ratio": null,
            "inventory_turnover_ratio": null,
            "account_receivable_turnover_ratio": null,
            "reinvestment_rate": null,
            "research_to_sale_ratio": null,
            "price_fair": 0,
            "eps_avg_yearly": 0,
            "eps_latest_yearly": 0,
            "eps_growth_yearly": 0
        },
        "20021": {
            "year_quarter": 20021,
            "year": 2002,
            "quarter": 1,
            "eps": null,
            "eps_growth_year": null,
            "eps_4q": null,
            "eps_4q_growth_year": null,
            "roe": null,
            "roe_4q": 0,
            "gross_profit": null,
            "gross_margin": null,
            "gross_margin_4q_avg": 0,
            "net_income": null,
            "net_income_4q": null,
            "revenue": null,
            "revenue_4q": null,
            "common_shares": null,
            "book_valuer_per_share": null,
            "book_valuer_per_share_4q_avg": 0,
            "equity": null,
            "current_ratio": null,
            "debt_ratio": null,
            "inventory_turnover_ratio": null,
            "account_receivable_turnover_ratio": null,
            "reinvestment_rate": null,
            "research_to_sale_ratio": null,
            "price_fair": 0,
            "eps_avg_yearly": 0,
            "eps_latest_yearly": 0,
            "eps_growth_yearly": 0
        },
        "20022": {
            "year_quarter": 20022,
            "year": 2002,
            "quarter": 2,
            "eps": null,
            "eps_growth_year": null,
            "eps_4q": null,
            "eps_4q_growth_year": null,
            "roe": null,
            "roe_4q": 0,
            "gross_profit": null,
            "gross_margin": null,
            "gross_margin_4q_avg": 0,
            "net_income": null,
            "net_income_4q": null,
            "revenue": null,
            "revenue_4q": null,
            "common_shares": null,
            "book_valuer_per_share": null,
            "book_valuer_per_share_4q_avg": 0,
            "equity": null,
            "current_ratio": null,
            "debt_ratio": null,
            "inventory_turnover_ratio": null,
            "account_receivable_turnover_ratio": null,
            "reinvestment_rate": null,
            "research_to_sale_ratio": null,
            "price_fair": 0,
            "eps_avg_yearly": 0,
            "eps_latest_yearly": 0,
            "eps_growth_yearly": 0
        },
        "20023": {
            "year_quarter": 20023,
            "year": 2002,
            "quarter": 3,
            "eps": null,
            "eps_growth_year": null,
            "eps_4q": null,
            "eps_4q_growth_year": null,
            "roe": null,
            "roe_4q": 0,
            "gross_profit": null,
            "gross_margin": null,
            "gross_margin_4q_avg": 0,
            "net_income": null,
            "net_income_4q": null,
            "revenue": null,
            "revenue_4q": null,
            "common_shares": null,
            "book_valuer_per_share": null,
            "book_valuer_per_share_4q_avg": 0,
            "equity": null,
            "current_ratio": null,
            "debt_ratio": null,
            "inventory_turnover_ratio": null,
            "account_receivable_turnover_ratio": null,
            "reinvestment_rate": null,
            "research_to_sale_ratio": null,
            "price_fair": 0,
            "eps_avg_yearly": 0,
            "eps_latest_yearly": 0,
            "eps_growth_yearly": 0
        },
        "20024": {
            "year_quarter": 20024,
            "year": 2002,
            "quarter": 4,
            "eps": null,
            "eps_growth_year": null,
            "eps_4q": null,
            "eps_4q_growth_year": null,
            "roe": null,
            "roe_4q": 0,
            "gross_profit": null,
            "gross_margin": null,
            "gross_margin_4q_avg": 0,
            "net_income": null,
            "net_income_4q": null,
            "revenue": null,
            "revenue_4q": null,
            "common_shares": null,
            "book_valuer_per_share": null,
            "book_valuer_per_share_4q_avg": 0,
            "equity": null,
            "current_ratio": null,
            "debt_ratio": null,
            "inventory_turnover_ratio": null,
            "account_receivable_turnover_ratio": null,
            "reinvestment_rate": null,
            "research_to_sale_ratio": null,
            "price_fair": 0,
            "eps_avg_yearly": 0,
            "eps_latest_yearly": 0,
            "eps_growth_yearly": 0
        },
        "20031": {
            "year_quarter": 20031,
            "year": 2003,
            "quarter": 1,
            "eps": null,
            "eps_growth_year": null,
            "eps_4q": null,
            "eps_4q_growth_year": null,
            "roe": null,
            "roe_4q": 0,
            "gross_profit": null,
            "gross_margin": null,
            "gross_margin_4q_avg": 0,
            "net_income": null,
            "net_income_4q": null,
            "revenue": null,
            "revenue_4q": null,
            "common_shares": null,
            "book_valuer_per_share": null,
            "book_valuer_per_share_4q_avg": 0,
            "equity": null,
            "current_ratio": null,
            "debt_ratio": null,
            "inventory_turnover_ratio": null,
            "account_receivable_turnover_ratio": null,
            "reinvestment_rate": null,
            "research_to_sale_ratio": null,
            "price_fair": 0,
            "eps_avg_yearly": 0,
            "eps_latest_yearly": 0,
            "eps_growth_yearly": 0
        },
        "20032": {
            "year_quarter": 20032,
            "year": 2003,
            "quarter": 2,
            "eps": null,
            "eps_growth_year": null,
            "eps_4q": null,
            "eps_4q_growth_year": null,
            "roe": null,
            "roe_4q": 0,
            "gross_profit": null,
            "gross_margin": null,
            "gross_margin_4q_avg": 0,
            "net_income": null,
            "net_income_4q": null,
            "revenue": null,
            "revenue_4q": null,
            "common_shares": null,
            "book_valuer_per_share": null,
            "book_valuer_per_share_4q_avg": 0,
            "equity": null,
            "current_ratio": null,
            "debt_ratio": null,
            "inventory_turnover_ratio": null,
            "account_receivable_turnover_ratio": null,
            "reinvestment_rate": null,
            "research_to_sale_ratio": null,
            "price_fair": 0,
            "eps_avg_yearly": 0,
            "eps_latest_yearly": 0,
            "eps_growth_yearly": 0
        },
        "20033": {
            "year_quarter": 20033,
            "year": 2003,
            "quarter": 3,
            "eps": null,
            "eps_growth_year": null,
            "eps_4q": null,
            "eps_4q_growth_year": null,
            "roe": null,
            "roe_4q": 0,
            "gross_profit": null,
            "gross_margin": null,
            "gross_margin_4q_avg": 0,
            "net_income": null,
            "net_income_4q": null,
            "revenue": null,
            "revenue_4q": null,
            "common_shares": null,
            "book_valuer_per_share": null,
            "book_valuer_per_share_4q_avg": 0,
            "equity": null,
            "current_ratio": null,
            "debt_ratio": null,
            "inventory_turnover_ratio": null,
            "account_receivable_turnover_ratio": null,
            "reinvestment_rate": null,
            "research_to_sale_ratio": null,
            "price_fair": 0,
            "eps_avg_yearly": 0,
            "eps_latest_yearly": 0,
            "eps_growth_yearly": 0
        },
        "20034": {
            "year_quarter": 20034,
            "year": 2003,
            "quarter": 4,
            "eps": null,
            "eps_growth_year": null,
            "eps_4q": null,
            "eps_4q_growth_year": null,
            "roe": null,
            "roe_4q": 0,
            "gross_profit": null,
            "gross_margin": null,
            "gross_margin_4q_avg": 0,
            "net_income": null,
            "net_income_4q": null,
            "revenue": null,
            "revenue_4q": null,
            "common_shares": null,
            "book_valuer_per_share": null,
            "book_valuer_per_share_4q_avg": 0,
            "equity": null,
            "current_ratio": null,
            "debt_ratio": null,
            "inventory_turnover_ratio": null,
            "account_receivable_turnover_ratio": null,
            "reinvestment_rate": null,
            "research_to_sale_ratio": null,
            "price_fair": 0,
            "eps_avg_yearly": 0,
            "eps_latest_yearly": 0,
            "eps_growth_yearly": 0
        },
        "20041": {
            "year_quarter": 20041,
            "year": 2004,
            "quarter": 1,
            "eps": null,
            "eps_growth_year": null,
            "eps_4q": null,
            "eps_4q_growth_year": null,
            "roe": null,
            "roe_4q": 0,
            "gross_profit": null,
            "gross_margin": null,
            "gross_margin_4q_avg": 0,
            "net_income": null,
            "net_income_4q": null,
            "revenue": null,
            "revenue_4q": null,
            "common_shares": null,
            "book_valuer_per_share": null,
            "book_valuer_per_share_4q_avg": 0,
            "equity": null,
            "current_ratio": null,
            "debt_ratio": null,
            "inventory_turnover_ratio": null,
            "account_receivable_turnover_ratio": null,
            "reinvestment_rate": null,
            "research_to_sale_ratio": null,
            "price_fair": 0,
            "eps_avg_yearly": 0,
            "eps_latest_yearly": 0,
            "eps_growth_yearly": 0
        },
        "20042": {
            "year_quarter": 20042,
            "year": 2004,
            "quarter": 2,
            "eps": null,
            "eps_growth_year": null,
            "eps_4q": null,
            "eps_4q_growth_year": null,
            "roe": null,
            "roe_4q": 0,
            "gross_profit": null,
            "gross_margin": null,
            "gross_margin_4q_avg": 0,
            "net_income": null,
            "net_income_4q": null,
            "revenue": null,
            "revenue_4q": null,
            "common_shares": null,
            "book_valuer_per_share": null,
            "book_valuer_per_share_4q_avg": 0,
            "equity": null,
            "current_ratio": null,
            "debt_ratio": null,
            "inventory_turnover_ratio": null,
            "account_receivable_turnover_ratio": null,
            "reinvestment_rate": null,
            "research_to_sale_ratio": null,
            "price_fair": 0,
            "eps_avg_yearly": 0,
            "eps_latest_yearly": 0,
            "eps_growth_yearly": 0
        },
        "20043": {
            "year_quarter": 20043,
            "year": 2004,
            "quarter": 3,
            "eps": null,
            "eps_growth_year": null,
            "eps_4q": null,
            "eps_4q_growth_year": null,
            "roe": null,
            "roe_4q": 0,
            "gross_profit": null,
            "gross_margin": null,
            "gross_margin_4q_avg": 0,
            "net_income": null,
            "net_income_4q": null,
            "revenue": null,
            "revenue_4q": null,
            "common_shares": null,
            "book_valuer_per_share": null,
            "book_valuer_per_share_4q_avg": 0,
            "equity": null,
            "current_ratio": null,
            "debt_ratio": null,
            "inventory_turnover_ratio": null,
            "account_receivable_turnover_ratio": null,
            "reinvestment_rate": null,
            "research_to_sale_ratio": null,
            "price_fair": 0,
            "eps_avg_yearly": 0,
            "eps_latest_yearly": 0,
            "eps_growth_yearly": 0
        },
        "20044": {
            "year_quarter": 20044,
            "year": 2004,
            "quarter": 4,
            "eps": null,
            "eps_growth_year": null,
            "eps_4q": null,
            "eps_4q_growth_year": null,
            "roe": null,
            "roe_4q": 0,
            "gross_profit": null,
            "gross_margin": null,
            "gross_margin_4q_avg": 0,
            "net_income": null,
            "net_income_4q": null,
            "revenue": null,
            "revenue_4q": null,
            "common_shares": null,
            "book_valuer_per_share": null,
            "book_valuer_per_share_4q_avg": 0,
            "equity": null,
            "current_ratio": null,
            "debt_ratio": null,
            "inventory_turnover_ratio": null,
            "account_receivable_turnover_ratio": null,
            "reinvestment_rate": null,
            "research_to_sale_ratio": null,
            "price_fair": 0,
            "eps_avg_yearly": 0,
            "eps_latest_yearly": 0,
            "eps_growth_yearly": 0
        },
        "20051": {
            "year_quarter": 20051,
            "year": 2005,
            "quarter": 1,
            "eps": null,
            "eps_growth_year": null,
            "eps_4q": null,
            "eps_4q_growth_year": null,
            "roe": null,
            "roe_4q": 0,
            "gross_profit": null,
            "gross_margin": null,
            "gross_margin_4q_avg": 0,
            "net_income": null,
            "net_income_4q": null,
            "revenue": null,
            "revenue_4q": null,
            "common_shares": null,
            "book_valuer_per_share": null,
            "book_valuer_per_share_4q_avg": 0,
            "equity": null,
            "current_ratio": null,
            "debt_ratio": null,
            "inventory_turnover_ratio": null,
            "account_receivable_turnover_ratio": null,
            "reinvestment_rate": null,
            "research_to_sale_ratio": null,
            "price_fair": 0,
            "eps_avg_yearly": 0,
            "eps_latest_yearly": 0,
            "eps_growth_yearly": 0
        },
        "20052": {
            "year_quarter": 20052,
            "year": 2005,
            "quarter": 2,
            "eps": null,
            "eps_growth_year": null,
            "eps_4q": null,
            "eps_4q_growth_year": null,
            "roe": null,
            "roe_4q": 0,
            "gross_profit": null,
            "gross_margin": null,
            "gross_margin_4q_avg": 0,
            "net_income": null,
            "net_income_4q": null,
            "revenue": null,
            "revenue_4q": null,
            "common_shares": null,
            "book_valuer_per_share": null,
            "book_valuer_per_share_4q_avg": 0,
            "equity": null,
            "current_ratio": null,
            "debt_ratio": null,
            "inventory_turnover_ratio": null,
            "account_receivable_turnover_ratio": null,
            "reinvestment_rate": null,
            "research_to_sale_ratio": null,
            "price_fair": 0,
            "eps_avg_yearly": 0,
            "eps_latest_yearly": 0,
            "eps_growth_yearly": 0
        },
        "20053": {
            "year_quarter": 20053,
            "year": 2005,
            "quarter": 3,
            "eps": null,
            "eps_growth_year": null,
            "eps_4q": null,
            "eps_4q_growth_year": null,
            "roe": null,
            "roe_4q": 0,
            "gross_profit": null,
            "gross_margin": null,
            "gross_margin_4q_avg": 0,
            "net_income": null,
            "net_income_4q": null,
            "revenue": null,
            "revenue_4q": null,
            "common_shares": null,
            "book_valuer_per_share": null,
            "book_valuer_per_share_4q_avg": 0,
            "equity": null,
            "current_ratio": null,
            "debt_ratio": null,
            "inventory_turnover_ratio": null,
            "account_receivable_turnover_ratio": null,
            "reinvestment_rate": null,
            "research_to_sale_ratio": null,
            "price_fair": 0,
            "eps_avg_yearly": 0,
            "eps_latest_yearly": 0,
            "eps_growth_yearly": 0
        },
        "20054": {
            "year_quarter": 20054,
            "year": 2005,
            "quarter": 4,
            "eps": null,
            "eps_growth_year": null,
            "eps_4q": null,
            "eps_4q_growth_year": null,
            "roe": null,
            "roe_4q": 0,
            "gross_profit": null,
            "gross_margin": null,
            "gross_margin_4q_avg": 0,
            "net_income": null,
            "net_income_4q": null,
            "revenue": null,
            "revenue_4q": null,
            "common_shares": 257603,
            "book_valuer_per_share": 3.85,
            "book_valuer_per_share_4q_avg": 0.96,
            "equity": 99288,
            "current_ratio": 159.5,
            "debt_ratio": 43.82,
            "inventory_turnover_ratio": null,
            "account_receivable_turnover_ratio": null,
            "reinvestment_rate": null,
            "research_to_sale_ratio": null,
            "price_fair": 0,
            "eps_avg_yearly": 0,
            "eps_latest_yearly": 0,
            "eps_growth_yearly": 0
        },
        "20061": {
            "year_quarter": 20061,
            "year": 2006,
            "quarter": 1,
            "eps": null,
            "eps_growth_year": null,
            "eps_4q": null,
            "eps_4q_growth_year": null,
            "roe": null,
            "roe_4q": 0,
            "gross_profit": null,
            "gross_margin": null,
            "gross_margin_4q_avg": 0,
            "net_income": null,
            "net_income_4q": null,
            "revenue": null,
            "revenue_4q": null,
            "common_shares": null,
            "book_valuer_per_share": null,
            "book_valuer_per_share_4q_avg": 0.96,
            "equity": null,
            "current_ratio": null,
            "debt_ratio": null,
            "inventory_turnover_ratio": null,
            "account_receivable_turnover_ratio": null,
            "reinvestment_rate": null,
            "research_to_sale_ratio": null,
            "price_fair": 0,
            "eps_avg_yearly": 0,
            "eps_latest_yearly": 0,
            "eps_growth_yearly": 0
        },
        "20062": {
            "year_quarter": 20062,
            "year": 2006,
            "quarter": 2,
            "eps": null,
            "eps_growth_year": null,
            "eps_4q": null,
            "eps_4q_growth_year": null,
            "roe": null,
            "roe_4q": 0,
            "gross_profit": null,
            "gross_margin": null,
            "gross_margin_4q_avg": 0,
            "net_income": null,
            "net_income_4q": null,
            "revenue": null,
            "revenue_4q": null,
            "common_shares": null,
            "book_valuer_per_share": null,
            "book_valuer_per_share_4q_avg": 0.96,
            "equity": null,
            "current_ratio": null,
            "debt_ratio": null,
            "inventory_turnover_ratio": null,
            "account_receivable_turnover_ratio": null,
            "reinvestment_rate": null,
            "research_to_sale_ratio": null,
            "price_fair": 0,
            "eps_avg_yearly": 0,
            "eps_latest_yearly": 0,
            "eps_growth_yearly": 0
        },
        "20063": {
            "year_quarter": 20063,
            "year": 2006,
            "quarter": 3,
            "eps": null,
            "eps_growth_year": null,
            "eps_4q": null,
            "eps_4q_growth_year": null,
            "roe": null,
            "roe_4q": 0,
            "gross_profit": null,
            "gross_margin": null,
            "gross_margin_4q_avg": 0,
            "net_income": null,
            "net_income_4q": null,
            "revenue": null,
            "revenue_4q": null,
            "common_shares": null,
            "book_valuer_per_share": null,
            "book_valuer_per_share_4q_avg": 0.96,
            "equity": null,
            "current_ratio": null,
            "debt_ratio": null,
            "inventory_turnover_ratio": null,
            "account_receivable_turnover_ratio": null,
            "reinvestment_rate": null,
            "research_to_sale_ratio": null,
            "price_fair": 0,
            "eps_avg_yearly": 0,
            "eps_latest_yearly": 0,
            "eps_growth_yearly": 0
        },
        "20064": {
            "year_quarter": 20064,
            "year": 2006,
            "quarter": 4,
            "eps": null,
            "eps_growth_year": null,
            "eps_4q": null,
            "eps_4q_growth_year": null,
            "roe": null,
            "roe_4q": 0,
            "gross_profit": null,
            "gross_margin": null,
            "gross_margin_4q_avg": 0,
            "net_income": null,
            "net_income_4q": null,
            "revenue": null,
            "revenue_4q": null,
            "common_shares": 257603,
            "book_valuer_per_share": 5.29,
            "book_valuer_per_share_4q_avg": 1.32,
            "equity": 136213,
            "current_ratio": 169.89,
            "debt_ratio": 45.2,
            "inventory_turnover_ratio": null,
            "account_receivable_turnover_ratio": null,
            "reinvestment_rate": null,
            "research_to_sale_ratio": null,
            "price_fair": 0,
            "eps_avg_yearly": 0,
            "eps_latest_yearly": 0,
            "eps_growth_yearly": 0
        },
        "20071": {
            "year_quarter": 20071,
            "year": 2007,
            "quarter": 1,
            "eps": null,
            "eps_growth_year": null,
            "eps_4q": null,
            "eps_4q_growth_year": null,
            "roe": null,
            "roe_4q": 0,
            "gross_profit": null,
            "gross_margin": null,
            "gross_margin_4q_avg": 0,
            "net_income": null,
            "net_income_4q": null,
            "revenue": null,
            "revenue_4q": null,
            "common_shares": null,
            "book_valuer_per_share": null,
            "book_valuer_per_share_4q_avg": 1.32,
            "equity": null,
            "current_ratio": null,
            "debt_ratio": null,
            "inventory_turnover_ratio": null,
            "account_receivable_turnover_ratio": null,
            "reinvestment_rate": null,
            "research_to_sale_ratio": null,
            "price_fair": 0,
            "eps_avg_yearly": 0,
            "eps_latest_yearly": 0,
            "eps_growth_yearly": 0
        },
        "20072": {
            "year_quarter": 20072,
            "year": 2007,
            "quarter": 2,
            "eps": null,
            "eps_growth_year": null,
            "eps_4q": null,
            "eps_4q_growth_year": null,
            "roe": null,
            "roe_4q": 0,
            "gross_profit": null,
            "gross_margin": null,
            "gross_margin_4q_avg": 0,
            "net_income": null,
            "net_income_4q": null,
            "revenue": null,
            "revenue_4q": null,
            "common_shares": null,
            "book_valuer_per_share": null,
            "book_valuer_per_share_4q_avg": 1.32,
            "equity": null,
            "current_ratio": null,
            "debt_ratio": null,
            "inventory_turnover_ratio": null,
            "account_receivable_turnover_ratio": null,
            "reinvestment_rate": null,
            "research_to_sale_ratio": null,
            "price_fair": 0,
            "eps_avg_yearly": 0,
            "eps_latest_yearly": 0,
            "eps_growth_yearly": 0
        },
        "20073": {
            "year_quarter": 20073,
            "year": 2007,
            "quarter": 3,
            "eps": null,
            "eps_growth_year": null,
            "eps_4q": null,
            "eps_4q_growth_year": null,
            "roe": null,
            "roe_4q": 0,
            "gross_profit": null,
            "gross_margin": null,
            "gross_margin_4q_avg": 0,
            "net_income": null,
            "net_income_4q": null,
            "revenue": null,
            "revenue_4q": null,
            "common_shares": null,
            "book_valuer_per_share": null,
            "book_valuer_per_share_4q_avg": 1.32,
            "equity": null,
            "current_ratio": null,
            "debt_ratio": null,
            "inventory_turnover_ratio": null,
            "account_receivable_turnover_ratio": null,
            "reinvestment_rate": null,
            "research_to_sale_ratio": null,
            "price_fair": 0,
            "eps_avg_yearly": 0,
            "eps_latest_yearly": 0,
            "eps_growth_yearly": 0
        },
        "20074": {
            "year_quarter": 20074,
            "year": 2007,
            "quarter": 4,
            "eps": null,
            "eps_growth_year": null,
            "eps_4q": null,
            "eps_4q_growth_year": null,
            "roe": null,
            "roe_4q": 0,
            "gross_profit": null,
            "gross_margin": null,
            "gross_margin_4q_avg": 0,
            "net_income": null,
            "net_income_4q": null,
            "revenue": null,
            "revenue_4q": null,
            "common_shares": 264672,
            "book_valuer_per_share": 6.72,
            "book_valuer_per_share_4q_avg": 1.68,
            "equity": 177802,
            "current_ratio": 242.34,
            "debt_ratio": 32.95,
            "inventory_turnover_ratio": null,
            "account_receivable_turnover_ratio": null,
            "reinvestment_rate": null,
            "research_to_sale_ratio": null,
            "price_fair": 0,
            "eps_avg_yearly": 0,
            "eps_latest_yearly": 0,
            "eps_growth_yearly": 0
        },
        "20081": {
            "year_quarter": 20081,
            "year": 2008,
            "quarter": 1,
            "eps": null,
            "eps_growth_year": null,
            "eps_4q": null,
            "eps_4q_growth_year": null,
            "roe": null,
            "roe_4q": 0,
            "gross_profit": null,
            "gross_margin": null,
            "gross_margin_4q_avg": 0,
            "net_income": null,
            "net_income_4q": null,
            "revenue": null,
            "revenue_4q": null,
            "common_shares": null,
            "book_valuer_per_share": null,
            "book_valuer_per_share_4q_avg": 1.68,
            "equity": null,
            "current_ratio": null,
            "debt_ratio": null,
            "inventory_turnover_ratio": null,
            "account_receivable_turnover_ratio": null,
            "reinvestment_rate": null,
            "research_to_sale_ratio": null,
            "price_fair": 0,
            "eps_avg_yearly": 0,
            "eps_latest_yearly": 0,
            "eps_growth_yearly": 0
        },
        "20082": {
            "year_quarter": 20082,
            "year": 2008,
            "quarter": 2,
            "eps": null,
            "eps_growth_year": null,
            "eps_4q": null,
            "eps_4q_growth_year": null,
            "roe": null,
            "roe_4q": 0,
            "gross_profit": null,
            "gross_margin": null,
            "gross_margin_4q_avg": 0,
            "net_income": null,
            "net_income_4q": null,
            "revenue": null,
            "revenue_4q": null,
            "common_shares": null,
            "book_valuer_per_share": null,
            "book_valuer_per_share_4q_avg": 1.68,
            "equity": null,
            "current_ratio": null,
            "debt_ratio": null,
            "inventory_turnover_ratio": null,
            "account_receivable_turnover_ratio": null,
            "reinvestment_rate": null,
            "research_to_sale_ratio": null,
            "price_fair": 0,
            "eps_avg_yearly": 0,
            "eps_latest_yearly": 0,
            "eps_growth_yearly": 0
        },
        "20083": {
            "year_quarter": 20083,
            "year": 2008,
            "quarter": 3,
            "eps": null,
            "eps_growth_year": null,
            "eps_4q": null,
            "eps_4q_growth_year": null,
            "roe": null,
            "roe_4q": 0,
            "gross_profit": null,
            "gross_margin": null,
            "gross_margin_4q_avg": 0,
            "net_income": null,
            "net_income_4q": null,
            "revenue": null,
            "revenue_4q": null,
            "common_shares": null,
            "book_valuer_per_share": null,
            "book_valuer_per_share_4q_avg": 1.68,
            "equity": null,
            "current_ratio": null,
            "debt_ratio": null,
            "inventory_turnover_ratio": null,
            "account_receivable_turnover_ratio": null,
            "reinvestment_rate": null,
            "research_to_sale_ratio": null,
            "price_fair": 0,
            "eps_avg_yearly": 0,
            "eps_latest_yearly": 0,
            "eps_growth_yearly": 0
        },
        "20084": {
            "year_quarter": 20084,
            "year": 2008,
            "quarter": 4,
            "eps": null,
            "eps_growth_year": null,
            "eps_4q": null,
            "eps_4q_growth_year": null,
            "roe": null,
            "roe_4q": 0,
            "gross_profit": null,
            "gross_margin": null,
            "gross_margin_4q_avg": 0,
            "net_income": null,
            "net_income_4q": null,
            "revenue": null,
            "revenue_4q": null,
            "common_shares": 304673,
            "book_valuer_per_share": 9.82,
            "book_valuer_per_share_4q_avg": 2.46,
            "equity": 299313,
            "current_ratio": 248.01,
            "debt_ratio": 30.32,
            "inventory_turnover_ratio": null,
            "account_receivable_turnover_ratio": null,
            "reinvestment_rate": null,
            "research_to_sale_ratio": null,
            "price_fair": 0,
            "eps_avg_yearly": 0,
            "eps_latest_yearly": 0,
            "eps_growth_yearly": 0
        },
        "20091": {
            "year_quarter": 20091,
            "year": 2009,
            "quarter": 1,
            "eps": null,
            "eps_growth_year": null,
            "eps_4q": null,
            "eps_4q_growth_year": null,
            "roe": null,
            "roe_4q": 0,
            "gross_profit": null,
            "gross_margin": null,
            "gross_margin_4q_avg": 0,
            "net_income": null,
            "net_income_4q": null,
            "revenue": null,
            "revenue_4q": null,
            "common_shares": null,
            "book_valuer_per_share": null,
            "book_valuer_per_share_4q_avg": 2.46,
            "equity": null,
            "current_ratio": null,
            "debt_ratio": null,
            "inventory_turnover_ratio": null,
            "account_receivable_turnover_ratio": null,
            "reinvestment_rate": null,
            "research_to_sale_ratio": null,
            "price_fair": 0,
            "eps_avg_yearly": 0,
            "eps_latest_yearly": 0,
            "eps_growth_yearly": 0
        },
        "20092": {
            "year_quarter": 20092,
            "year": 2009,
            "quarter": 2,
            "eps": null,
            "eps_growth_year": null,
            "eps_4q": null,
            "eps_4q_growth_year": null,
            "roe": null,
            "roe_4q": 0,
            "gross_profit": null,
            "gross_margin": null,
            "gross_margin_4q_avg": 0,
            "net_income": null,
            "net_income_4q": null,
            "revenue": null,
            "revenue_4q": null,
            "common_shares": null,
            "book_valuer_per_share": null,
            "book_valuer_per_share_4q_avg": 2.46,
            "equity": null,
            "current_ratio": null,
            "debt_ratio": null,
            "inventory_turnover_ratio": null,
            "account_receivable_turnover_ratio": null,
            "reinvestment_rate": null,
            "research_to_sale_ratio": null,
            "price_fair": 0,
            "eps_avg_yearly": 0,
            "eps_latest_yearly": 0,
            "eps_growth_yearly": 0
        },
        "20093": {
            "year_quarter": 20093,
            "year": 2009,
            "quarter": 3,
            "eps": null,
            "eps_growth_year": null,
            "eps_4q": null,
            "eps_4q_growth_year": null,
            "roe": null,
            "roe_4q": 0,
            "gross_profit": null,
            "gross_margin": null,
            "gross_margin_4q_avg": 0,
            "net_income": null,
            "net_income_4q": null,
            "revenue": null,
            "revenue_4q": null,
            "common_shares": null,
            "book_valuer_per_share": null,
            "book_valuer_per_share_4q_avg": 2.46,
            "equity": null,
            "current_ratio": null,
            "debt_ratio": null,
            "inventory_turnover_ratio": null,
            "account_receivable_turnover_ratio": null,
            "reinvestment_rate": null,
            "research_to_sale_ratio": null,
            "price_fair": 0,
            "eps_avg_yearly": 0,
            "eps_latest_yearly": 0,
            "eps_growth_yearly": 0
        },
        "20094": {
            "year_quarter": 20094,
            "year": 2009,
            "quarter": 4,
            "eps": null,
            "eps_growth_year": null,
            "eps_4q": null,
            "eps_4q_growth_year": null,
            "roe": null,
            "roe_4q": 0,
            "gross_profit": null,
            "gross_margin": null,
            "gross_margin_4q_avg": 0,
            "net_income": null,
            "net_income_4q": null,
            "revenue": null,
            "revenue_4q": null,
            "common_shares": 323123,
            "book_valuer_per_share": 10.7,
            "book_valuer_per_share_4q_avg": 2.68,
            "equity": 345587,
            "current_ratio": 283.09,
            "debt_ratio": 28.09,
            "inventory_turnover_ratio": null,
            "account_receivable_turnover_ratio": null,
            "reinvestment_rate": null,
            "research_to_sale_ratio": null,
            "price_fair": 0,
            "eps_avg_yearly": 0,
            "eps_latest_yearly": 0,
            "eps_growth_yearly": 0
        },
        "20101": {
            "year_quarter": 20101,
            "year": 2010,
            "quarter": 1,
            "eps": null,
            "eps_growth_year": null,
            "eps_4q": null,
            "eps_4q_growth_year": null,
            "roe": null,
            "roe_4q": 0,
            "gross_profit": 52808,
            "gross_margin": null,
            "gross_margin_4q_avg": 0,
            "net_income": 20778,
            "net_income_4q": null,
            "revenue": 214051,
            "revenue_4q": null,
            "common_shares": 323123,
            "book_valuer_per_share": 11.35,
            "book_valuer_per_share_4q_avg": 5.51,
            "equity": 366883,
            "current_ratio": 236.81,
            "debt_ratio": 33.8,
            "inventory_turnover_ratio": null,
            "account_receivable_turnover_ratio": null,
            "reinvestment_rate": null,
            "research_to_sale_ratio": null,
            "price_fair": 0,
            "eps_avg_yearly": 0,
            "eps_latest_yearly": 0,
            "eps_growth_yearly": 0
        },
        "20102": {
            "year_quarter": 20102,
            "year": 2010,
            "quarter": 2,
            "eps": null,
            "eps_growth_year": null,
            "eps_4q": null,
            "eps_4q_growth_year": null,
            "roe": null,
            "roe_4q": 0,
            "gross_profit": 76115,
            "gross_margin": null,
            "gross_margin_4q_avg": 0,
            "net_income": 37156,
            "net_income_4q": null,
            "revenue": 293568,
            "revenue_4q": null,
            "common_shares": 332433,
            "book_valuer_per_share": 12.44,
            "book_valuer_per_share_4q_avg": 8.62,
            "equity": 413392,
            "current_ratio": 231.11,
            "debt_ratio": 37.01,
            "inventory_turnover_ratio": null,
            "account_receivable_turnover_ratio": null,
            "reinvestment_rate": null,
            "research_to_sale_ratio": null,
            "price_fair": 0,
            "eps_avg_yearly": 0,
            "eps_latest_yearly": 0,
            "eps_growth_yearly": 0
        },
        "20103": {
            "year_quarter": 20103,
            "year": 2010,
            "quarter": 3,
            "eps": null,
            "eps_growth_year": null,
            "eps_4q": null,
            "eps_4q_growth_year": null,
            "roe": null,
            "roe_4q": 0,
            "gross_profit": 66039,
            "gross_margin": null,
            "gross_margin_4q_avg": 0,
            "net_income": 30175,
            "net_income_4q": null,
            "revenue": 283328,
            "revenue_4q": null,
            "common_shares": 332433,
            "book_valuer_per_share": 13.4,
            "book_valuer_per_share_4q_avg": 11.97,
            "equity": 445467,
            "current_ratio": 234.94,
            "debt_ratio": 36.85,
            "inventory_turnover_ratio": null,
            "account_receivable_turnover_ratio": null,
            "reinvestment_rate": null,
            "research_to_sale_ratio": null,
            "price_fair": 0,
            "eps_avg_yearly": 0,
            "eps_latest_yearly": 0,
            "eps_growth_yearly": 0
        },
        "20104": {
            "year_quarter": 20104,
            "year": 2010,
            "quarter": 4,
            "eps": null,
            "eps_growth_year": null,
            "eps_4q": null,
            "eps_4q_growth_year": null,
            "roe": null,
            "roe_4q": 0,
            "gross_profit": 58460,
            "gross_margin": null,
            "gross_margin_4q_avg": 0,
            "net_income": 2753,
            "net_income_4q": null,
            "revenue": 280004,
            "revenue_4q": null,
            "common_shares": 332433,
            "book_valuer_per_share": 13.39,
            "book_valuer_per_share_4q_avg": 12.65,
            "equity": 458115,
            "current_ratio": 261.82,
            "debt_ratio": 33.99,
            "inventory_turnover_ratio": null,
            "account_receivable_turnover_ratio": null,
            "reinvestment_rate": null,
            "research_to_sale_ratio": null,
            "price_fair": 0,
            "eps_avg_yearly": 0,
            "eps_latest_yearly": 0,
            "eps_growth_yearly": 0
        },
        "20111": {
            "year_quarter": 20111,
            "year": 2011,
            "quarter": 1,
            "eps": null,
            "eps_growth_year": null,
            "eps_4q": null,
            "eps_4q_growth_year": null,
            "roe": null,
            "roe_4q": 0,
            "gross_profit": 54203,
            "gross_margin": null,
            "gross_margin_4q_avg": 0,
            "net_income": 14716,
            "net_income_4q": null,
            "revenue": 296903,
            "revenue_4q": null,
            "common_shares": 342198,
            "book_valuer_per_share": 13.86,
            "book_valuer_per_share_4q_avg": 13.27,
            "equity": 474186,
            "current_ratio": 217.92,
            "debt_ratio": 39.5,
            "inventory_turnover_ratio": null,
            "account_receivable_turnover_ratio": null,
            "reinvestment_rate": null,
            "research_to_sale_ratio": null,
            "price_fair": 0,
            "eps_avg_yearly": 0,
            "eps_latest_yearly": 0,
            "eps_growth_yearly": 0
        },
        "20112": {
            "year_quarter": 20112,
            "year": 2011,
            "quarter": 2,
            "eps": 0.53,
            "eps_growth_year": null,
            "eps_4q": 0.53,
            "eps_4q_growth_year": null,
            "roe": 3.93,
            "roe_4q": 3.93,
            "gross_profit": 72472,
            "gross_margin": 19.51,
            "gross_margin_4q_avg": 4.88,
            "net_income": 18944,
            "net_income_4q": null,
            "revenue": 371553,
            "revenue_4q": null,
            "common_shares": 342198,
            "book_valuer_per_share": 14.34,
            "book_valuer_per_share_4q_avg": 13.75,
            "equity": 490646,
            "current_ratio": 199.18,
            "debt_ratio": 45.45,
            "inventory_turnover_ratio": 1.31,
            "account_receivable_turnover_ratio": 2.23,
            "reinvestment_rate": null,
            "research_to_sale_ratio": null,
            "price_fair": 0,
            "eps_avg_yearly": 0,
            "eps_latest_yearly": 0,
            "eps_growth_yearly": 0
        },
        "20113": {
            "year_quarter": 20113,
            "year": 2011,
            "quarter": 3,
            "eps": 0.05,
            "eps_growth_year": null,
            "eps_4q": 0.55,
            "eps_4q_growth_year": null,
            "roe": 0.37,
            "roe_4q": 4.3,
            "gross_profit": 49129,
            "gross_margin": 16.9,
            "gross_margin_4q_avg": 9.1,
            "net_income": 1866,
            "net_income_4q": null,
            "revenue": 290767,
            "revenue_4q": null,
            "common_shares": 378514,
            "book_valuer_per_share": 13.8,
            "book_valuer_per_share_4q_avg": 13.85,
            "equity": 522220,
            "current_ratio": 240.17,
            "debt_ratio": 48.72,
            "inventory_turnover_ratio": 1.09,
            "account_receivable_turnover_ratio": 0.92,
            "reinvestment_rate": null,
            "research_to_sale_ratio": 3.5,
            "price_fair": 0.6,
            "eps_avg_yearly": 0.2,
            "eps_latest_yearly": 0.2,
            "eps_growth_yearly": -362.26
        },
        "20114": {
            "year_quarter": 20114,
            "year": 2011,
            "quarter": 4,
            "eps": 0.7,
            "eps_growth_year": null,
            "eps_4q": 1.2,
            "eps_4q_growth_year": null,
            "roe": 5.1,
            "roe_4q": 9.4,
            "gross_profit": 74305,
            "gross_margin": 19.35,
            "gross_margin_4q_avg": 13.94,
            "net_income": 29268,
            "net_income_4q": null,
            "revenue": 383939,
            "revenue_4q": null,
            "common_shares": 415734,
            "book_valuer_per_share": 15.06,
            "book_valuer_per_share_4q_avg": 14.27,
            "equity": 626011,
            "current_ratio": 195.46,
            "debt_ratio": 50.85,
            "inventory_turnover_ratio": 1.47,
            "account_receivable_turnover_ratio": 1.12,
            "reinvestment_rate": null,
            "research_to_sale_ratio": 2.71,
            "price_fair": 52.5,
            "eps_avg_yearly": 1.5,
            "eps_latest_yearly": 2.8,
            "eps_growth_yearly": 2418.87
        },
        "20121": {
            "year_quarter": 20121,
            "year": 2012,
            "quarter": 1,
            "eps": 0.99,
            "eps_growth_year": null,
            "eps_4q": 2.19,
            "eps_4q_growth_year": null,
            "roe": 6.34,
            "roe_4q": 15.739999999999998,
            "gross_profit": 90663,
            "gross_margin": 19.94,
            "gross_margin_4q_avg": 18.93,
            "net_income": 40975,
            "net_income_4q": null,
            "revenue": 454609,
            "revenue_4q": null,
            "common_shares": 415734,
            "book_valuer_per_share": 16.02,
            "book_valuer_per_share_4q_avg": 14.81,
            "equity": 666176,
            "current_ratio": 193.75,
            "debt_ratio": 52.79,
            "inventory_turnover_ratio": 1.52,
            "account_receivable_turnover_ratio": 1.12,
            "reinvestment_rate": null,
            "research_to_sale_ratio": 2.45,
            "price_fair": 81.2,
            "eps_avg_yearly": 2.32,
            "eps_latest_yearly": 3.96,
            "eps_growth_yearly": 1667.82
        },
        "20122": {
            "year_quarter": 20122,
            "year": 2012,
            "quarter": 2,
            "eps": 1.02,
            "eps_growth_year": 91.56,
            "eps_4q": 2.67,
            "eps_4q_growth_year": 403.54,
            "roe": 6.46,
            "roe_4q": 18.27,
            "gross_profit": 106853,
            "gross_margin": 19.94,
            "gross_margin_4q_avg": 19.03,
            "net_income": 44277,
            "net_income_4q": null,
            "revenue": 535907,
            "revenue_4q": null,
            "common_shares": 415734,
            "book_valuer_per_share": 16.96,
            "book_valuer_per_share_4q_avg": 15.46,
            "equity": 704957,
            "current_ratio": 163.05,
            "debt_ratio": 53.64,
            "inventory_turnover_ratio": 1.57,
            "account_receivable_turnover_ratio": 1.29,
            "reinvestment_rate": null,
            "research_to_sale_ratio": 2.39,
            "price_fair": 96.6,
            "eps_avg_yearly": 2.76,
            "eps_latest_yearly": 4.08,
            "eps_growth_yearly": 1253.89
        },
        "20123": {
            "year_quarter": 20123,
            "year": 2012,
            "quarter": 3,
            "eps": 1.33,
            "eps_growth_year": 2601.17,
            "eps_4q": 4,
            "eps_4q_growth_year": 626.9,
            "roe": 7.8,
            "roe_4q": 25.700000000000003,
            "gross_profit": 126577,
            "gross_margin": 21.18,
            "gross_margin_4q_avg": 20.1,
            "net_income": 57228,
            "net_income_4q": null,
            "revenue": 597557,
            "revenue_4q": null,
            "common_shares": 429761,
            "book_valuer_per_share": 17.73,
            "book_valuer_per_share_4q_avg": 16.44,
            "equity": 761787,
            "current_ratio": 139.2,
            "debt_ratio": 56.54,
            "inventory_turnover_ratio": 1.42,
            "account_receivable_turnover_ratio": 1.18,
            "reinvestment_rate": null,
            "research_to_sale_ratio": 2.36,
            "price_fair": 114.52,
            "eps_avg_yearly": 3.27,
            "eps_latest_yearly": 5.32,
            "eps_growth_yearly": 1027.43
        },
        "20124": {
            "year_quarter": 20124,
            "year": 2012,
            "quarter": 4,
            "eps": 0.78,
            "eps_growth_year": 10.42,
            "eps_4q": 3.63,
            "eps_4q_growth_year": 201.21,
            "roe": 4.07,
            "roe_4q": 24.67,
            "gross_profit": 107938,
            "gross_margin": 19.08,
            "gross_margin_4q_avg": 20.04,
            "net_income": 38849,
            "net_income_4q": null,
            "revenue": 565603,
            "revenue_4q": null,
            "common_shares": 499761,
            "book_valuer_per_share": 22.93,
            "book_valuer_per_share_4q_avg": 18.41,
            "equity": 1146039,
            "current_ratio": 136.03,
            "debt_ratio": 45.95,
            "inventory_turnover_ratio": 1.12,
            "account_receivable_turnover_ratio": 0.89,
            "reinvestment_rate": null,
            "research_to_sale_ratio": 2.31,
            "price_fair": 113.63,
            "eps_avg_yearly": 3.25,
            "eps_latest_yearly": 3.12,
            "eps_growth_yearly": 828.62
        },
        "20131": {
            "year_quarter": 20131,
            "year": 2013,
            "quarter": 1,
            "eps": 0.65,
            "eps_growth_year": -34.34,
            "eps_4q": 3.45,
            "eps_4q_growth_year": 57.69,
            "roe": 2.79,
            "roe_4q": 21.12,
            "gross_profit": 78664,
            "gross_margin": 16.05,
            "gross_margin_4q_avg": 19.06,
            "net_income": 32245,
            "net_income_4q": null,
            "revenue": 490226,
            "revenue_4q": null,
            "common_shares": 499761,
            "book_valuer_per_share": 23.32,
            "book_valuer_per_share_4q_avg": 20.24,
            "equity": 1165509,
            "current_ratio": 134.53,
            "debt_ratio": 44.29,
            "inventory_turnover_ratio": 0.94,
            "account_receivable_turnover_ratio": 0.84,
            "reinvestment_rate": null,
            "research_to_sale_ratio": 3.08,
            "price_fair": 110.4,
            "eps_avg_yearly": 3.15,
            "eps_latest_yearly": 2.6,
            "eps_growth_yearly": 700.72
        },
        "20132": {
            "year_quarter": 20132,
            "year": 2013,
            "quarter": 2,
            "eps": 0.82,
            "eps_growth_year": -19.42,
            "eps_4q": 2.73,
            "eps_4q_growth_year": 2.11,
            "roe": 3.46,
            "roe_4q": 18.12,
            "gross_profit": 103728,
            "gross_margin": 17.96,
            "gross_margin_4q_avg": 18.57,
            "net_income": 40974,
            "net_income_4q": null,
            "revenue": 577523,
            "revenue_4q": null,
            "common_shares": 499761,
            "book_valuer_per_share": 24.06,
            "book_valuer_per_share_4q_avg": 22.01,
            "equity": 1202623,
            "current_ratio": 119.77,
            "debt_ratio": 49.5,
            "inventory_turnover_ratio": 1.03,
            "account_receivable_turnover_ratio": 0.98,
            "reinvestment_rate": null,
            "research_to_sale_ratio": 2.66,
            "price_fair": 110.95,
            "eps_avg_yearly": 3.17,
            "eps_latest_yearly": 3.28,
            "eps_growth_yearly": 626.21
        },
        "20133": {
            "year_quarter": 20133,
            "year": 2013,
            "quarter": 3,
            "eps": 0.14,
            "eps_growth_year": -89.49,
            "eps_4q": 1.98,
            "eps_4q_growth_year": -50.33,
            "roe": 0.71,
            "roe_4q": 11.030000000000001,
            "gross_profit": 82001,
            "gross_margin": 16.77,
            "gross_margin_4q_avg": 17.47,
            "net_income": 8619,
            "net_income_4q": null,
            "revenue": 489015,
            "revenue_4q": null,
            "common_shares": 608009,
            "book_valuer_per_share": 20.02,
            "book_valuer_per_share_4q_avg": 22.58,
            "equity": 1217212,
            "current_ratio": 117.95,
            "debt_ratio": 50.44,
            "inventory_turnover_ratio": 0.8,
            "account_receivable_turnover_ratio": 0.74,
            "reinvestment_rate": null,
            "research_to_sale_ratio": 3.75,
            "price_fair": 100.8,
            "eps_avg_yearly": 2.88,
            "eps_latest_yearly": 0.56,
            "eps_growth_yearly": 519.77
        },
        "20134": {
            "year_quarter": 20134,
            "year": 2013,
            "quarter": 4,
            "eps": 0.67,
            "eps_growth_year": -13.48,
            "eps_4q": 2.02,
            "eps_4q_growth_year": -44.37,
            "roe": 3.3,
            "roe_4q": 10.26,
            "gross_profit": 85258,
            "gross_margin": 14.35,
            "gross_margin_4q_avg": 16.28,
            "net_income": 40891,
            "net_income_4q": null,
            "revenue": 594198,
            "revenue_4q": null,
            "common_shares": 608009,
            "book_valuer_per_share": 20.72,
            "book_valuer_per_share_4q_avg": 22.03,
            "equity": 1260058,
            "current_ratio": 122.46,
            "debt_ratio": 46.15,
            "inventory_turnover_ratio": 1.04,
            "account_receivable_turnover_ratio": 0.91,
            "reinvestment_rate": 194.66,
            "research_to_sale_ratio": 2.89,
            "price_fair": 100.1,
            "eps_avg_yearly": 2.86,
            "eps_latest_yearly": 2.68,
            "eps_growth_yearly": 619.23
        },
        "20141": {
            "year_quarter": 20141,
            "year": 2014,
            "quarter": 1,
            "eps": 0.56,
            "eps_growth_year": -13.85,
            "eps_4q": 2.04,
            "eps_4q_growth_year": -40.8,
            "roe": 2.65,
            "roe_4q": 10.12,
            "gross_profit": 101054,
            "gross_margin": 16.48,
            "gross_margin_4q_avg": 16.39,
            "net_income": 33834,
            "net_income_4q": null,
            "revenue": 613190,
            "revenue_4q": null,
            "common_shares": 608009,
            "book_valuer_per_share": 21.29,
            "book_valuer_per_share_4q_avg": 21.52,
            "equity": 1294618,
            "current_ratio": 121.42,
            "debt_ratio": 45.52,
            "inventory_turnover_ratio": 1.1,
            "account_receivable_turnover_ratio": 0.96,
            "reinvestment_rate": 190.73,
            "research_to_sale_ratio": 2.95,
            "price_fair": 98.13,
            "eps_avg_yearly": 2.8,
            "eps_latest_yearly": 2.24,
            "eps_growth_yearly": 556.96
        },
        "20142": {
            "year_quarter": 20142,
            "year": 2014,
            "quarter": 2,
            "eps": 0.64,
            "eps_growth_year": -21.95,
            "eps_4q": 1.8,
            "eps_4q_growth_year": -33.97,
            "roe": 2.99,
            "roe_4q": 9.650000000000002,
            "gross_profit": 117466,
            "gross_margin": 16.34,
            "gross_margin_4q_avg": 15.99,
            "net_income": 38916,
            "net_income_4q": null,
            "revenue": 718946,
            "revenue_4q": null,
            "common_shares": 608009,
            "book_valuer_per_share": 21.58,
            "book_valuer_per_share_4q_avg": 20.9,
            "equity": 1311949,
            "current_ratio": 123.12,
            "debt_ratio": 47.17,
            "inventory_turnover_ratio": 1.14,
            "account_receivable_turnover_ratio": 1.12,
            "reinvestment_rate": 186.79,
            "research_to_sale_ratio": 2.99,
            "price_fair": 97.42,
            "eps_avg_yearly": 2.78,
            "eps_latest_yearly": 2.56,
            "eps_growth_yearly": 515.31
        },
        "20143": {
            "year_quarter": 20143,
            "year": 2014,
            "quarter": 3,
            "eps": 0.92,
            "eps_growth_year": 557.14,
            "eps_4q": 2.6,
            "eps_4q_growth_year": 30.9,
            "roe": 4.55,
            "roe_4q": 13.489999999999998,
            "gross_profit": 141936,
            "gross_margin": 17.94,
            "gross_margin_4q_avg": 16.28,
            "net_income": 61151,
            "net_income_4q": null,
            "revenue": 791385,
            "revenue_4q": null,
            "common_shares": 672709,
            "book_valuer_per_share": 20.5,
            "book_valuer_per_share_4q_avg": 21.02,
            "equity": 1378833,
            "current_ratio": 131.02,
            "debt_ratio": 46.7,
            "inventory_turnover_ratio": 1.09,
            "account_receivable_turnover_ratio": 1.18,
            "reinvestment_rate": 174.21,
            "research_to_sale_ratio": 3.09,
            "price_fair": 99.83,
            "eps_avg_yearly": 2.85,
            "eps_latest_yearly": 3.68,
            "eps_growth_yearly": 489.13
        },
        "20144": {
            "year_quarter": 20144,
            "year": 2014,
            "quarter": 4,
            "eps": 1.23,
            "eps_growth_year": 83.4,
            "eps_4q": 3.22,
            "eps_4q_growth_year": 59.72,
            "roe": 5.84,
            "roe_4q": 16.03,
            "gross_profit": 166711,
            "gross_margin": 18.7,
            "gross_margin_4q_avg": 17.37,
            "net_income": 82975,
            "net_income_4q": null,
            "revenue": 891701,
            "revenue_4q": null,
            "common_shares": 672709,
            "book_valuer_per_share": 21.76,
            "book_valuer_per_share_4q_avg": 21.28,
            "equity": 1463989,
            "current_ratio": 145.28,
            "debt_ratio": 47.6,
            "inventory_turnover_ratio": 1.15,
            "account_receivable_turnover_ratio": 1.15,
            "reinvestment_rate": 150.21,
            "research_to_sale_ratio": 2.73,
            "price_fair": 105,
            "eps_avg_yearly": 3,
            "eps_latest_yearly": 4.92,
            "eps_growth_yearly": 463.82
        },
        "20151": {
            "year_quarter": 20151,
            "year": 2015,
            "quarter": 1,
            "eps": 1.25,
            "eps_growth_year": 123.21,
            "eps_4q": 3.96,
            "eps_4q_growth_year": 93.68,
            "roe": 5.53,
            "roe_4q": 18.910000000000004,
            "gross_profit": 190994,
            "gross_margin": 19.98,
            "gross_margin_4q_avg": 18.24,
            "net_income": 83267,
            "net_income_4q": null,
            "revenue": 955996,
            "revenue_4q": null,
            "common_shares": 672469,
            "book_valuer_per_share": 23.02,
            "book_valuer_per_share_4q_avg": 21.72,
            "equity": 1547868,
            "current_ratio": 148.13,
            "debt_ratio": 47.13,
            "inventory_turnover_ratio": 1.23,
            "account_receivable_turnover_ratio": 1.05,
            "reinvestment_rate": 153.21,
            "research_to_sale_ratio": 2.62,
            "price_fair": 109.67,
            "eps_avg_yearly": 3.13,
            "eps_latest_yearly": 5,
            "eps_growth_yearly": 433.33
        },
        "20152": {
            "year_quarter": 20152,
            "year": 2015,
            "quarter": 2,
            "eps": 1.63,
            "eps_growth_year": 154.69,
            "eps_4q": 4.54,
            "eps_4q_growth_year": 152,
            "roe": 6.94,
            "roe_4q": 22.860000000000003,
            "gross_profit": 234075,
            "gross_margin": 21.94,
            "gross_margin_4q_avg": 19.64,
            "net_income": 108885,
            "net_income_4q": null,
            "revenue": 1066999,
            "revenue_4q": null,
            "common_shares": 672742,
            "book_valuer_per_share": 23.65,
            "book_valuer_per_share_4q_avg": 22.23,
            "equity": 1590929,
            "current_ratio": 139.89,
            "debt_ratio": 53.16,
            "inventory_turnover_ratio": 1.4,
            "account_receivable_turnover_ratio": 1.05,
            "reinvestment_rate": 132.26,
            "research_to_sale_ratio": 2.52,
            "price_fair": 117.08,
            "eps_avg_yearly": 3.35,
            "eps_latest_yearly": 6.52,
            "eps_growth_yearly": 413.85
        },
        "20153": {
            "year_quarter": 20153,
            "year": 2015,
            "quarter": 3,
            "eps": 2.46,
            "eps_growth_year": 167.39,
            "eps_4q": 6.14,
            "eps_4q_growth_year": 136.12,
            "roe": 10.74,
            "roe_4q": 29.05,
            "gross_profit": 278772,
            "gross_margin": 28.45,
            "gross_margin_4q_avg": 22.27,
            "net_income": 181148,
            "net_income_4q": null,
            "revenue": 979837,
            "revenue_4q": null,
            "common_shares": 743719,
            "book_valuer_per_share": 23.98,
            "book_valuer_per_share_4q_avg": 23.1,
            "equity": 1783649,
            "current_ratio": 157.57,
            "debt_ratio": 48.82,
            "inventory_turnover_ratio": 1.27,
            "account_receivable_turnover_ratio": 0.87,
            "reinvestment_rate": 85.57,
            "research_to_sale_ratio": 3.12,
            "price_fair": 138.16,
            "eps_avg_yearly": 3.95,
            "eps_latest_yearly": 9.84,
            "eps_growth_yearly": 449.22
        },
        "20154": {
            "year_quarter": 20154,
            "year": 2015,
            "quarter": 4,
            "eps": 2.27,
            "eps_growth_year": 84.27,
            "eps_4q": 7.29,
            "eps_4q_growth_year": 126.19,
            "roe": 8.96,
            "roe_4q": 32.17,
            "gross_profit": 320717,
            "gross_margin": 27.21,
            "gross_margin_4q_avg": 24.4,
            "net_income": 169041,
            "net_income_4q": null,
            "revenue": 1178475,
            "revenue_4q": null,
            "common_shares": 743719,
            "book_valuer_per_share": 26.75,
            "book_valuer_per_share_4q_avg": 24.35,
            "equity": 1989370,
            "current_ratio": 218.01,
            "debt_ratio": 49.67,
            "inventory_turnover_ratio": 1.5,
            "account_receivable_turnover_ratio": 0.94,
            "reinvestment_rate": 74.38,
            "research_to_sale_ratio": 4.24,
            "price_fair": 151.9,
            "eps_avg_yearly": 4.34,
            "eps_latest_yearly": 9.08,
            "eps_growth_yearly": 122.29
        },
        "20161": {
            "year_quarter": 20161,
            "year": 2016,
            "quarter": 1,
            "eps": 1.35,
            "eps_growth_year": 8,
            "eps_4q": 7.51,
            "eps_4q_growth_year": 89.63,
            "roe": 4.87,
            "roe_4q": 31.51,
            "gross_profit": 245931,
            "gross_margin": 23.68,
            "gross_margin_4q_avg": 25.32,
            "net_income": 99345,
            "net_income_4q": null,
            "revenue": 1038515,
            "revenue_4q": null,
            "common_shares": 743588,
            "book_valuer_per_share": 28.11,
            "book_valuer_per_share_4q_avg": 25.62,
            "equity": 2090556,
            "current_ratio": 218.34,
            "debt_ratio": 48.8,
            "inventory_turnover_ratio": 1.18,
            "account_receivable_turnover_ratio": 0.8,
            "reinvestment_rate": 68.59,
            "research_to_sale_ratio": 3.05,
            "price_fair": 155.05,
            "eps_avg_yearly": 4.43,
            "eps_latest_yearly": 5.4,
            "eps_growth_yearly": 101.8
        },
        "20162": {
            "year_quarter": 20162,
            "year": 2016,
            "quarter": 2,
            "eps": -0.51,
            "eps_growth_year": -131.29,
            "eps_4q": 5.61,
            "eps_4q_growth_year": 23.43,
            "roe": -1.91,
            "roe_4q": 22.660000000000004,
            "gross_profit": 75653,
            "gross_margin": 12.55,
            "gross_margin_4q_avg": 22.97,
            "net_income": -37327,
            "net_income_4q": null,
            "revenue": 602838,
            "revenue_4q": null,
            "common_shares": 743487,
            "book_valuer_per_share": 24.62,
            "book_valuer_per_share_4q_avg": 25.87,
            "equity": 1808933,
            "current_ratio": 192.01,
            "debt_ratio": 51.66,
            "inventory_turnover_ratio": 0.65,
            "account_receivable_turnover_ratio": 0.6,
            "reinvestment_rate": 77.5,
            "research_to_sale_ratio": 6.82,
            "price_fair": 155.87,
            "eps_avg_yearly": 4.45,
            "eps_latest_yearly": 5.4,
            "eps_growth_yearly": 107.78
        },
        "20163": {
            "year_quarter": 20163,
            "year": 2016,
            "quarter": 3,
            "eps": -1.41,
            "eps_growth_year": -157.32,
            "eps_4q": 1.73,
            "eps_4q_growth_year": -71.78,
            "roe": -5.89,
            "roe_4q": 6.030000000000001,
            "gross_profit": -19956,
            "gross_margin": -4.17,
            "gross_margin_4q_avg": 14.82,
            "net_income": -103177,
            "net_income_4q": null,
            "revenue": 478394,
            "revenue_4q": null,
            "common_shares": 738577,
            "book_valuer_per_share": 22.95,
            "book_valuer_per_share_4q_avg": 25.61,
            "equity": 1695335,
            "current_ratio": 181.98,
            "debt_ratio": 52.61,
            "inventory_turnover_ratio": 0.58,
            "account_receivable_turnover_ratio": 0.74,
            "reinvestment_rate": 89.11,
            "research_to_sale_ratio": 10.14,
            "price_fair": 153.7,
            "eps_avg_yearly": 4.39,
            "eps_latest_yearly": 5.4,
            "eps_growth_yearly": 106.8
        },
        "20164": {
            "year_quarter": 20164,
            "year": 2016,
            "quarter": 4,
            "eps": -1,
            "eps_growth_year": -143.86,
            "eps_4q": -1.55,
            "eps_4q_growth_year": -121.31,
            "roe": -4.44,
            "roe_4q": -7.37,
            "gross_profit": -17292,
            "gross_margin": -4.34,
            "gross_margin_4q_avg": 6.93,
            "net_income": -73625,
            "net_income_4q": null,
            "revenue": 398437,
            "revenue_4q": null,
            "common_shares": 738577,
            "book_valuer_per_share": 21.97,
            "book_valuer_per_share_4q_avg": 24.41,
            "equity": 1623016,
            "current_ratio": 118.28,
            "debt_ratio": 52.03,
            "inventory_turnover_ratio": 0.52,
            "account_receivable_turnover_ratio": 0.83,
            "reinvestment_rate": 83.33,
            "research_to_sale_ratio": 11.02,
            "price_fair": 157.12,
            "eps_avg_yearly": 4.49,
            "eps_latest_yearly": 5.4,
            "eps_growth_yearly": 127.74
        },
        "20171": {
            "year_quarter": 20171,
            "year": 2017,
            "quarter": 1,
            "eps": -2.1,
            "eps_growth_year": -255.56,
            "eps_4q": -4.99,
            "eps_4q_growth_year": -166.38,
            "roe": -9.96,
            "roe_4q": -22.200000000000003,
            "gross_profit": -42014,
            "gross_margin": -10.52,
            "gross_margin_4q_avg": -1.62,
            "net_income": -154067,
            "net_income_4q": null,
            "revenue": 399347,
            "revenue_4q": null,
            "common_shares": 738577,
            "book_valuer_per_share": 19.9,
            "book_valuer_per_share_4q_avg": 22.36,
            "equity": 1469838,
            "current_ratio": 108.71,
            "debt_ratio": 56.1,
            "inventory_turnover_ratio": 0.55,
            "account_receivable_turnover_ratio": 0.94,
            "reinvestment_rate": 117.4,
            "research_to_sale_ratio": 10.17,
            "price_fair": 162.63,
            "eps_avg_yearly": 4.65,
            "eps_latest_yearly": 5.4,
            "eps_growth_yearly": 143.94
        },
        "20172": {
            "year_quarter": 20172,
            "year": 2017,
            "quarter": 2,
            "eps": -2.03,
            "eps_growth_year": null,
            "eps_4q": -5.27,
            "eps_4q_growth_year": -193.88,
            "roe": -8.98,
            "roe_4q": -29.270000000000003,
            "gross_profit": -63036,
            "gross_margin": -18.68,
            "gross_margin_4q_avg": -9.43,
            "net_income": -148442,
            "net_income_4q": null,
            "revenue": 337445,
            "revenue_4q": null,
            "common_shares": 910216,
            "book_valuer_per_share": 20.17,
            "book_valuer_per_share_4q_avg": 21.25,
            "equity": 1836354,
            "current_ratio": 123.17,
            "debt_ratio": 52.42,
            "inventory_turnover_ratio": 0.45,
            "account_receivable_turnover_ratio": 0.82,
            "reinvestment_rate": 138.56,
            "research_to_sale_ratio": 10.78,
            "price_fair": 166.98,
            "eps_avg_yearly": 4.77,
            "eps_latest_yearly": 5.4,
            "eps_growth_yearly": 147.51
        },
        "20173": {
            "year_quarter": 20173,
            "year": 2017,
            "quarter": 3,
            "eps": -1.4,
            "eps_growth_year": null,
            "eps_4q": -5.52,
            "eps_4q_growth_year": -419.08,
            "roe": -7.14,
            "roe_4q": -30.520000000000003,
            "gross_profit": -52338,
            "gross_margin": -10.17,
            "gross_margin_4q_avg": -10.93,
            "net_income": -126734,
            "net_income_4q": null,
            "revenue": 514546,
            "revenue_4q": null,
            "common_shares": 910216,
            "book_valuer_per_share": 18.82,
            "book_valuer_per_share_4q_avg": 20.22,
            "equity": 1713164,
            "current_ratio": 127.33,
            "debt_ratio": 52.69,
            "inventory_turnover_ratio": 0.65,
            "account_receivable_turnover_ratio": 1.21,
            "reinvestment_rate": 185.71,
            "research_to_sale_ratio": 5.21,
            "price_fair": 181.72,
            "eps_avg_yearly": 5.19,
            "eps_latest_yearly": 5.4,
            "eps_growth_yearly": 195.43
        },
        "20174": {
            "year_quarter": 20174,
            "year": 2017,
            "quarter": 4,
            "eps": -2.52,
            "eps_growth_year": null,
            "eps_4q": -7.24,
            "eps_4q_growth_year": null,
            "roe": -14.35,
            "roe_4q": -40.43,
            "gross_profit": -70374,
            "gross_margin": -16.94,
            "gross_margin_4q_avg": -14.08,
            "net_income": -229583,
            "net_income_4q": null,
            "revenue": 415455,
            "revenue_4q": null,
            "common_shares": 909716,
            "book_valuer_per_share": 16.34,
            "book_valuer_per_share_4q_avg": 18.81,
            "equity": 1486750,
            "current_ratio": 115.09,
            "debt_ratio": 49.9,
            "inventory_turnover_ratio": 0.63,
            "account_receivable_turnover_ratio": 0.97,
            "reinvestment_rate": null,
            "research_to_sale_ratio": 6.79,
            "price_fair": 191.49,
            "eps_avg_yearly": 5.47,
            "eps_latest_yearly": 5.4,
            "eps_growth_yearly": 48.89
        },
        "20181": {
            "year_quarter": 20181,
            "year": 2018,
            "quarter": 1,
            "eps": -1.23,
            "eps_growth_year": null,
            "eps_4q": -6,
            "eps_4q_growth_year": null,
            "roe": -7.06,
            "roe_4q": -37.53,
            "gross_profit": -34445,
            "gross_margin": -7.13,
            "gross_margin_4q_avg": -13.23,
            "net_income": -113208,
            "net_income_4q": null,
            "revenue": 483151,
            "revenue_4q": null,
            "common_shares": 1029216,
            "book_valuer_per_share": 16.7,
            "book_valuer_per_share_4q_avg": 18.01,
            "equity": 1719080,
            "current_ratio": 180.37,
            "debt_ratio": 44.07,
            "inventory_turnover_ratio": 0.67,
            "account_receivable_turnover_ratio": 1.16,
            "reinvestment_rate": null,
            "research_to_sale_ratio": 5.8,
            "price_fair": 205.63,
            "eps_avg_yearly": 5.88,
            "eps_latest_yearly": 5.4,
            "eps_growth_yearly": 63.21
        },
        "20182": {
            "year_quarter": 20182,
            "year": 2018,
            "quarter": 2,
            "eps": -1.66,
            "eps_growth_year": null,
            "eps_4q": -6.22,
            "eps_4q_growth_year": null,
            "roe": -10.43,
            "roe_4q": -38.98,
            "gross_profit": -113842,
            "gross_margin": -23.44,
            "gross_margin_4q_avg": -14.42,
            "net_income": -170504,
            "net_income_4q": null,
            "revenue": 485722,
            "revenue_4q": null,
            "common_shares": 1029216,
            "book_valuer_per_share": 15.05,
            "book_valuer_per_share_4q_avg": 16.73,
            "equity": 1549163,
            "current_ratio": 153.95,
            "debt_ratio": 49.73,
            "inventory_turnover_ratio": 0.79,
            "account_receivable_turnover_ratio": 1.04,
            "reinvestment_rate": null,
            "research_to_sale_ratio": 5.25,
            "price_fair": 222.2,
            "eps_avg_yearly": 6.35,
            "eps_latest_yearly": 5.4,
            "eps_growth_yearly": 64.08
        },
        "20183": {
            "year_quarter": 20183,
            "year": 2018,
            "quarter": 3,
            "eps": -0.77,
            "eps_growth_year": null,
            "eps_4q": -5.76,
            "eps_4q_growth_year": null,
            "roe": -5.23,
            "roe_4q": -37.07,
            "gross_profit": -30045,
            "gross_margin": -9.48,
            "gross_margin_4q_avg": -14.25,
            "net_income": -78947,
            "net_income_4q": null,
            "revenue": 316831,
            "revenue_4q": null,
            "common_shares": 1028973,
            "book_valuer_per_share": 14.28,
            "book_valuer_per_share_4q_avg": 15.59,
            "equity": 1469214,
            "current_ratio": 151.98,
            "debt_ratio": 44.32,
            "inventory_turnover_ratio": 0.53,
            "account_receivable_turnover_ratio": 0.82,
            "reinvestment_rate": null,
            "research_to_sale_ratio": 8.09,
            "price_fair": 237.77,
            "eps_avg_yearly": 6.79,
            "eps_latest_yearly": 5.4,
            "eps_growth_yearly": 45.59
        },
        "20184": {
            "year_quarter": 20184,
            "year": 2018,
            "quarter": 4,
            "eps": -3.23,
            "eps_growth_year": null,
            "eps_4q": -6.75,
            "eps_4q_growth_year": null,
            "roe": -25.5,
            "roe_4q": -48.22,
            "gross_profit": -268555,
            "gross_margin": -112.19,
            "gross_margin_4q_avg": -38.06,
            "net_income": -332358,
            "net_income_4q": null,
            "revenue": 239371,
            "revenue_4q": null,
            "common_shares": 1028973,
            "book_valuer_per_share": 11.05,
            "book_valuer_per_share_4q_avg": 14.27,
            "equity": 1137061,
            "current_ratio": 167.62,
            "debt_ratio": 50.94,
            "inventory_turnover_ratio": 1.11,
            "account_receivable_turnover_ratio": 0.91,
            "reinvestment_rate": null,
            "research_to_sale_ratio": 11.43,
            "price_fair": 250.88,
            "eps_avg_yearly": 7.17,
            "eps_latest_yearly": 5.4,
            "eps_growth_yearly": 27.76
        },
        "20191": {
            "year_quarter": 20191,
            "year": 2019,
            "quarter": 1,
            "eps": -0.23,
            "eps_growth_year": null,
            "eps_4q": -5.89,
            "eps_4q_growth_year": null,
            "roe": -2.14,
            "roe_4q": -43.300000000000004,
            "gross_profit": 25486,
            "gross_margin": 8.43,
            "gross_margin_4q_avg": -34.17,
            "net_income": -24040,
            "net_income_4q": null,
            "revenue": 302290,
            "revenue_4q": null,
            "common_shares": 1028803,
            "book_valuer_per_share": 10.82,
            "book_valuer_per_share_4q_avg": 12.8,
            "equity": 1113593,
            "current_ratio": 113.26,
            "debt_ratio": 51.74,
            "inventory_turnover_ratio": 0.86,
            "account_receivable_turnover_ratio": 1.24,
            "reinvestment_rate": null,
            "research_to_sale_ratio": 9.62,
            "price_fair": 269.85,
            "eps_avg_yearly": 7.71,
            "eps_latest_yearly": 5.4,
            "eps_growth_yearly": 33.07
        },
        "20192": {
            "year_quarter": 20192,
            "year": 2019,
            "quarter": 2,
            "eps": -0.49,
            "eps_growth_year": null,
            "eps_4q": -4.72,
            "eps_4q_growth_year": null,
            "roe": -4.6,
            "roe_4q": -37.47,
            "gross_profit": 10565,
            "gross_margin": 3.63,
            "gross_margin_4q_avg": -27.4,
            "net_income": -50097,
            "net_income_4q": null,
            "revenue": 291372,
            "revenue_4q": null,
            "common_shares": 1028803,
            "book_valuer_per_share": 10.33,
            "book_valuer_per_share_4q_avg": 11.62,
            "equity": 1063190,
            "current_ratio": 112.69,
            "debt_ratio": 52.98,
            "inventory_turnover_ratio": 0.92,
            "account_receivable_turnover_ratio": 1.23,
            "reinvestment_rate": null,
            "research_to_sale_ratio": 11.3,
            "price_fair": 109.91,
            "eps_avg_yearly": 8.11,
            "eps_latest_yearly": 5.4,
            "eps_growth_yearly": 3.56
        },
        "20193": {
            "year_quarter": 20193,
            "year": 2019,
            "quarter": 3,
            "eps": -0.69,
            "eps_growth_year": null,
            "eps_4q": -4.53,
            "eps_4q_growth_year": null,
            "roe": -6.77,
            "roe_4q": -39.01,
            "gross_profit": -1204,
            "gross_margin": -0.4,
            "gross_margin_4q_avg": -25.13,
            "net_income": -71758,
            "net_income_4q": null,
            "revenue": 299923,
            "revenue_4q": null,
            "common_shares": 1055263,
            "book_valuer_per_share": 10.01,
            "book_valuer_per_share_4q_avg": 10.55,
            "equity": 1056208,
            "current_ratio": 109.14,
            "debt_ratio": 49.94,
            "inventory_turnover_ratio": 1.04,
            "account_receivable_turnover_ratio": 1.43,
            "reinvestment_rate": null,
            "research_to_sale_ratio": 9.83,
            "price_fair": 21.72,
            "eps_avg_yearly": 7.24,
            "eps_latest_yearly": 5.4,
            "eps_growth_yearly": -96.5
        },
        "20194": {
            "year_quarter": 20194,
            "year": 2019,
            "quarter": 4,
            "eps": -0.51,
            "eps_growth_year": null,
            "eps_4q": -1.73,
            "eps_4q_growth_year": null,
            "roe": -5.24,
            "roe_4q": -18.75,
            "gross_profit": 2891,
            "gross_margin": 0.97,
            "gross_margin_4q_avg": 3.16,
            "net_income": -61795,
            "net_income_4q": null,
            "revenue": 296861,
            "revenue_4q": null,
            "common_shares": 1202263,
            "book_valuer_per_share": 10.82,
            "book_valuer_per_share_4q_avg": 10.5,
            "equity": 1300918,
            "current_ratio": 101.45,
            "debt_ratio": 44.29,
            "inventory_turnover_ratio": 0.99,
            "account_receivable_turnover_ratio": 1.6,
            "reinvestment_rate": null,
            "research_to_sale_ratio": 10.18,
            "price_fair": 16.2,
            "eps_avg_yearly": 5.4,
            "eps_latest_yearly": 5.4,
            "eps_growth_yearly": -162.11
        },
        "20201": {
            "year_quarter": 20201,
            "year": 2020,
            "quarter": 1,
            "eps": -0.58,
            "eps_growth_year": null,
            "eps_4q": -2.09,
            "eps_4q_growth_year": null,
            "roe": -5.33,
            "roe_4q": -21.939999999999998,
            "gross_profit": -3490,
            "gross_margin": -1.36,
            "gross_margin_4q_avg": 0.71,
            "net_income": -67655,
            "net_income_4q": null,
            "revenue": 256071,
            "revenue_4q": null,
            "common_shares": 1199803,
            "book_valuer_per_share": 10.33,
            "book_valuer_per_share_4q_avg": 10.37,
            "equity": 1239858,
            "current_ratio": 158.53,
            "debt_ratio": 40.49,
            "inventory_turnover_ratio": 0.78,
            "account_receivable_turnover_ratio": 1.62,
            "reinvestment_rate": null,
            "research_to_sale_ratio": 9.97,
            "price_fair": 0,
            "eps_avg_yearly": 0,
            "eps_latest_yearly": 0,
            "eps_growth_yearly": 0
        },
        "20202": {
            "year_quarter": 20202,
            "year": 2020,
            "quarter": 2,
            "eps": 0.68,
            "eps_growth_year": null,
            "eps_4q": -1,
            "eps_4q_growth_year": null,
            "roe": 6.39,
            "roe_4q": -10.95,
            "gross_profit": 48728,
            "gross_margin": 14.06,
            "gross_margin_4q_avg": 3.32,
            "net_income": 80440,
            "net_income_4q": null,
            "revenue": 346540,
            "revenue_4q": null,
            "common_shares": 1202613,
            "book_valuer_per_share": 10.63,
            "book_valuer_per_share_4q_avg": 10.45,
            "equity": 1277861,
            "current_ratio": 162.07,
            "debt_ratio": 41.1,
            "inventory_turnover_ratio": 0.84,
            "account_receivable_turnover_ratio": 2.29,
            "reinvestment_rate": null,
            "research_to_sale_ratio": 6.79,
            "price_fair": 0,
            "eps_avg_yearly": 0,
            "eps_latest_yearly": 0,
            "eps_growth_yearly": 0
        },
        "20203": {
            "year_quarter": 20203,
            "year": 2020,
            "quarter": 3,
            "eps": -0.22,
            "eps_growth_year": null,
            "eps_4q": -0.63,
            "eps_4q_growth_year": null,
            "roe": -2.09,
            "roe_4q": -6.2700000000000005,
            "gross_profit": 16520,
            "gross_margin": 5.44,
            "gross_margin_4q_avg": 4.78,
            "net_income": -26260,
            "net_income_4q": null,
            "revenue": 303651,
            "revenue_4q": null,
            "common_shares": 1201243,
            "book_valuer_per_share": 10.25,
            "book_valuer_per_share_4q_avg": 10.51,
            "equity": 1231398,
            "current_ratio": 171.47,
            "debt_ratio": 40.33,
            "inventory_turnover_ratio": 0.83,
            "account_receivable_turnover_ratio": 1.75,
            "reinvestment_rate": null,
            "research_to_sale_ratio": 7.8,
            "price_fair": 0,
            "eps_avg_yearly": 0,
            "eps_latest_yearly": 0,
            "eps_growth_yearly": 0
        },
        "20204": {
            "year_quarter": 20204,
            "year": 2020,
            "quarter": 4,
            "eps": -0.62,
            "eps_growth_year": null,
            "eps_4q": -0.73,
            "eps_4q_growth_year": null,
            "roe": -5.7,
            "roe_4q": -6.73,
            "gross_profit": -14874,
            "gross_margin": -5.71,
            "gross_margin_4q_avg": 3.11,
            "net_income": -74715,
            "net_income_4q": null,
            "revenue": 260587,
            "revenue_4q": null,
            "common_shares": 1201243,
            "book_valuer_per_share": 11.57,
            "book_valuer_per_share_4q_avg": 10.7,
            "equity": 1390359,
            "current_ratio": 166.74,
            "debt_ratio": 35.94,
            "inventory_turnover_ratio": 0.85,
            "account_receivable_turnover_ratio": 1.56,
            "reinvestment_rate": null,
            "research_to_sale_ratio": 8.79,
            "price_fair": 0,
            "eps_avg_yearly": 0,
            "eps_latest_yearly": 0,
            "eps_growth_yearly": 0
        },
        "20211": {
            "year_quarter": 20211,
            "year": 2021,
            "quarter": 1,
            "eps": -0.62,
            "eps_growth_year": null,
            "eps_4q": -0.78,
            "eps_4q_growth_year": null,
            "roe": -5.53,
            "roe_4q": -6.930000000000001,
            "gross_profit": -24522,
            "gross_margin": -13.36,
            "gross_margin_4q_avg": 0.11,
            "net_income": -73434,
            "net_income_4q": null,
            "revenue": 183606,
            "revenue_4q": null,
            "common_shares": 1200363,
            "book_valuer_per_share": 10.54,
            "book_valuer_per_share_4q_avg": 10.75,
            "equity": 1264850,
            "current_ratio": 160.06,
            "debt_ratio": 37.41,
            "inventory_turnover_ratio": 0.66,
            "account_receivable_turnover_ratio": 1.47,
            "reinvestment_rate": null,
            "research_to_sale_ratio": 11.7,
            "price_fair": 0,
            "eps_avg_yearly": 0,
            "eps_latest_yearly": 0,
            "eps_growth_yearly": 0
        },
        "20212": {
            "year_quarter": 20212,
            "year": 2021,
            "quarter": 2,
            "eps": -0.33,
            "eps_growth_year": -148.53,
            "eps_4q": -1.64,
            "eps_4q_growth_year": null,
            "roe": -3.09,
            "roe_4q": -16.41,
            "gross_profit": 8381,
            "gross_margin": 3.13,
            "gross_margin_4q_avg": -2.63,
            "net_income": -43081,
            "net_income_4q": null,
            "revenue": 267626,
            "revenue_4q": null,
            "common_shares": 1329303,
            "book_valuer_per_share": 11.49,
            "book_valuer_per_share_4q_avg": 10.96,
            "equity": 1526944,
            "current_ratio": 214.35,
            "debt_ratio": 33.58,
            "inventory_turnover_ratio": 0.82,
            "account_receivable_turnover_ratio": 2.16,
            "reinvestment_rate": null,
            "research_to_sale_ratio": 7.4,
            "price_fair": 0,
            "eps_avg_yearly": 0,
            "eps_latest_yearly": 0,
            "eps_growth_yearly": 0
        },
        "20213": {
            "year_quarter": 20213,
            "year": 2021,
            "quarter": 3,
            "eps": -0.53,
            "eps_growth_year": null,
            "eps_4q": -1.97,
            "eps_4q_growth_year": null,
            "roe": -4.75,
            "roe_4q": -19.07,
            "gross_profit": -10630,
            "gross_margin": -5.26,
            "gross_margin_4q_avg": -5.3,
            "net_income": -70384,
            "net_income_4q": null,
            "revenue": 202077,
            "revenue_4q": null,
            "common_shares": 1327263,
            "book_valuer_per_share": 10.83,
            "book_valuer_per_share_4q_avg": 11.11,
            "equity": 1437720,
            "current_ratio": 226.2,
            "debt_ratio": 32.92,
            "inventory_turnover_ratio": 0.74,
            "account_receivable_turnover_ratio": 1.48,
            "reinvestment_rate": null,
            "research_to_sale_ratio": 12.06,
            "price_fair": 0,
            "eps_avg_yearly": 0,
            "eps_latest_yearly": 0,
            "eps_growth_yearly": 0
        },
        "20214": {
            "year_quarter": 20214,
            "year": 2021,
            "quarter": 4,
            "eps": -0.74,
            "eps_growth_year": null,
            "eps_4q": -2.15,
            "eps_4q_growth_year": null,
            "roe": -7.07,
            "roe_4q": -20.44,
            "gross_profit": 9388,
            "gross_margin": 4.41,
            "gross_margin_4q_avg": -2.77,
            "net_income": -98065,
            "net_income_4q": null,
            "revenue": 212707,
            "revenue_4q": null,
            "common_shares": 1325115,
            "book_valuer_per_share": 10.09,
            "book_valuer_per_share_4q_avg": 10.74,
            "equity": 1336501,
            "current_ratio": 275.19,
            "debt_ratio": 31.43,
            "inventory_turnover_ratio": 0.73,
            "account_receivable_turnover_ratio": 1.62,
            "reinvestment_rate": null,
            "research_to_sale_ratio": 6.44,
            "price_fair": 0,
            "eps_avg_yearly": 0,
            "eps_latest_yearly": 0,
            "eps_growth_yearly": 0
        },
        "20221": {
            "year_quarter": 20221,
            "year": 2022,
            "quarter": 1,
            "eps": -0.01,
            "eps_growth_year": null,
            "eps_4q": -1.61,
            "eps_4q_growth_year": null,
            "roe": -0.14,
            "roe_4q": -15.05,
            "gross_profit": 29179,
            "gross_margin": 14.39,
            "gross_margin_4q_avg": 4.17,
            "net_income": -1793,
            "net_income_4q": null,
            "revenue": 202759,
            "revenue_4q": null,
            "common_shares": 1324535,
            "book_valuer_per_share": 9.33,
            "book_valuer_per_share_4q_avg": 10.44,
            "equity": 1235239,
            "current_ratio": 309.69,
            "debt_ratio": 31.75,
            "inventory_turnover_ratio": 0.62,
            "account_receivable_turnover_ratio": 1.23,
            "reinvestment_rate": null,
            "research_to_sale_ratio": 9.36,
            "price_fair": 0,
            "eps_avg_yearly": 0,
            "eps_latest_yearly": 0,
            "eps_growth_yearly": 0
        },
        "20222": {
            "year_quarter": 20222,
            "year": 2022,
            "quarter": 2,
            "eps": 0.63,
            "eps_growth_year": null,
            "eps_4q": -0.66,
            "eps_4q_growth_year": null,
            "roe": 6.53,
            "roe_4q": -5.43,
            "gross_profit": 111402,
            "gross_margin": 37.61,
            "gross_margin_4q_avg": 12.79,
            "net_income": 83390,
            "net_income_4q": null,
            "revenue": 296236,
            "revenue_4q": null,
            "common_shares": 1323778,
            "book_valuer_per_share": 9.96,
            "book_valuer_per_share_4q_avg": 10.05,
            "equity": 1318083,
            "current_ratio": 251.06,
            "debt_ratio": 36.21,
            "inventory_turnover_ratio": 0.62,
            "account_receivable_turnover_ratio": 1.26,
            "reinvestment_rate": null,
            "research_to_sale_ratio": 5.62,
            "price_fair": 0,
            "eps_avg_yearly": 0,
            "eps_latest_yearly": 0,
            "eps_growth_yearly": 0
        },
        "20223": {
            "year_quarter": 20223,
            "year": 2022,
            "quarter": 3,
            "eps": 0.74,
            "eps_growth_year": null,
            "eps_4q": 0.62,
            "eps_4q_growth_year": null,
            "roe": 7.34,
            "roe_4q": 6.66,
            "gross_profit": 113527,
            "gross_margin": 33.15,
            "gross_margin_4q_avg": 22.39,
            "net_income": 98196,
            "net_income_4q": null,
            "revenue": 342426,
            "revenue_4q": null,
            "common_shares": 1323578,
            "book_valuer_per_share": 10.24,
            "book_valuer_per_share_4q_avg": 9.91,
            "equity": 1355741,
            "current_ratio": 251.9,
            "debt_ratio": 32.79,
            "inventory_turnover_ratio": 0.61,
            "account_receivable_turnover_ratio": 1.24,
            "reinvestment_rate": null,
            "research_to_sale_ratio": 4.94,
            "price_fair": 103.6,
            "eps_avg_yearly": 2.96,
            "eps_latest_yearly": 2.96,
            "eps_growth_yearly": 69.84
        },
        "20224": {
            "year_quarter": 20224,
            "year": 2022,
            "quarter": 4,
            "eps": 0.69,
            "eps_growth_year": null,
            "eps_4q": 2.05,
            "eps_4q_growth_year": null,
            "roe": 6.56,
            "roe_4q": 20.29,
            "gross_profit": 142678,
            "gross_margin": 29.9,
            "gross_margin_4q_avg": 28.76,
            "net_income": 91002,
            "net_income_4q": null,
            "revenue": 477125,
            "revenue_4q": null,
            "common_shares": 1323578,
            "book_valuer_per_share": 10.71,
            "book_valuer_per_share_4q_avg": 10.06,
            "equity": 1417018,
            "current_ratio": 284.03,
            "debt_ratio": 31.63,
            "inventory_turnover_ratio": 0.75,
            "account_receivable_turnover_ratio": 1.78,
            "reinvestment_rate": null,
            "research_to_sale_ratio": 2.96,
            "price_fair": 89.82,
            "eps_avg_yearly": 2.86,
            "eps_latest_yearly": 2.76,
            "eps_growth_yearly": 21.41
        },
        "20231": {
            "year_quarter": 20231,
            "year": 2023,
            "quarter": 1,
            "eps": 0.3,
            "eps_growth_year": null,
            "eps_4q": 2.36,
            "eps_4q_growth_year": null,
            "roe": 2.76,
            "roe_4q": 23.19,
            "gross_profit": 71970,
            "gross_margin": 14.78,
            "gross_margin_4q_avg": 28.86,
            "net_income": 40162,
            "net_income_4q": null,
            "revenue": 486920,
            "revenue_4q": null,
            "common_shares": 1323398,
            "book_valuer_per_share": 11.31,
            "book_valuer_per_share_4q_avg": 10.56,
            "equity": 1496910,
            "current_ratio": 458.98,
            "debt_ratio": 23.51,
            "inventory_turnover_ratio": 0.84,
            "account_receivable_turnover_ratio": 2.11,
            "reinvestment_rate": null,
            "research_to_sale_ratio": 2.77,
            "price_fair": 6.92,
            "eps_avg_yearly": 2.31,
            "eps_latest_yearly": 1.2,
            "eps_growth_yearly": -61.09
        },
        "20232": {
            "year_quarter": 20232,
            "year": 2023,
            "quarter": 2,
            "eps": 0.62,
            "eps_growth_year": -1.59,
            "eps_4q": 2.35,
            "eps_4q_growth_year": null,
            "roe": 5.33,
            "roe_4q": 21.99,
            "gross_profit": 110407,
            "gross_margin": 19.1,
            "gross_margin_4q_avg": 24.23,
            "net_income": 82084,
            "net_income_4q": null,
            "revenue": 577923,
            "revenue_4q": null,
            "common_shares": 1323398,
            "book_valuer_per_share": 11.94,
            "book_valuer_per_share_4q_avg": 11.05,
            "equity": 1580342,
            "current_ratio": 430.7,
            "debt_ratio": 24.3,
            "inventory_turnover_ratio": 1.01,
            "account_receivable_turnover_ratio": 2.25,
            "reinvestment_rate": null,
            "research_to_sale_ratio": 2.26,
            "price_fair": 82.25,
            "eps_avg_yearly": 2.35,
            "eps_latest_yearly": 2.48,
            "eps_growth_yearly": 60.85
        },
        "20233": {
            "year_quarter": 20233,
            "year": 2023,
            "quarter": 3,
            "eps": 1.25,
            "eps_growth_year": 68.92,
            "eps_4q": 2.86,
            "eps_4q_growth_year": 362.75,
            "roe": 9.94,
            "roe_4q": 24.59,
            "gross_profit": 183576,
            "gross_margin": 20.86,
            "gross_margin_4q_avg": 21.16,
            "net_income": 164898,
            "net_income_4q": null,
            "revenue": 879880,
            "revenue_4q": null,
            "common_shares": 1323398,
            "book_valuer_per_share": 13.14,
            "book_valuer_per_share_4q_avg": 11.78,
            "equity": 1738528,
            "current_ratio": 400.86,
            "debt_ratio": 25.26,
            "inventory_turnover_ratio": 1.69,
            "account_receivable_turnover_ratio": 3.26,
            "reinvestment_rate": -492.82,
            "research_to_sale_ratio": 1.62,
            "price_fair": 100.8,
            "eps_avg_yearly": 2.88,
            "eps_latest_yearly": 5,
            "eps_growth_yearly": 129.97
        }
    },
    "months": {
        "2010-11": {
            "month": "2010-11",
            "price": "52.75",
            "revenue": 85796
        },
        "2010-12": {
            "month": "2010-12",
            "price": "62.43",
            "revenue": 87194
        },
        "2011-01": {
            "month": "2011-01",
            "price": "57.75",
            "revenue": 100673
        },
        "2011-02": {
            "month": "2011-02",
            "price": "63.02",
            "revenue": 89474
        },
        "2011-03": {
            "month": "2011-03",
            "price": "62.53",
            "revenue": 106240
        },
        "2011-04": {
            "month": "2011-04",
            "price": "63.13",
            "revenue": 130820
        },
        "2011-05": {
            "month": "2011-05",
            "price": "60.37",
            "revenue": 129819
        },
        "2011-06": {
            "month": "2011-06",
            "price": "52.03",
            "revenue": 110242
        },
        "2011-07": {
            "month": "2011-07",
            "price": "40.35",
            "revenue": 106450
        },
        "2011-08": {
            "month": "2011-08",
            "price": "35.52",
            "revenue": 84482
        },
        "2011-09": {
            "month": "2011-09",
            "price": "27.09",
            "revenue": 101197
        },
        "2011-10": {
            "month": "2011-10",
            "price": "24.33",
            "revenue": 110528
        },
        "2011-11": {
            "month": "2011-11",
            "price": "25.01",
            "revenue": 127797
        },
        "2011-12": {
            "month": "2011-12",
            "price": "20.91",
            "revenue": 144426
        },
        "2012-01": {
            "month": "2012-01",
            "price": "25.65",
            "revenue": 134985
        },
        "2012-02": {
            "month": "2012-02",
            "price": "40.52",
            "revenue": 150929
        },
        "2012-03": {
            "month": "2012-03",
            "price": "50.25",
            "revenue": 164769
        },
        "2012-04": {
            "month": "2012-04",
            "price": "53.29",
            "revenue": 172089
        },
        "2012-05": {
            "month": "2012-05",
            "price": "46.81",
            "revenue": 175007
        },
        "2012-06": {
            "month": "2012-06",
            "price": "45.47",
            "revenue": 184147
        },
        "2012-07": {
            "month": "2012-07",
            "price": "48.96",
            "revenue": 191502
        },
        "2012-08": {
            "month": "2012-08",
            "price": "52.78",
            "revenue": 200392
        },
        "2012-09": {
            "month": "2012-09",
            "price": "55.59",
            "revenue": 205235
        },
        "2012-10": {
            "month": "2012-10",
            "price": "55.33",
            "revenue": 205719
        },
        "2012-11": {
            "month": "2012-11",
            "price": "51.01",
            "revenue": 201800
        },
        "2012-12": {
            "month": "2012-12",
            "price": "52.15",
            "revenue": 165401
        },
        "2013-01": {
            "month": "2013-01",
            "price": "58.77",
            "revenue": 150855
        },
        "2013-02": {
            "month": "2013-02",
            "price": "65.66",
            "revenue": 151204
        },
        "2013-03": {
            "month": "2013-03",
            "price": "63.25",
            "revenue": 188167
        },
        "2013-04": {
            "month": "2013-04",
            "price": "68.02",
            "revenue": 199934
        },
        "2013-05": {
            "month": "2013-05",
            "price": "62.37",
            "revenue": 192377
        },
        "2013-06": {
            "month": "2013-06",
            "price": "50.59",
            "revenue": 185212
        },
        "2013-07": {
            "month": "2013-07",
            "price": "48.76",
            "revenue": 178479
        },
        "2013-08": {
            "month": "2013-08",
            "price": "45.25",
            "revenue": 159096
        },
        "2013-09": {
            "month": "2013-09",
            "price": "42.98",
            "revenue": 151440
        },
        "2013-10": {
            "month": "2013-10",
            "price": "36.95",
            "revenue": 176593
        },
        "2013-11": {
            "month": "2013-11",
            "price": "33.55",
            "revenue": 200957
        },
        "2013-12": {
            "month": "2013-12",
            "price": "38.11",
            "revenue": 216648
        },
        "2014-01": {
            "month": "2014-01",
            "price": "41.66",
            "revenue": 191487
        },
        "2014-02": {
            "month": "2014-02",
            "price": "40.56",
            "revenue": 183295
        },
        "2014-03": {
            "month": "2014-03",
            "price": "46.98",
            "revenue": 238408
        },
        "2014-04": {
            "month": "2014-04",
            "price": "52.90",
            "revenue": 239160
        },
        "2014-05": {
            "month": "2014-05",
            "price": "46.20",
            "revenue": 228185
        },
        "2014-06": {
            "month": "2014-06",
            "price": "47.72",
            "revenue": 251600
        },
        "2014-07": {
            "month": "2014-07",
            "price": "56.35",
            "revenue": 262894
        },
        "2014-08": {
            "month": "2014-08",
            "price": "53.84",
            "revenue": 258436
        },
        "2014-09": {
            "month": "2014-09",
            "price": "50.74",
            "revenue": 270056
        },
        "2014-10": {
            "month": "2014-10",
            "price": "48.38",
            "revenue": 272117
        },
        "2014-11": {
            "month": "2014-11",
            "price": "46.59",
            "revenue": 296872
        },
        "2014-12": {
            "month": "2014-12",
            "price": "53.67",
            "revenue": 322711
        },
        "2015-01": {
            "month": "2015-01",
            "price": "60.23",
            "revenue": 345029
        },
        "2015-02": {
            "month": "2015-02",
            "price": "58.32",
            "revenue": 280190
        },
        "2015-03": {
            "month": "2015-03",
            "price": "67.23",
            "revenue": 330777
        },
        "2015-04": {
            "month": "2015-04",
            "price": "73.41",
            "revenue": 359482
        },
        "2015-05": {
            "month": "2015-05",
            "price": "84.90",
            "revenue": 331292
        },
        "2015-06": {
            "month": "2015-06",
            "price": "88.28",
            "revenue": 376225
        },
        "2015-07": {
            "month": "2015-07",
            "price": "77.56",
            "revenue": 378026
        },
        "2015-08": {
            "month": "2015-08",
            "price": "63.94",
            "revenue": 320407
        },
        "2015-09": {
            "month": "2015-09",
            "price": "66.72",
            "revenue": 281404
        },
        "2015-10": {
            "month": "2015-10",
            "price": "83.93",
            "revenue": 378589
        },
        "2015-11": {
            "month": "2015-11",
            "price": "85.41",
            "revenue": 392722
        },
        "2015-12": {
            "month": "2015-12",
            "price": "77.24",
            "revenue": 407164
        },
        "2016-01": {
            "month": "2016-01",
            "price": "74.28",
            "revenue": 381176
        },
        "2016-02": {
            "month": "2016-02",
            "price": "75.70",
            "revenue": 314193
        },
        "2016-03": {
            "month": "2016-03",
            "price": "77.17",
            "revenue": 343146
        },
        "2016-04": {
            "month": "2016-04",
            "price": "63.04",
            "revenue": 210720
        },
        "2016-05": {
            "month": "2016-05",
            "price": "51.69",
            "revenue": 180822
        },
        "2016-06": {
            "month": "2016-06",
            "price": "53.26",
            "revenue": 211296
        },
        "2016-07": {
            "month": "2016-07",
            "price": "47.57",
            "revenue": 170302
        },
        "2016-08": {
            "month": "2016-08",
            "price": "42.71",
            "revenue": 164671
        },
        "2016-09": {
            "month": "2016-09",
            "price": "37.43",
            "revenue": 143421
        },
        "2016-10": {
            "month": "2016-10",
            "price": "32.24",
            "revenue": 50531
        },
        "2016-11": {
            "month": "2016-11",
            "price": "28.32",
            "revenue": 185297
        },
        "2016-12": {
            "month": "2016-12",
            "price": "34.77",
            "revenue": 162609
        },
        "2017-01": {
            "month": "2017-01",
            "price": "34.31",
            "revenue": 127571
        },
        "2017-02": {
            "month": "2017-02",
            "price": "37.39",
            "revenue": 118383
        },
        "2017-03": {
            "month": "2017-03",
            "price": "39.40",
            "revenue": 153393
        },
        "2017-04": {
            "month": "2017-04",
            "price": "34.93",
            "revenue": 99650
        },
        "2017-05": {
            "month": "2017-05",
            "price": "31.99",
            "revenue": 109839
        },
        "2017-06": {
            "month": "2017-06",
            "price": "31.84",
            "revenue": 127956
        },
        "2017-07": {
            "month": "2017-07",
            "price": "30.84",
            "revenue": 190289
        },
        "2017-08": {
            "month": "2017-08",
            "price": "28.55",
            "revenue": 159329
        },
        "2017-09": {
            "month": "2017-09",
            "price": "28.21",
            "revenue": 164928
        },
        "2017-10": {
            "month": "2017-10",
            "price": "29.06",
            "revenue": 129625
        },
        "2017-11": {
            "month": "2017-11",
            "price": "28.97",
            "revenue": 132682
        },
        "2017-12": {
            "month": "2017-12",
            "price": "35.46",
            "revenue": 153148
        },
        "2018-01": {
            "month": "2018-01",
            "price": "34.12",
            "revenue": 157955
        },
        "2018-02": {
            "month": "2018-02",
            "price": "31.04",
            "revenue": 129521
        },
        "2018-03": {
            "month": "2018-03",
            "price": "29.26",
            "revenue": 195675
        },
        "2018-04": {
            "month": "2018-04",
            "price": "26.94",
            "revenue": 194397
        },
        "2018-05": {
            "month": "2018-05",
            "price": "24.57",
            "revenue": 172715
        },
        "2018-06": {
            "month": "2018-06",
            "price": "28.36",
            "revenue": 118610
        },
        "2018-07": {
            "month": "2018-07",
            "price": "26.02",
            "revenue": 121514
        },
        "2018-08": {
            "month": "2018-08",
            "price": "23.22",
            "revenue": 95441
        },
        "2018-09": {
            "month": "2018-09",
            "price": "20.83",
            "revenue": 99876
        },
        "2018-10": {
            "month": "2018-10",
            "price": "17.58",
            "revenue": 85362
        },
        "2018-11": {
            "month": "2018-11",
            "price": "17.70",
            "revenue": 69065
        },
        "2018-12": {
            "month": "2018-12",
            "price": "20.87",
            "revenue": 84944
        },
        "2019-01": {
            "month": "2019-01",
            "price": "22.60",
            "revenue": 104657
        },
        "2019-02": {
            "month": "2019-02",
            "price": "24.87",
            "revenue": 75923
        },
        "2019-03": {
            "month": "2019-03",
            "price": "27.06",
            "revenue": 121710
        },
        "2019-04": {
            "month": "2019-04",
            "price": "25.10",
            "revenue": 90653
        },
        "2019-05": {
            "month": "2019-05",
            "price": "20.23",
            "revenue": 97579
        },
        "2019-06": {
            "month": "2019-06",
            "price": "20.35",
            "revenue": 103139
        },
        "2019-07": {
            "month": "2019-07",
            "price": "22.03",
            "revenue": 95953
        },
        "2019-08": {
            "month": "2019-08",
            "price": "20.05",
            "revenue": 87731
        },
        "2019-09": {
            "month": "2019-09",
            "price": "20.93",
            "revenue": 116239
        },
        "2019-10": {
            "month": "2019-10",
            "price": "22.93",
            "revenue": 92772
        },
        "2019-11": {
            "month": "2019-11",
            "price": "24.91",
            "revenue": 98119
        },
        "2019-12": {
            "month": "2019-12",
            "price": "23.65",
            "revenue": 105970
        },
        "2020-01": {
            "month": "2020-01",
            "price": "24.54",
            "revenue": 86155
        },
        "2020-02": {
            "month": "2020-02",
            "price": "20.75",
            "revenue": 81043
        },
        "2020-03": {
            "month": "2020-03",
            "price": "14.86",
            "revenue": 88873
        },
        "2020-04": {
            "month": "2020-04",
            "price": "15.45",
            "revenue": 124355
        },
        "2020-05": {
            "month": "2020-05",
            "price": "22.33",
            "revenue": 111034
        },
        "2020-06": {
            "month": "2020-06",
            "price": "22.81",
            "revenue": 111150
        },
        "2020-07": {
            "month": "2020-07",
            "price": "30.71",
            "revenue": 103187
        },
        "2020-08": {
            "month": "2020-08",
            "price": "28.73",
            "revenue": 106656
        },
        "2020-09": {
            "month": "2020-09",
            "price": "28.96",
            "revenue": 93808
        },
        "2020-10": {
            "month": "2020-10",
            "price": "26.39",
            "revenue": 84893
        },
        "2020-11": {
            "month": "2020-11",
            "price": "27.23",
            "revenue": 80292
        },
        "2020-12": {
            "month": "2020-12",
            "price": "27.04",
            "revenue": 95402
        },
        "2021-01": {
            "month": "2021-01",
            "price": "24.15",
            "revenue": 73581
        },
        "2021-02": {
            "month": "2021-02",
            "price": "23.13",
            "revenue": 51668
        },
        "2021-03": {
            "month": "2021-03",
            "price": "23.59",
            "revenue": 58357
        },
        "2021-04": {
            "month": "2021-04",
            "price": "24.62",
            "revenue": 94754
        },
        "2021-05": {
            "month": "2021-05",
            "price": "18.91",
            "revenue": 97810
        },
        "2021-06": {
            "month": "2021-06",
            "price": "19.27",
            "revenue": 75062
        },
        "2021-07": {
            "month": "2021-07",
            "price": "19.42",
            "revenue": 77107
        },
        "2021-08": {
            "month": "2021-08",
            "price": "18.48",
            "revenue": 65322
        },
        "2021-09": {
            "month": "2021-09",
            "price": "17.51",
            "revenue": 59648
        },
        "2021-10": {
            "month": "2021-10",
            "price": "16.83",
            "revenue": 62079
        },
        "2021-11": {
            "month": "2021-11",
            "price": "18.36",
            "revenue": 79598
        },
        "2021-12": {
            "month": "2021-12",
            "price": "18.78",
            "revenue": 71030
        },
        "2022-01": {
            "month": "2022-01",
            "price": "18.36",
            "revenue": 50017
        },
        "2022-02": {
            "month": "2022-02",
            "price": "18.02",
            "revenue": 62523
        },
        "2022-03": {
            "month": "2022-03",
            "price": "17.83",
            "revenue": 90219
        },
        "2022-04": {
            "month": "2022-04",
            "price": "18.38",
            "revenue": 93264
        },
        "2022-05": {
            "month": "2022-05",
            "price": "18.97",
            "revenue": 96949
        },
        "2022-06": {
            "month": "2022-06",
            "price": "19.19",
            "revenue": 106023
        },
        "2022-07": {
            "month": "2022-07",
            "price": "27.49",
            "revenue": 100661
        },
        "2022-08": {
            "month": "2022-08",
            "price": "35.72",
            "revenue": 113049
        },
        "2022-09": {
            "month": "2022-09",
            "price": "36.93",
            "revenue": 128716
        },
        "2022-10": {
            "month": "2022-10",
            "price": "31.89",
            "revenue": 134618
        },
        "2022-11": {
            "month": "2022-11",
            "price": "35.11",
            "revenue": 142406
        },
        "2022-12": {
            "month": "2022-12",
            "price": "48.01",
            "revenue": 200101
        },
        "2023-01": {
            "month": "2023-01",
            "price": "43.05",
            "revenue": 168181
        },
        "2023-02": {
            "month": "2023-02",
            "price": "50.14",
            "revenue": 160804
        },
        "2023-03": {
            "month": "2023-03",
            "price": "47.97",
            "revenue": 157935
        },
        "2023-04": {
            "month": "2023-04",
            "price": "52.49",
            "revenue": 130907
        },
        "2023-05": {
            "month": "2023-05",
            "price": "49.27",
            "revenue": 198955
        },
        "2023-06": {
            "month": "2023-06",
            "price": "82.14",
            "revenue": 248061
        },
        "2023-07": {
            "month": "2023-07",
            "price": "157.38",
            "revenue": 276270
        },
        "2023-08": {
            "month": "2023-08",
            "price": "156.36",
            "revenue": 304248
        },
        "2023-09": {
            "month": "2023-09",
            "price": "151.95",
            "revenue": 299362
        },
        "2023-10": {
            "month": "2023-10",
            "price": "149.85",
            "revenue": 327755
        },
        "2023-11": {
            "month": "2023-11",
            "price": "169.05",
            "revenue": 390314
        },
        "2023-12": {
            "month": "2023-12",
            "price": "166.55",
            "revenue": 293695
        }
    }
}
