{
    "summary": {
        "stock_name": "科納-KY",
        "stock_id": "4984",
        "category": "通信網路",
        "main_business": "波長選擇開關WSS(Wavelength Selective Switch)<br>光波阻斷器WB(Wavelength Blocker)<br>可調式光波上載/下載子系統(ROADM Subsystem)",
        "website_url": "",
        "ceo": "袁海驥",
        "pe_ratio": -23,
        "report_year_from": 2009,
        "report_year_to": 2018,
        "age": 14,
        "eps_negative_percentage": 25,
        "eps_growth_avg": {
            "last_all": -7.21,
            "last_2y": -3.91,
            "last_4y": 34.13,
            "last_8y": null,
            "last_12y": null,
            "last_16y": null,
            "last_20y": null,
            "at_2006_last_3y": null,
            "at_2007_last_3y": null,
            "at_2008_last_3y": null,
            "at_2009_last_3y": null,
            "at_2010_last_3y": null,
            "at_2011_last_3y": null,
            "at_2012_last_3y": null,
            "at_2013_last_3y": null,
            "at_2014_last_3y": null,
            "at_2015_last_3y": -8.86,
            "at_2016_last_3y": 37.11,
            "at_2017_last_3y": 34.13,
            "at_2018_last_3y": 12.18,
            "at_2019_last_3y": 12.18,
            "at_2020_last_3y": 12.18,
            "at_2021_last_3y": 12.18,
            "at_2022_last_3y": 12.18,
            "at_2023_last_3y": 12.18,
            "at_2006_last_all": null,
            "at_2007_last_all": null,
            "at_2008_last_all": null,
            "at_2009_last_all": null,
            "at_2010_last_all": null,
            "at_2011_last_all": null,
            "at_2012_last_all": null,
            "at_2013_last_all": -89.91,
            "at_2014_last_all": -26.6,
            "at_2015_last_all": -8.86,
            "at_2016_last_all": 11.34,
            "at_2017_last_all": -7.21,
            "at_2018_last_all": -7.21,
            "at_2019_last_all": -7.21,
            "at_2020_last_all": -7.21,
            "at_2021_last_all": -7.21,
            "at_2022_last_all": -7.21,
            "at_2023_last_all": -7.21
        },
        "latest_eps": -2.37,
        "latest_price": 54.7,
        "latest_roe": -7.09,
        "latest_gross_margin": 34.41,
        "latest_equity": 1507056,
        "latest_revenue": 243175,
        "latest_gross_profit": 83676,
        "latest_net_income": -38070,
        "latest_debt_ratio": 12.62,
        "latest_current_ratio": 1132.89,
        "latest_account_receivable_turnover_ratio": 1.62,
        "latest_inventory_turnover_ratio": 0.96,
        "latest_reinvestment_rate": -1.9,
        "latest_research_to_sale_ratio": 11.26
    },
    "eps_dividends": {
        "2001": {
            "cash": 0,
            "stock": 0,
            "eps": 0
        },
        "2002": {
            "cash": 0,
            "stock": 0,
            "eps": 0
        },
        "2003": {
            "cash": 0,
            "stock": 0,
            "eps": 0
        },
        "2004": {
            "cash": 0,
            "stock": 0,
            "eps": 0
        },
        "2005": {
            "cash": 0,
            "stock": 0,
            "eps": 0
        },
        "2006": {
            "cash": 0,
            "stock": 0,
            "eps": 0
        },
        "2007": {
            "cash": 0,
            "stock": 0,
            "eps": 0
        },
        "2008": {
            "cash": 0,
            "stock": 0,
            "eps": 0
        },
        "2009": {
            "cash": 0,
            "stock": 0,
            "eps": 0
        },
        "2010": {
            "cash": 0,
            "stock": 0,
            "eps": 0
        },
        "2011": {
            "cash": 0,
            "stock": 0,
            "eps": 5.07
        },
        "2012": {
            "cash": 3,
            "stock": 1,
            "eps": 0.42
        },
        "2013": {
            "cash": 2,
            "stock": 0,
            "eps": 0.05
        },
        "2014": {
            "cash": 1,
            "stock": 0,
            "eps": 2.48
        },
        "2015": {
            "cash": 2,
            "stock": 0,
            "eps": 3.58
        },
        "2016": {
            "cash": 3,
            "stock": 0,
            "eps": 6.88
        },
        "2017": {
            "cash": 5,
            "stock": 0,
            "eps": -1.07
        },
        "2018": {
            "cash": 0,
            "stock": 0,
            "eps": -1.03
        }
    },
    "dividends": {
        "2012-03-30": {
            "cash": 2.5,
            "stock": 0.5
        },
        "2013-03-29": {
            "cash": 1.5,
            "stock": 0
        },
        "2014-10-22": {
            "cash": 1.25,
            "stock": 0
        },
        "2015-09-10": {
            "cash": 2.4,
            "stock": 0
        },
        "2016-09-29": {
            "cash": 3.45,
            "stock": 0
        },
        "2017-09-26": {
            "cash": 4.5,
            "stock": 0
        }
    },
    "prices": {
        "200101": "無",
        "200102": "無",
        "200103": "無",
        "200104": "無",
        "200105": "無",
        "200106": "無",
        "200107": "無",
        "200108": "無",
        "200109": "無",
        "200110": "無",
        "200111": "無",
        "200112": "無",
        "200201": "無",
        "200202": "無",
        "200203": "無",
        "200204": "無",
        "200205": "無",
        "200206": "無",
        "200207": "無",
        "200208": "無",
        "200209": "無",
        "200210": "無",
        "200211": "無",
        "200212": "無",
        "200301": "無",
        "200302": "無",
        "200303": "無",
        "200304": "無",
        "200305": "無",
        "200306": "無",
        "200307": "無",
        "200308": "無",
        "200309": "無",
        "200310": "無",
        "200311": "無",
        "200312": "無",
        "200401": "無",
        "200402": "無",
        "200403": "無",
        "200404": "無",
        "200405": "無",
        "200406": "無",
        "200407": "無",
        "200408": "無",
        "200409": "無",
        "200410": "無",
        "200411": "無",
        "200412": "無",
        "200501": "無",
        "200502": "無",
        "200503": "無",
        "200504": "無",
        "200505": "無",
        "200506": "無",
        "200507": "無",
        "200508": "無",
        "200509": "無",
        "200510": "無",
        "200511": "無",
        "200512": "無",
        "200601": "無",
        "200602": "無",
        "200603": "無",
        "200604": "無",
        "200605": "無",
        "200606": "無",
        "200607": "無",
        "200608": "無",
        "200609": "無",
        "200610": "無",
        "200611": "無",
        "200612": "無",
        "200701": "無",
        "200702": "無",
        "200703": "無",
        "200704": "無",
        "200705": "無",
        "200706": "無",
        "200707": "無",
        "200708": "無",
        "200709": "無",
        "200710": "無",
        "200711": "無",
        "200712": "無",
        "200801": "無",
        "200802": "無",
        "200803": "無",
        "200804": "無",
        "200805": "無",
        "200806": "無",
        "200807": "無",
        "200808": "無",
        "200809": "無",
        "200810": "無",
        "200811": "無",
        "200812": "無",
        "200901": "無",
        "200902": "無",
        "200903": "無",
        "200904": "無",
        "200905": "無",
        "200906": "無",
        "200907": "無",
        "200908": "無",
        "200909": "無",
        "200910": "無",
        "200911": "無",
        "200912": "無",
        "201001": "無",
        "201002": "無",
        "201003": "無",
        "201004": "無",
        "201005": "無",
        "201006": "無",
        "201007": "無",
        "201008": "無",
        "201009": "無",
        "201010": "無",
        "201011": "無",
        "201012": "無",
        "201101": "無",
        "201102": "無",
        "201103": "無",
        "201104": "無",
        "201105": "無",
        "201106": "無",
        "201107": "無",
        "201108": "133.00",
        "201109": "136.71",
        "201110": "99.91",
        "201111": "83.35",
        "201112": "60.39",
        "201201": "64.76",
        "201202": "89.60",
        "201203": "84.81",
        "201204": "78.63",
        "201205": "60.07",
        "201206": "54.49",
        "201207": "55.06",
        "201208": "52.20",
        "201209": "48.48",
        "201210": "41.79",
        "201211": "30.71",
        "201212": "32.41",
        "201301": "35.22",
        "201302": "33.03",
        "201303": "34.72",
        "201304": "33.39",
        "201305": "32.58",
        "201306": "38.99",
        "201307": "38.82",
        "201308": "46.06",
        "201309": "48.10",
        "201310": "46.98",
        "201311": "38.73",
        "201312": "42.04",
        "201401": "45.55",
        "201402": "43.37",
        "201403": "48.21",
        "201404": "47.13",
        "201405": "40.56",
        "201406": "43.06",
        "201407": "40.21",
        "201408": "34.95",
        "201409": "33.71",
        "201410": "28.69",
        "201411": "35.95",
        "201412": "43.68",
        "201501": "40.02",
        "201502": "37.20",
        "201503": "40.41",
        "201504": "36.94",
        "201505": "33.71",
        "201506": "33.71",
        "201507": "35.09",
        "201508": "28.91",
        "201509": "28.74",
        "201510": "34.69",
        "201511": "39.23",
        "201512": "43.13",
        "201601": "41.87",
        "201602": "45.27",
        "201603": "55.38",
        "201604": "52.29",
        "201605": "56.34",
        "201606": "75.29",
        "201607": "71.52",
        "201608": "78.09",
        "201609": "70.55",
        "201610": "62.50",
        "201611": "56.95",
        "201612": "60.40",
        "201701": "66.14",
        "201702": "63.01",
        "201703": "61.08",
        "201704": "49.05",
        "201705": "48.34",
        "201706": "46.87",
        "201707": "44.42",
        "201708": "39.06",
        "201709": "32.34",
        "201710": "33.02",
        "201711": "35.75",
        "201712": "37.48",
        "201801": "36.89",
        "201802": "32.33",
        "201803": "35.47",
        "201804": "49.45",
        "201805": "50.30",
        "201806": "51.28",
        "201807": "53.35",
        "201808": "54.08",
        "201809": "無",
        "201810": "無",
        "201811": "無",
        "201812": "無",
        "201901": "無",
        "201902": "無",
        "201903": "無",
        "201904": "無",
        "201905": "無",
        "201906": "無",
        "201907": "無",
        "201908": "無",
        "201909": "無",
        "201910": "無",
        "201911": "無",
        "201912": "無",
        "202001": "無",
        "202002": "無",
        "202003": "無",
        "202004": "無",
        "202005": "無",
        "202006": "無",
        "202007": "無",
        "202008": "無",
        "202009": "無",
        "202010": "無",
        "202011": "無",
        "202012": "無",
        "202101": "無",
        "202102": "無",
        "202103": "無",
        "202104": "無",
        "202105": "無",
        "202106": "無",
        "202107": "無",
        "202108": "無",
        "202109": "無",
        "202110": "無",
        "202111": "無",
        "202112": "無",
        "202201": "無",
        "202202": "無",
        "202203": "無",
        "202204": "無",
        "202205": "無",
        "202206": "無",
        "202207": "無",
        "202208": "無",
        "202209": "無",
        "202210": "無",
        "202211": "無",
        "202212": "無",
        "202301": "無",
        "202302": "無",
        "202303": "無",
        "202304": "無",
        "202305": "無"
    },
    "quarters": {
        "20011": {
            "year_quarter": 20011,
            "year": 2001,
            "quarter": 1,
            "eps": null,
            "eps_growth_year": null,
            "eps_4q": null,
            "eps_4q_growth_year": null,
            "roe": null,
            "roe_4q": 0,
            "gross_profit": null,
            "gross_margin": null,
            "gross_margin_4q_avg": 0,
            "net_income": null,
            "revenue": null,
            "common_shares": null,
            "book_valuer_per_share": null,
            "book_valuer_per_share_4q_avg": 0,
            "equity": null,
            "current_ratio": null,
            "debt_ratio": null,
            "inventory_turnover_ratio": null,
            "account_receivable_turnover_ratio": null,
            "reinvestment_rate": null,
            "research_to_sale_ratio": null,
            "price_fair": 0,
            "eps_avg_yearly": 0,
            "eps_latest_yearly": 0,
            "eps_growth_yearly": 0
        },
        "20012": {
            "year_quarter": 20012,
            "year": 2001,
            "quarter": 2,
            "eps": null,
            "eps_growth_year": null,
            "eps_4q": null,
            "eps_4q_growth_year": null,
            "roe": null,
            "roe_4q": 0,
            "gross_profit": null,
            "gross_margin": null,
            "gross_margin_4q_avg": 0,
            "net_income": null,
            "revenue": null,
            "common_shares": null,
            "book_valuer_per_share": null,
            "book_valuer_per_share_4q_avg": 0,
            "equity": null,
            "current_ratio": null,
            "debt_ratio": null,
            "inventory_turnover_ratio": null,
            "account_receivable_turnover_ratio": null,
            "reinvestment_rate": null,
            "research_to_sale_ratio": null,
            "price_fair": 0,
            "eps_avg_yearly": 0,
            "eps_latest_yearly": 0,
            "eps_growth_yearly": 0
        },
        "20013": {
            "year_quarter": 20013,
            "year": 2001,
            "quarter": 3,
            "eps": null,
            "eps_growth_year": null,
            "eps_4q": null,
            "eps_4q_growth_year": null,
            "roe": null,
            "roe_4q": 0,
            "gross_profit": null,
            "gross_margin": null,
            "gross_margin_4q_avg": 0,
            "net_income": null,
            "revenue": null,
            "common_shares": null,
            "book_valuer_per_share": null,
            "book_valuer_per_share_4q_avg": 0,
            "equity": null,
            "current_ratio": null,
            "debt_ratio": null,
            "inventory_turnover_ratio": null,
            "account_receivable_turnover_ratio": null,
            "reinvestment_rate": null,
            "research_to_sale_ratio": null,
            "price_fair": 0,
            "eps_avg_yearly": 0,
            "eps_latest_yearly": 0,
            "eps_growth_yearly": 0
        },
        "20014": {
            "year_quarter": 20014,
            "year": 2001,
            "quarter": 4,
            "eps": null,
            "eps_growth_year": null,
            "eps_4q": null,
            "eps_4q_growth_year": null,
            "roe": null,
            "roe_4q": 0,
            "gross_profit": null,
            "gross_margin": null,
            "gross_margin_4q_avg": 0,
            "net_income": null,
            "revenue": null,
            "common_shares": null,
            "book_valuer_per_share": null,
            "book_valuer_per_share_4q_avg": 0,
            "equity": null,
            "current_ratio": null,
            "debt_ratio": null,
            "inventory_turnover_ratio": null,
            "account_receivable_turnover_ratio": null,
            "reinvestment_rate": null,
            "research_to_sale_ratio": null,
            "price_fair": 0,
            "eps_avg_yearly": 0,
            "eps_latest_yearly": 0,
            "eps_growth_yearly": 0
        },
        "20021": {
            "year_quarter": 20021,
            "year": 2002,
            "quarter": 1,
            "eps": null,
            "eps_growth_year": null,
            "eps_4q": null,
            "eps_4q_growth_year": null,
            "roe": null,
            "roe_4q": 0,
            "gross_profit": null,
            "gross_margin": null,
            "gross_margin_4q_avg": 0,
            "net_income": null,
            "revenue": null,
            "common_shares": null,
            "book_valuer_per_share": null,
            "book_valuer_per_share_4q_avg": 0,
            "equity": null,
            "current_ratio": null,
            "debt_ratio": null,
            "inventory_turnover_ratio": null,
            "account_receivable_turnover_ratio": null,
            "reinvestment_rate": null,
            "research_to_sale_ratio": null,
            "price_fair": 0,
            "eps_avg_yearly": 0,
            "eps_latest_yearly": 0,
            "eps_growth_yearly": 0
        },
        "20022": {
            "year_quarter": 20022,
            "year": 2002,
            "quarter": 2,
            "eps": null,
            "eps_growth_year": null,
            "eps_4q": null,
            "eps_4q_growth_year": null,
            "roe": null,
            "roe_4q": 0,
            "gross_profit": null,
            "gross_margin": null,
            "gross_margin_4q_avg": 0,
            "net_income": null,
            "revenue": null,
            "common_shares": null,
            "book_valuer_per_share": null,
            "book_valuer_per_share_4q_avg": 0,
            "equity": null,
            "current_ratio": null,
            "debt_ratio": null,
            "inventory_turnover_ratio": null,
            "account_receivable_turnover_ratio": null,
            "reinvestment_rate": null,
            "research_to_sale_ratio": null,
            "price_fair": 0,
            "eps_avg_yearly": 0,
            "eps_latest_yearly": 0,
            "eps_growth_yearly": 0
        },
        "20023": {
            "year_quarter": 20023,
            "year": 2002,
            "quarter": 3,
            "eps": null,
            "eps_growth_year": null,
            "eps_4q": null,
            "eps_4q_growth_year": null,
            "roe": null,
            "roe_4q": 0,
            "gross_profit": null,
            "gross_margin": null,
            "gross_margin_4q_avg": 0,
            "net_income": null,
            "revenue": null,
            "common_shares": null,
            "book_valuer_per_share": null,
            "book_valuer_per_share_4q_avg": 0,
            "equity": null,
            "current_ratio": null,
            "debt_ratio": null,
            "inventory_turnover_ratio": null,
            "account_receivable_turnover_ratio": null,
            "reinvestment_rate": null,
            "research_to_sale_ratio": null,
            "price_fair": 0,
            "eps_avg_yearly": 0,
            "eps_latest_yearly": 0,
            "eps_growth_yearly": 0
        },
        "20024": {
            "year_quarter": 20024,
            "year": 2002,
            "quarter": 4,
            "eps": null,
            "eps_growth_year": null,
            "eps_4q": null,
            "eps_4q_growth_year": null,
            "roe": null,
            "roe_4q": 0,
            "gross_profit": null,
            "gross_margin": null,
            "gross_margin_4q_avg": 0,
            "net_income": null,
            "revenue": null,
            "common_shares": null,
            "book_valuer_per_share": null,
            "book_valuer_per_share_4q_avg": 0,
            "equity": null,
            "current_ratio": null,
            "debt_ratio": null,
            "inventory_turnover_ratio": null,
            "account_receivable_turnover_ratio": null,
            "reinvestment_rate": null,
            "research_to_sale_ratio": null,
            "price_fair": 0,
            "eps_avg_yearly": 0,
            "eps_latest_yearly": 0,
            "eps_growth_yearly": 0
        },
        "20031": {
            "year_quarter": 20031,
            "year": 2003,
            "quarter": 1,
            "eps": null,
            "eps_growth_year": null,
            "eps_4q": null,
            "eps_4q_growth_year": null,
            "roe": null,
            "roe_4q": 0,
            "gross_profit": null,
            "gross_margin": null,
            "gross_margin_4q_avg": 0,
            "net_income": null,
            "revenue": null,
            "common_shares": null,
            "book_valuer_per_share": null,
            "book_valuer_per_share_4q_avg": 0,
            "equity": null,
            "current_ratio": null,
            "debt_ratio": null,
            "inventory_turnover_ratio": null,
            "account_receivable_turnover_ratio": null,
            "reinvestment_rate": null,
            "research_to_sale_ratio": null,
            "price_fair": 0,
            "eps_avg_yearly": 0,
            "eps_latest_yearly": 0,
            "eps_growth_yearly": 0
        },
        "20032": {
            "year_quarter": 20032,
            "year": 2003,
            "quarter": 2,
            "eps": null,
            "eps_growth_year": null,
            "eps_4q": null,
            "eps_4q_growth_year": null,
            "roe": null,
            "roe_4q": 0,
            "gross_profit": null,
            "gross_margin": null,
            "gross_margin_4q_avg": 0,
            "net_income": null,
            "revenue": null,
            "common_shares": null,
            "book_valuer_per_share": null,
            "book_valuer_per_share_4q_avg": 0,
            "equity": null,
            "current_ratio": null,
            "debt_ratio": null,
            "inventory_turnover_ratio": null,
            "account_receivable_turnover_ratio": null,
            "reinvestment_rate": null,
            "research_to_sale_ratio": null,
            "price_fair": 0,
            "eps_avg_yearly": 0,
            "eps_latest_yearly": 0,
            "eps_growth_yearly": 0
        },
        "20033": {
            "year_quarter": 20033,
            "year": 2003,
            "quarter": 3,
            "eps": null,
            "eps_growth_year": null,
            "eps_4q": null,
            "eps_4q_growth_year": null,
            "roe": null,
            "roe_4q": 0,
            "gross_profit": null,
            "gross_margin": null,
            "gross_margin_4q_avg": 0,
            "net_income": null,
            "revenue": null,
            "common_shares": null,
            "book_valuer_per_share": null,
            "book_valuer_per_share_4q_avg": 0,
            "equity": null,
            "current_ratio": null,
            "debt_ratio": null,
            "inventory_turnover_ratio": null,
            "account_receivable_turnover_ratio": null,
            "reinvestment_rate": null,
            "research_to_sale_ratio": null,
            "price_fair": 0,
            "eps_avg_yearly": 0,
            "eps_latest_yearly": 0,
            "eps_growth_yearly": 0
        },
        "20034": {
            "year_quarter": 20034,
            "year": 2003,
            "quarter": 4,
            "eps": null,
            "eps_growth_year": null,
            "eps_4q": null,
            "eps_4q_growth_year": null,
            "roe": null,
            "roe_4q": 0,
            "gross_profit": null,
            "gross_margin": null,
            "gross_margin_4q_avg": 0,
            "net_income": null,
            "revenue": null,
            "common_shares": null,
            "book_valuer_per_share": null,
            "book_valuer_per_share_4q_avg": 0,
            "equity": null,
            "current_ratio": null,
            "debt_ratio": null,
            "inventory_turnover_ratio": null,
            "account_receivable_turnover_ratio": null,
            "reinvestment_rate": null,
            "research_to_sale_ratio": null,
            "price_fair": 0,
            "eps_avg_yearly": 0,
            "eps_latest_yearly": 0,
            "eps_growth_yearly": 0
        },
        "20041": {
            "year_quarter": 20041,
            "year": 2004,
            "quarter": 1,
            "eps": null,
            "eps_growth_year": null,
            "eps_4q": null,
            "eps_4q_growth_year": null,
            "roe": null,
            "roe_4q": 0,
            "gross_profit": null,
            "gross_margin": null,
            "gross_margin_4q_avg": 0,
            "net_income": null,
            "revenue": null,
            "common_shares": null,
            "book_valuer_per_share": null,
            "book_valuer_per_share_4q_avg": 0,
            "equity": null,
            "current_ratio": null,
            "debt_ratio": null,
            "inventory_turnover_ratio": null,
            "account_receivable_turnover_ratio": null,
            "reinvestment_rate": null,
            "research_to_sale_ratio": null,
            "price_fair": 0,
            "eps_avg_yearly": 0,
            "eps_latest_yearly": 0,
            "eps_growth_yearly": 0
        },
        "20042": {
            "year_quarter": 20042,
            "year": 2004,
            "quarter": 2,
            "eps": null,
            "eps_growth_year": null,
            "eps_4q": null,
            "eps_4q_growth_year": null,
            "roe": null,
            "roe_4q": 0,
            "gross_profit": null,
            "gross_margin": null,
            "gross_margin_4q_avg": 0,
            "net_income": null,
            "revenue": null,
            "common_shares": null,
            "book_valuer_per_share": null,
            "book_valuer_per_share_4q_avg": 0,
            "equity": null,
            "current_ratio": null,
            "debt_ratio": null,
            "inventory_turnover_ratio": null,
            "account_receivable_turnover_ratio": null,
            "reinvestment_rate": null,
            "research_to_sale_ratio": null,
            "price_fair": 0,
            "eps_avg_yearly": 0,
            "eps_latest_yearly": 0,
            "eps_growth_yearly": 0
        },
        "20043": {
            "year_quarter": 20043,
            "year": 2004,
            "quarter": 3,
            "eps": null,
            "eps_growth_year": null,
            "eps_4q": null,
            "eps_4q_growth_year": null,
            "roe": null,
            "roe_4q": 0,
            "gross_profit": null,
            "gross_margin": null,
            "gross_margin_4q_avg": 0,
            "net_income": null,
            "revenue": null,
            "common_shares": null,
            "book_valuer_per_share": null,
            "book_valuer_per_share_4q_avg": 0,
            "equity": null,
            "current_ratio": null,
            "debt_ratio": null,
            "inventory_turnover_ratio": null,
            "account_receivable_turnover_ratio": null,
            "reinvestment_rate": null,
            "research_to_sale_ratio": null,
            "price_fair": 0,
            "eps_avg_yearly": 0,
            "eps_latest_yearly": 0,
            "eps_growth_yearly": 0
        },
        "20044": {
            "year_quarter": 20044,
            "year": 2004,
            "quarter": 4,
            "eps": null,
            "eps_growth_year": null,
            "eps_4q": null,
            "eps_4q_growth_year": null,
            "roe": null,
            "roe_4q": 0,
            "gross_profit": null,
            "gross_margin": null,
            "gross_margin_4q_avg": 0,
            "net_income": null,
            "revenue": null,
            "common_shares": null,
            "book_valuer_per_share": null,
            "book_valuer_per_share_4q_avg": 0,
            "equity": null,
            "current_ratio": null,
            "debt_ratio": null,
            "inventory_turnover_ratio": null,
            "account_receivable_turnover_ratio": null,
            "reinvestment_rate": null,
            "research_to_sale_ratio": null,
            "price_fair": 0,
            "eps_avg_yearly": 0,
            "eps_latest_yearly": 0,
            "eps_growth_yearly": 0
        },
        "20051": {
            "year_quarter": 20051,
            "year": 2005,
            "quarter": 1,
            "eps": null,
            "eps_growth_year": null,
            "eps_4q": null,
            "eps_4q_growth_year": null,
            "roe": null,
            "roe_4q": 0,
            "gross_profit": null,
            "gross_margin": null,
            "gross_margin_4q_avg": 0,
            "net_income": null,
            "revenue": null,
            "common_shares": null,
            "book_valuer_per_share": null,
            "book_valuer_per_share_4q_avg": 0,
            "equity": null,
            "current_ratio": null,
            "debt_ratio": null,
            "inventory_turnover_ratio": null,
            "account_receivable_turnover_ratio": null,
            "reinvestment_rate": null,
            "research_to_sale_ratio": null,
            "price_fair": 0,
            "eps_avg_yearly": 0,
            "eps_latest_yearly": 0,
            "eps_growth_yearly": 0
        },
        "20052": {
            "year_quarter": 20052,
            "year": 2005,
            "quarter": 2,
            "eps": null,
            "eps_growth_year": null,
            "eps_4q": null,
            "eps_4q_growth_year": null,
            "roe": null,
            "roe_4q": 0,
            "gross_profit": null,
            "gross_margin": null,
            "gross_margin_4q_avg": 0,
            "net_income": null,
            "revenue": null,
            "common_shares": null,
            "book_valuer_per_share": null,
            "book_valuer_per_share_4q_avg": 0,
            "equity": null,
            "current_ratio": null,
            "debt_ratio": null,
            "inventory_turnover_ratio": null,
            "account_receivable_turnover_ratio": null,
            "reinvestment_rate": null,
            "research_to_sale_ratio": null,
            "price_fair": 0,
            "eps_avg_yearly": 0,
            "eps_latest_yearly": 0,
            "eps_growth_yearly": 0
        },
        "20053": {
            "year_quarter": 20053,
            "year": 2005,
            "quarter": 3,
            "eps": null,
            "eps_growth_year": null,
            "eps_4q": null,
            "eps_4q_growth_year": null,
            "roe": null,
            "roe_4q": 0,
            "gross_profit": null,
            "gross_margin": null,
            "gross_margin_4q_avg": 0,
            "net_income": null,
            "revenue": null,
            "common_shares": null,
            "book_valuer_per_share": null,
            "book_valuer_per_share_4q_avg": 0,
            "equity": null,
            "current_ratio": null,
            "debt_ratio": null,
            "inventory_turnover_ratio": null,
            "account_receivable_turnover_ratio": null,
            "reinvestment_rate": null,
            "research_to_sale_ratio": null,
            "price_fair": 0,
            "eps_avg_yearly": 0,
            "eps_latest_yearly": 0,
            "eps_growth_yearly": 0
        },
        "20054": {
            "year_quarter": 20054,
            "year": 2005,
            "quarter": 4,
            "eps": null,
            "eps_growth_year": null,
            "eps_4q": null,
            "eps_4q_growth_year": null,
            "roe": null,
            "roe_4q": 0,
            "gross_profit": null,
            "gross_margin": null,
            "gross_margin_4q_avg": 0,
            "net_income": null,
            "revenue": null,
            "common_shares": null,
            "book_valuer_per_share": null,
            "book_valuer_per_share_4q_avg": 0,
            "equity": null,
            "current_ratio": null,
            "debt_ratio": null,
            "inventory_turnover_ratio": null,
            "account_receivable_turnover_ratio": null,
            "reinvestment_rate": null,
            "research_to_sale_ratio": null,
            "price_fair": 0,
            "eps_avg_yearly": 0,
            "eps_latest_yearly": 0,
            "eps_growth_yearly": 0
        },
        "20061": {
            "year_quarter": 20061,
            "year": 2006,
            "quarter": 1,
            "eps": null,
            "eps_growth_year": null,
            "eps_4q": null,
            "eps_4q_growth_year": null,
            "roe": null,
            "roe_4q": 0,
            "gross_profit": null,
            "gross_margin": null,
            "gross_margin_4q_avg": 0,
            "net_income": null,
            "revenue": null,
            "common_shares": null,
            "book_valuer_per_share": null,
            "book_valuer_per_share_4q_avg": 0,
            "equity": null,
            "current_ratio": null,
            "debt_ratio": null,
            "inventory_turnover_ratio": null,
            "account_receivable_turnover_ratio": null,
            "reinvestment_rate": null,
            "research_to_sale_ratio": null,
            "price_fair": 0,
            "eps_avg_yearly": 0,
            "eps_latest_yearly": 0,
            "eps_growth_yearly": 0
        },
        "20062": {
            "year_quarter": 20062,
            "year": 2006,
            "quarter": 2,
            "eps": null,
            "eps_growth_year": null,
            "eps_4q": null,
            "eps_4q_growth_year": null,
            "roe": null,
            "roe_4q": 0,
            "gross_profit": null,
            "gross_margin": null,
            "gross_margin_4q_avg": 0,
            "net_income": null,
            "revenue": null,
            "common_shares": null,
            "book_valuer_per_share": null,
            "book_valuer_per_share_4q_avg": 0,
            "equity": null,
            "current_ratio": null,
            "debt_ratio": null,
            "inventory_turnover_ratio": null,
            "account_receivable_turnover_ratio": null,
            "reinvestment_rate": null,
            "research_to_sale_ratio": null,
            "price_fair": 0,
            "eps_avg_yearly": 0,
            "eps_latest_yearly": 0,
            "eps_growth_yearly": 0
        },
        "20063": {
            "year_quarter": 20063,
            "year": 2006,
            "quarter": 3,
            "eps": null,
            "eps_growth_year": null,
            "eps_4q": null,
            "eps_4q_growth_year": null,
            "roe": null,
            "roe_4q": 0,
            "gross_profit": null,
            "gross_margin": null,
            "gross_margin_4q_avg": 0,
            "net_income": null,
            "revenue": null,
            "common_shares": null,
            "book_valuer_per_share": null,
            "book_valuer_per_share_4q_avg": 0,
            "equity": null,
            "current_ratio": null,
            "debt_ratio": null,
            "inventory_turnover_ratio": null,
            "account_receivable_turnover_ratio": null,
            "reinvestment_rate": null,
            "research_to_sale_ratio": null,
            "price_fair": 0,
            "eps_avg_yearly": 0,
            "eps_latest_yearly": 0,
            "eps_growth_yearly": 0
        },
        "20064": {
            "year_quarter": 20064,
            "year": 2006,
            "quarter": 4,
            "eps": null,
            "eps_growth_year": null,
            "eps_4q": null,
            "eps_4q_growth_year": null,
            "roe": null,
            "roe_4q": 0,
            "gross_profit": null,
            "gross_margin": null,
            "gross_margin_4q_avg": 0,
            "net_income": null,
            "revenue": null,
            "common_shares": 213981,
            "book_valuer_per_share": 3.09,
            "book_valuer_per_share_4q_avg": 0.77,
            "equity": 66113,
            "current_ratio": 306.18,
            "debt_ratio": 54.92,
            "inventory_turnover_ratio": null,
            "account_receivable_turnover_ratio": null,
            "reinvestment_rate": null,
            "research_to_sale_ratio": null,
            "price_fair": 0,
            "eps_avg_yearly": 0,
            "eps_latest_yearly": 0,
            "eps_growth_yearly": 0
        },
        "20071": {
            "year_quarter": 20071,
            "year": 2007,
            "quarter": 1,
            "eps": null,
            "eps_growth_year": null,
            "eps_4q": null,
            "eps_4q_growth_year": null,
            "roe": null,
            "roe_4q": 0,
            "gross_profit": null,
            "gross_margin": null,
            "gross_margin_4q_avg": 0,
            "net_income": null,
            "revenue": null,
            "common_shares": null,
            "book_valuer_per_share": null,
            "book_valuer_per_share_4q_avg": 0.77,
            "equity": null,
            "current_ratio": null,
            "debt_ratio": null,
            "inventory_turnover_ratio": null,
            "account_receivable_turnover_ratio": null,
            "reinvestment_rate": null,
            "research_to_sale_ratio": null,
            "price_fair": 0,
            "eps_avg_yearly": 0,
            "eps_latest_yearly": 0,
            "eps_growth_yearly": 0
        },
        "20072": {
            "year_quarter": 20072,
            "year": 2007,
            "quarter": 2,
            "eps": null,
            "eps_growth_year": null,
            "eps_4q": null,
            "eps_4q_growth_year": null,
            "roe": null,
            "roe_4q": 0,
            "gross_profit": null,
            "gross_margin": null,
            "gross_margin_4q_avg": 0,
            "net_income": null,
            "revenue": null,
            "common_shares": null,
            "book_valuer_per_share": null,
            "book_valuer_per_share_4q_avg": 0.77,
            "equity": null,
            "current_ratio": null,
            "debt_ratio": null,
            "inventory_turnover_ratio": null,
            "account_receivable_turnover_ratio": null,
            "reinvestment_rate": null,
            "research_to_sale_ratio": null,
            "price_fair": 0,
            "eps_avg_yearly": 0,
            "eps_latest_yearly": 0,
            "eps_growth_yearly": 0
        },
        "20073": {
            "year_quarter": 20073,
            "year": 2007,
            "quarter": 3,
            "eps": null,
            "eps_growth_year": null,
            "eps_4q": null,
            "eps_4q_growth_year": null,
            "roe": null,
            "roe_4q": 0,
            "gross_profit": null,
            "gross_margin": null,
            "gross_margin_4q_avg": 0,
            "net_income": null,
            "revenue": null,
            "common_shares": null,
            "book_valuer_per_share": null,
            "book_valuer_per_share_4q_avg": 0.77,
            "equity": null,
            "current_ratio": null,
            "debt_ratio": null,
            "inventory_turnover_ratio": null,
            "account_receivable_turnover_ratio": null,
            "reinvestment_rate": null,
            "research_to_sale_ratio": null,
            "price_fair": 0,
            "eps_avg_yearly": 0,
            "eps_latest_yearly": 0,
            "eps_growth_yearly": 0
        },
        "20074": {
            "year_quarter": 20074,
            "year": 2007,
            "quarter": 4,
            "eps": null,
            "eps_growth_year": null,
            "eps_4q": null,
            "eps_4q_growth_year": null,
            "roe": null,
            "roe_4q": 0,
            "gross_profit": null,
            "gross_margin": null,
            "gross_margin_4q_avg": 0,
            "net_income": null,
            "revenue": null,
            "common_shares": 307406,
            "book_valuer_per_share": 14.43,
            "book_valuer_per_share_4q_avg": 3.61,
            "equity": 443602,
            "current_ratio": 782.8,
            "debt_ratio": 12.04,
            "inventory_turnover_ratio": null,
            "account_receivable_turnover_ratio": null,
            "reinvestment_rate": null,
            "research_to_sale_ratio": null,
            "price_fair": 0,
            "eps_avg_yearly": 0,
            "eps_latest_yearly": 0,
            "eps_growth_yearly": 0
        },
        "20081": {
            "year_quarter": 20081,
            "year": 2008,
            "quarter": 1,
            "eps": null,
            "eps_growth_year": null,
            "eps_4q": null,
            "eps_4q_growth_year": null,
            "roe": null,
            "roe_4q": 0,
            "gross_profit": null,
            "gross_margin": null,
            "gross_margin_4q_avg": 0,
            "net_income": null,
            "revenue": null,
            "common_shares": null,
            "book_valuer_per_share": null,
            "book_valuer_per_share_4q_avg": 3.61,
            "equity": null,
            "current_ratio": null,
            "debt_ratio": null,
            "inventory_turnover_ratio": null,
            "account_receivable_turnover_ratio": null,
            "reinvestment_rate": null,
            "research_to_sale_ratio": null,
            "price_fair": 0,
            "eps_avg_yearly": 0,
            "eps_latest_yearly": 0,
            "eps_growth_yearly": 0
        },
        "20082": {
            "year_quarter": 20082,
            "year": 2008,
            "quarter": 2,
            "eps": null,
            "eps_growth_year": null,
            "eps_4q": null,
            "eps_4q_growth_year": null,
            "roe": null,
            "roe_4q": 0,
            "gross_profit": null,
            "gross_margin": null,
            "gross_margin_4q_avg": 0,
            "net_income": null,
            "revenue": null,
            "common_shares": null,
            "book_valuer_per_share": null,
            "book_valuer_per_share_4q_avg": 3.61,
            "equity": null,
            "current_ratio": null,
            "debt_ratio": null,
            "inventory_turnover_ratio": null,
            "account_receivable_turnover_ratio": null,
            "reinvestment_rate": null,
            "research_to_sale_ratio": null,
            "price_fair": 0,
            "eps_avg_yearly": 0,
            "eps_latest_yearly": 0,
            "eps_growth_yearly": 0
        },
        "20083": {
            "year_quarter": 20083,
            "year": 2008,
            "quarter": 3,
            "eps": null,
            "eps_growth_year": null,
            "eps_4q": null,
            "eps_4q_growth_year": null,
            "roe": null,
            "roe_4q": 0,
            "gross_profit": null,
            "gross_margin": null,
            "gross_margin_4q_avg": 0,
            "net_income": null,
            "revenue": null,
            "common_shares": null,
            "book_valuer_per_share": null,
            "book_valuer_per_share_4q_avg": 3.61,
            "equity": null,
            "current_ratio": null,
            "debt_ratio": null,
            "inventory_turnover_ratio": null,
            "account_receivable_turnover_ratio": null,
            "reinvestment_rate": null,
            "research_to_sale_ratio": null,
            "price_fair": 0,
            "eps_avg_yearly": 0,
            "eps_latest_yearly": 0,
            "eps_growth_yearly": 0
        },
        "20084": {
            "year_quarter": 20084,
            "year": 2008,
            "quarter": 4,
            "eps": null,
            "eps_growth_year": null,
            "eps_4q": null,
            "eps_4q_growth_year": null,
            "roe": null,
            "roe_4q": 0,
            "gross_profit": null,
            "gross_margin": null,
            "gross_margin_4q_avg": 0,
            "net_income": null,
            "revenue": null,
            "common_shares": 3643,
            "book_valuer_per_share": 1315.82,
            "book_valuer_per_share_4q_avg": 328.96,
            "equity": 479352,
            "current_ratio": 626.43,
            "debt_ratio": 15.46,
            "inventory_turnover_ratio": null,
            "account_receivable_turnover_ratio": null,
            "reinvestment_rate": null,
            "research_to_sale_ratio": null,
            "price_fair": 0,
            "eps_avg_yearly": 0,
            "eps_latest_yearly": 0,
            "eps_growth_yearly": 0
        },
        "20091": {
            "year_quarter": 20091,
            "year": 2009,
            "quarter": 1,
            "eps": null,
            "eps_growth_year": null,
            "eps_4q": null,
            "eps_4q_growth_year": null,
            "roe": null,
            "roe_4q": 0,
            "gross_profit": null,
            "gross_margin": null,
            "gross_margin_4q_avg": 0,
            "net_income": null,
            "revenue": null,
            "common_shares": null,
            "book_valuer_per_share": null,
            "book_valuer_per_share_4q_avg": 328.96,
            "equity": null,
            "current_ratio": null,
            "debt_ratio": null,
            "inventory_turnover_ratio": null,
            "account_receivable_turnover_ratio": null,
            "reinvestment_rate": null,
            "research_to_sale_ratio": null,
            "price_fair": 0,
            "eps_avg_yearly": 0,
            "eps_latest_yearly": 0,
            "eps_growth_yearly": 0
        },
        "20092": {
            "year_quarter": 20092,
            "year": 2009,
            "quarter": 2,
            "eps": null,
            "eps_growth_year": null,
            "eps_4q": null,
            "eps_4q_growth_year": null,
            "roe": null,
            "roe_4q": 0,
            "gross_profit": null,
            "gross_margin": null,
            "gross_margin_4q_avg": 0,
            "net_income": null,
            "revenue": null,
            "common_shares": null,
            "book_valuer_per_share": null,
            "book_valuer_per_share_4q_avg": 328.96,
            "equity": null,
            "current_ratio": null,
            "debt_ratio": null,
            "inventory_turnover_ratio": null,
            "account_receivable_turnover_ratio": null,
            "reinvestment_rate": null,
            "research_to_sale_ratio": null,
            "price_fair": 0,
            "eps_avg_yearly": 0,
            "eps_latest_yearly": 0,
            "eps_growth_yearly": 0
        },
        "20093": {
            "year_quarter": 20093,
            "year": 2009,
            "quarter": 3,
            "eps": null,
            "eps_growth_year": null,
            "eps_4q": null,
            "eps_4q_growth_year": null,
            "roe": null,
            "roe_4q": 0,
            "gross_profit": null,
            "gross_margin": null,
            "gross_margin_4q_avg": 0,
            "net_income": null,
            "revenue": null,
            "common_shares": null,
            "book_valuer_per_share": null,
            "book_valuer_per_share_4q_avg": 328.96,
            "equity": null,
            "current_ratio": null,
            "debt_ratio": null,
            "inventory_turnover_ratio": null,
            "account_receivable_turnover_ratio": null,
            "reinvestment_rate": null,
            "research_to_sale_ratio": null,
            "price_fair": 0,
            "eps_avg_yearly": 0,
            "eps_latest_yearly": 0,
            "eps_growth_yearly": 0
        },
        "20094": {
            "year_quarter": 20094,
            "year": 2009,
            "quarter": 4,
            "eps": null,
            "eps_growth_year": null,
            "eps_4q": null,
            "eps_4q_growth_year": null,
            "roe": null,
            "roe_4q": 0,
            "gross_profit": null,
            "gross_margin": null,
            "gross_margin_4q_avg": 0,
            "net_income": null,
            "revenue": null,
            "common_shares": 3585,
            "book_valuer_per_share": 547.26,
            "book_valuer_per_share_4q_avg": 136.82,
            "equity": 521816,
            "current_ratio": 626.06,
            "debt_ratio": 13.65,
            "inventory_turnover_ratio": null,
            "account_receivable_turnover_ratio": null,
            "reinvestment_rate": null,
            "research_to_sale_ratio": null,
            "price_fair": 0,
            "eps_avg_yearly": 0,
            "eps_latest_yearly": 0,
            "eps_growth_yearly": 0
        },
        "20101": {
            "year_quarter": 20101,
            "year": 2010,
            "quarter": 1,
            "eps": null,
            "eps_growth_year": null,
            "eps_4q": null,
            "eps_4q_growth_year": null,
            "roe": null,
            "roe_4q": 0,
            "gross_profit": null,
            "gross_margin": null,
            "gross_margin_4q_avg": 0,
            "net_income": null,
            "revenue": null,
            "common_shares": null,
            "book_valuer_per_share": null,
            "book_valuer_per_share_4q_avg": 136.82,
            "equity": null,
            "current_ratio": null,
            "debt_ratio": null,
            "inventory_turnover_ratio": null,
            "account_receivable_turnover_ratio": null,
            "reinvestment_rate": null,
            "research_to_sale_ratio": null,
            "price_fair": 0,
            "eps_avg_yearly": 0,
            "eps_latest_yearly": 0,
            "eps_growth_yearly": 0
        },
        "20102": {
            "year_quarter": 20102,
            "year": 2010,
            "quarter": 2,
            "eps": null,
            "eps_growth_year": null,
            "eps_4q": null,
            "eps_4q_growth_year": null,
            "roe": null,
            "roe_4q": 0,
            "gross_profit": null,
            "gross_margin": null,
            "gross_margin_4q_avg": 0,
            "net_income": null,
            "revenue": null,
            "common_shares": 0,
            "book_valuer_per_share": null,
            "book_valuer_per_share_4q_avg": 136.82,
            "equity": 0,
            "current_ratio": null,
            "debt_ratio": null,
            "inventory_turnover_ratio": null,
            "account_receivable_turnover_ratio": null,
            "reinvestment_rate": null,
            "research_to_sale_ratio": null,
            "price_fair": 0,
            "eps_avg_yearly": 0,
            "eps_latest_yearly": 0,
            "eps_growth_yearly": 0
        },
        "20103": {
            "year_quarter": 20103,
            "year": 2010,
            "quarter": 3,
            "eps": null,
            "eps_growth_year": null,
            "eps_4q": null,
            "eps_4q_growth_year": null,
            "roe": null,
            "roe_4q": 0,
            "gross_profit": 0,
            "gross_margin": null,
            "gross_margin_4q_avg": 0,
            "net_income": 0,
            "revenue": 0,
            "common_shares": 0,
            "book_valuer_per_share": null,
            "book_valuer_per_share_4q_avg": 136.82,
            "equity": 0,
            "current_ratio": null,
            "debt_ratio": null,
            "inventory_turnover_ratio": null,
            "account_receivable_turnover_ratio": null,
            "reinvestment_rate": null,
            "research_to_sale_ratio": null,
            "price_fair": 0,
            "eps_avg_yearly": 0,
            "eps_latest_yearly": 0,
            "eps_growth_yearly": 0
        },
        "20104": {
            "year_quarter": 20104,
            "year": 2010,
            "quarter": 4,
            "eps": null,
            "eps_growth_year": null,
            "eps_4q": null,
            "eps_4q_growth_year": null,
            "roe": null,
            "roe_4q": 0,
            "gross_profit": 633892,
            "gross_margin": null,
            "gross_margin_4q_avg": 0,
            "net_income": 186895,
            "revenue": 1201161,
            "common_shares": 306528,
            "book_valuer_per_share": 22.29,
            "book_valuer_per_share_4q_avg": 5.57,
            "equity": 683158,
            "current_ratio": 224.21,
            "debt_ratio": 38.03,
            "inventory_turnover_ratio": null,
            "account_receivable_turnover_ratio": null,
            "reinvestment_rate": null,
            "research_to_sale_ratio": null,
            "price_fair": 0,
            "eps_avg_yearly": 0,
            "eps_latest_yearly": 0,
            "eps_growth_yearly": 0
        },
        "20111": {
            "year_quarter": 20111,
            "year": 2011,
            "quarter": 1,
            "eps": null,
            "eps_growth_year": null,
            "eps_4q": null,
            "eps_4q_growth_year": null,
            "roe": null,
            "roe_4q": 0,
            "gross_profit": 208790,
            "gross_margin": null,
            "gross_margin_4q_avg": 0,
            "net_income": 103555,
            "revenue": 418045,
            "common_shares": 322699,
            "book_valuer_per_share": 26.2,
            "book_valuer_per_share_4q_avg": 12.12,
            "equity": 845382,
            "current_ratio": 318.16,
            "debt_ratio": 26.59,
            "inventory_turnover_ratio": null,
            "account_receivable_turnover_ratio": null,
            "reinvestment_rate": null,
            "research_to_sale_ratio": null,
            "price_fair": 0,
            "eps_avg_yearly": 0,
            "eps_latest_yearly": 0,
            "eps_growth_yearly": 0
        },
        "20112": {
            "year_quarter": 20112,
            "year": 2011,
            "quarter": 2,
            "eps": 2.96,
            "eps_growth_year": null,
            "eps_4q": 2.96,
            "eps_4q_growth_year": null,
            "roe": 12.36,
            "roe_4q": 12.36,
            "gross_profit": 206272,
            "gross_margin": 52.42,
            "gross_margin_4q_avg": 13.11,
            "net_income": 111681,
            "revenue": 393518,
            "common_shares": 377490,
            "book_valuer_per_share": 25.49,
            "book_valuer_per_share_4q_avg": 18.5,
            "equity": 962221,
            "current_ratio": 519.03,
            "debt_ratio": 19.15,
            "inventory_turnover_ratio": 0.72,
            "account_receivable_turnover_ratio": 3.07,
            "reinvestment_rate": null,
            "research_to_sale_ratio": null,
            "price_fair": 0,
            "eps_avg_yearly": 0,
            "eps_latest_yearly": 0,
            "eps_growth_yearly": 0
        },
        "20113": {
            "year_quarter": 20113,
            "year": 2011,
            "quarter": 3,
            "eps": 1.95,
            "eps_growth_year": null,
            "eps_4q": 4.57,
            "eps_4q_growth_year": null,
            "roe": 6.36,
            "roe_4q": 18.72,
            "gross_profit": 187107,
            "gross_margin": 48.12,
            "gross_margin_4q_avg": 25.14,
            "net_income": 82799,
            "revenue": 388870,
            "common_shares": 425261,
            "book_valuer_per_share": 38.57,
            "book_valuer_per_share_4q_avg": 28.14,
            "equity": 1640049,
            "current_ratio": 893.68,
            "debt_ratio": 12.03,
            "inventory_turnover_ratio": 0.7,
            "account_receivable_turnover_ratio": 1.53,
            "reinvestment_rate": null,
            "research_to_sale_ratio": 12.11,
            "price_fair": 23.4,
            "eps_avg_yearly": 7.8,
            "eps_latest_yearly": 7.8,
            "eps_growth_yearly": -136.49
        },
        "20114": {
            "year_quarter": 20114,
            "year": 2011,
            "quarter": 4,
            "eps": 0.16,
            "eps_growth_year": null,
            "eps_4q": 4.72,
            "eps_4q_growth_year": null,
            "roe": 0.41,
            "roe_4q": 19.13,
            "gross_profit": 52540,
            "gross_margin": 35.53,
            "gross_margin_4q_avg": 34.02,
            "net_income": 6783,
            "revenue": 147880,
            "common_shares": 426741,
            "book_valuer_per_share": 38.2,
            "book_valuer_per_share_4q_avg": 32.12,
            "equity": 1630158,
            "current_ratio": 1697.07,
            "debt_ratio": 8.09,
            "inventory_turnover_ratio": 0.32,
            "account_receivable_turnover_ratio": 0.71,
            "reinvestment_rate": null,
            "research_to_sale_ratio": 21.49,
            "price_fair": 12.66,
            "eps_avg_yearly": 4.22,
            "eps_latest_yearly": 0.64,
            "eps_growth_yearly": -251.83
        },
        "20121": {
            "year_quarter": 20121,
            "year": 2012,
            "quarter": 1,
            "eps": 0.24,
            "eps_growth_year": null,
            "eps_4q": 4.95,
            "eps_4q_growth_year": null,
            "roe": 0.63,
            "roe_4q": 19.759999999999998,
            "gross_profit": 76543,
            "gross_margin": 36.7,
            "gross_margin_4q_avg": 43.19,
            "net_income": 10151,
            "revenue": 208562,
            "common_shares": 427198,
            "book_valuer_per_share": 37.5,
            "book_valuer_per_share_4q_avg": 34.94,
            "equity": 1602088,
            "current_ratio": 1781.97,
            "debt_ratio": 7.78,
            "inventory_turnover_ratio": 0.5,
            "account_receivable_turnover_ratio": 1.22,
            "reinvestment_rate": null,
            "research_to_sale_ratio": 11.92,
            "price_fair": 9.4,
            "eps_avg_yearly": 3.13,
            "eps_latest_yearly": 0.96,
            "eps_growth_yearly": -101.22
        },
        "20122": {
            "year_quarter": 20122,
            "year": 2012,
            "quarter": 2,
            "eps": 0.22,
            "eps_growth_year": -92.71,
            "eps_4q": 2.43,
            "eps_4q_growth_year": -17.77,
            "roe": 0.62,
            "roe_4q": 8.02,
            "gross_profit": 81273,
            "gross_margin": 37.59,
            "gross_margin_4q_avg": 39.49,
            "net_income": 9698,
            "revenue": 216196,
            "common_shares": 427990,
            "book_valuer_per_share": 35.54,
            "book_valuer_per_share_4q_avg": 37.45,
            "equity": 1521111,
            "current_ratio": 827.6,
            "debt_ratio": 13.97,
            "inventory_turnover_ratio": 0.6,
            "account_receivable_turnover_ratio": 1.29,
            "reinvestment_rate": null,
            "research_to_sale_ratio": 12.1,
            "price_fair": 7.71,
            "eps_avg_yearly": 2.57,
            "eps_latest_yearly": 0.88,
            "eps_growth_yearly": -84.25
        },
        "20123": {
            "year_quarter": 20123,
            "year": 2012,
            "quarter": 3,
            "eps": 0.39,
            "eps_growth_year": -80.2,
            "eps_4q": 0.98,
            "eps_4q_growth_year": -78.62,
            "roe": 1.14,
            "roe_4q": 2.8,
            "gross_profit": 83493,
            "gross_margin": 37.75,
            "gross_margin_4q_avg": 36.89,
            "net_income": 17328,
            "revenue": 221185,
            "common_shares": 449831,
            "book_valuer_per_share": 33.66,
            "book_valuer_per_share_4q_avg": 36.23,
            "equity": 1514153,
            "current_ratio": 1436.36,
            "debt_ratio": 9.47,
            "inventory_turnover_ratio": 0.72,
            "account_receivable_turnover_ratio": 1.35,
            "reinvestment_rate": null,
            "research_to_sale_ratio": 14.64,
            "price_fair": 7.1,
            "eps_avg_yearly": 2.37,
            "eps_latest_yearly": 1.56,
            "eps_growth_yearly": -5.58
        },
        "20124": {
            "year_quarter": 20124,
            "year": 2012,
            "quarter": 4,
            "eps": -0.43,
            "eps_growth_year": -369.23,
            "eps_4q": 0.4,
            "eps_4q_growth_year": -91.56,
            "roe": -1.29,
            "roe_4q": 1.0999999999999999,
            "gross_profit": 55653,
            "gross_margin": 36.25,
            "gross_margin_4q_avg": 37.07,
            "net_income": -19256,
            "revenue": 153519,
            "common_shares": 449964,
            "book_valuer_per_share": 32.91,
            "book_valuer_per_share_4q_avg": 34.9,
            "equity": 1481033,
            "current_ratio": 1602.88,
            "debt_ratio": 9.12,
            "inventory_turnover_ratio": 0.5,
            "account_receivable_turnover_ratio": 1.02,
            "reinvestment_rate": null,
            "research_to_sale_ratio": 18.05,
            "price_fair": 7.1,
            "eps_avg_yearly": 2.37,
            "eps_latest_yearly": 1.56,
            "eps_growth_yearly": -5.58
        },
        "20131": {
            "year_quarter": 20131,
            "year": 2013,
            "quarter": 1,
            "eps": -0.4,
            "eps_growth_year": -266.67,
            "eps_4q": -0.23,
            "eps_4q_growth_year": -104.59,
            "roe": -1.21,
            "roe_4q": -0.7400000000000001,
            "gross_profit": 47676,
            "gross_margin": 23.93,
            "gross_margin_4q_avg": 33.88,
            "net_income": -18006,
            "revenue": 199194,
            "common_shares": 450888,
            "book_valuer_per_share": 33.38,
            "book_valuer_per_share_4q_avg": 33.87,
            "equity": 1505182,
            "current_ratio": 1215.63,
            "debt_ratio": 10.56,
            "inventory_turnover_ratio": 0.67,
            "account_receivable_turnover_ratio": 1.49,
            "reinvestment_rate": null,
            "research_to_sale_ratio": 13.69,
            "price_fair": 7.1,
            "eps_avg_yearly": 2.37,
            "eps_latest_yearly": 1.56,
            "eps_growth_yearly": -5.58
        },
        "20132": {
            "year_quarter": 20132,
            "year": 2013,
            "quarter": 2,
            "eps": -0.28,
            "eps_growth_year": -229.87,
            "eps_4q": -0.73,
            "eps_4q_growth_year": -129.82,
            "roe": -0.87,
            "roe_4q": -2.2300000000000004,
            "gross_profit": 56392,
            "gross_margin": 25.03,
            "gross_margin_4q_avg": 30.74,
            "net_income": -12811,
            "revenue": 225334,
            "common_shares": 451440,
            "book_valuer_per_share": 31.95,
            "book_valuer_per_share_4q_avg": 32.98,
            "equity": 1442220,
            "current_ratio": 910.3,
            "debt_ratio": 13.04,
            "inventory_turnover_ratio": 0.75,
            "account_receivable_turnover_ratio": 1.55,
            "reinvestment_rate": null,
            "research_to_sale_ratio": 13.07,
            "price_fair": 7.1,
            "eps_avg_yearly": 2.37,
            "eps_latest_yearly": 1.56,
            "eps_growth_yearly": -5.58
        },
        "20133": {
            "year_quarter": 20133,
            "year": 2013,
            "quarter": 3,
            "eps": 0.53,
            "eps_growth_year": 37.59,
            "eps_4q": -0.58,
            "eps_4q_growth_year": -159.34,
            "roe": 1.65,
            "roe_4q": -1.7200000000000002,
            "gross_profit": 100837,
            "gross_margin": 32.82,
            "gross_margin_4q_avg": 29.51,
            "net_income": 23885,
            "revenue": 307288,
            "common_shares": 451584,
            "book_valuer_per_share": 32.03,
            "book_valuer_per_share_4q_avg": 32.57,
            "equity": 1446462,
            "current_ratio": 1244.04,
            "debt_ratio": 9.91,
            "inventory_turnover_ratio": 1.08,
            "account_receivable_turnover_ratio": 1.68,
            "reinvestment_rate": null,
            "research_to_sale_ratio": 11.34,
            "price_fair": 7.1,
            "eps_avg_yearly": 2.37,
            "eps_latest_yearly": 1.56,
            "eps_growth_yearly": -5.58
        },
        "20134": {
            "year_quarter": 20134,
            "year": 2013,
            "quarter": 4,
            "eps": 0.2,
            "eps_growth_year": null,
            "eps_4q": 0.05,
            "eps_4q_growth_year": -88.69,
            "roe": 0.61,
            "roe_4q": 0.17999999999999972,
            "gross_profit": 92443,
            "gross_margin": 35.95,
            "gross_margin_4q_avg": 29.43,
            "net_income": 8967,
            "revenue": 257159,
            "common_shares": 451584,
            "book_valuer_per_share": 32.56,
            "book_valuer_per_share_4q_avg": 32.48,
            "equity": 1470437,
            "current_ratio": 1607.87,
            "debt_ratio": 8.53,
            "inventory_turnover_ratio": 1.13,
            "account_receivable_turnover_ratio": 1.34,
            "reinvestment_rate": null,
            "research_to_sale_ratio": 10.31,
            "price_fair": 6.32,
            "eps_avg_yearly": 2.11,
            "eps_latest_yearly": 0.8,
            "eps_growth_yearly": -46.16
        },
        "20141": {
            "year_quarter": 20141,
            "year": 2014,
            "quarter": 1,
            "eps": 0.34,
            "eps_growth_year": null,
            "eps_4q": 0.78,
            "eps_4q_growth_year": null,
            "roe": 1.01,
            "roe_4q": 2.4,
            "gross_profit": 105456,
            "gross_margin": 40.69,
            "gross_margin_4q_avg": 33.62,
            "net_income": 15161,
            "revenue": 259179,
            "common_shares": 451601,
            "book_valuer_per_share": 33.65,
            "book_valuer_per_share_4q_avg": 32.55,
            "equity": 1519605,
            "current_ratio": 1166.87,
            "debt_ratio": 10.6,
            "inventory_turnover_ratio": 1.18,
            "account_receivable_turnover_ratio": 1.38,
            "reinvestment_rate": null,
            "research_to_sale_ratio": 15.06,
            "price_fair": 20,
            "eps_avg_yearly": 2,
            "eps_latest_yearly": 1.36,
            "eps_growth_yearly": 0.43
        },
        "20142": {
            "year_quarter": 20142,
            "year": 2014,
            "quarter": 2,
            "eps": 0.38,
            "eps_growth_year": null,
            "eps_4q": 1.44,
            "eps_4q_growth_year": null,
            "roe": 1.16,
            "roe_4q": 4.43,
            "gross_profit": 108681,
            "gross_margin": 41.33,
            "gross_margin_4q_avg": 37.7,
            "net_income": 17224,
            "revenue": 262956,
            "common_shares": 451626,
            "book_valuer_per_share": 32.18,
            "book_valuer_per_share_4q_avg": 32.61,
            "equity": 1453294,
            "current_ratio": 875.16,
            "debt_ratio": 13.25,
            "inventory_turnover_ratio": 1.16,
            "account_receivable_turnover_ratio": 1.25,
            "reinvestment_rate": 13.96,
            "research_to_sale_ratio": 12.87,
            "price_fair": 31.55,
            "eps_avg_yearly": 1.94,
            "eps_latest_yearly": 1.52,
            "eps_growth_yearly": 6.26
        },
        "20143": {
            "year_quarter": 20143,
            "year": 2014,
            "quarter": 3,
            "eps": 1.1,
            "eps_growth_year": 107.55,
            "eps_4q": 2.02,
            "eps_4q_growth_year": null,
            "roe": 3.34,
            "roe_4q": 6.12,
            "gross_profit": 112659,
            "gross_margin": 40.29,
            "gross_margin_4q_avg": 39.57,
            "net_income": 49960,
            "revenue": 279629,
            "common_shares": 453059,
            "book_valuer_per_share": 33.9,
            "book_valuer_per_share_4q_avg": 33.07,
            "equity": 1535997,
            "current_ratio": 792.75,
            "debt_ratio": 14,
            "inventory_turnover_ratio": 1.3,
            "account_receivable_turnover_ratio": 1.43,
            "reinvestment_rate": 11.47,
            "research_to_sale_ratio": 10.19,
            "price_fair": 77.47,
            "eps_avg_yearly": 2.21,
            "eps_latest_yearly": 4.4,
            "eps_growth_yearly": 89.78
        },
        "20144": {
            "year_quarter": 20144,
            "year": 2014,
            "quarter": 4,
            "eps": 0.66,
            "eps_growth_year": 234.16,
            "eps_4q": 2.48,
            "eps_4q_growth_year": 5404.46,
            "roe": 1.9,
            "roe_4q": 7.41,
            "gross_profit": 136195,
            "gross_margin": 43.32,
            "gross_margin_4q_avg": 41.41,
            "net_income": 30071,
            "revenue": 314383,
            "common_shares": 453214,
            "book_valuer_per_share": 36.05,
            "book_valuer_per_share_4q_avg": 33.95,
            "equity": 1633660,
            "current_ratio": 977.28,
            "debt_ratio": 11.79,
            "inventory_turnover_ratio": 1.35,
            "account_receivable_turnover_ratio": 1.49,
            "reinvestment_rate": -19.52,
            "research_to_sale_ratio": 14.83,
            "price_fair": 78.96,
            "eps_avg_yearly": 2.26,
            "eps_latest_yearly": 2.64,
            "eps_growth_yearly": 64.8
        },
        "20151": {
            "year_quarter": 20151,
            "year": 2015,
            "quarter": 1,
            "eps": 0.24,
            "eps_growth_year": -29.41,
            "eps_4q": 2.38,
            "eps_4q_growth_year": 205.89,
            "roe": 0.66,
            "roe_4q": 7.0600000000000005,
            "gross_profit": 97262,
            "gross_margin": 40.04,
            "gross_margin_4q_avg": 41.25,
            "net_income": 10809,
            "revenue": 242925,
            "common_shares": 453214,
            "book_valuer_per_share": 36.01,
            "book_valuer_per_share_4q_avg": 34.54,
            "equity": 1632138,
            "current_ratio": 1035.38,
            "debt_ratio": 11.3,
            "inventory_turnover_ratio": 0.9,
            "account_receivable_turnover_ratio": 1.21,
            "reinvestment_rate": -28.09,
            "research_to_sale_ratio": 15.58,
            "price_fair": 74.84,
            "eps_avg_yearly": 2.14,
            "eps_latest_yearly": 0.96,
            "eps_growth_yearly": 35.77
        },
        "20152": {
            "year_quarter": 20152,
            "year": 2015,
            "quarter": 2,
            "eps": 0.42,
            "eps_growth_year": 10.53,
            "eps_4q": 2.42,
            "eps_4q_growth_year": 67.51,
            "roe": 1.2,
            "roe_4q": 7.1,
            "gross_profit": 107628,
            "gross_margin": 39.36,
            "gross_margin_4q_avg": 40.75,
            "net_income": 18944,
            "revenue": 273451,
            "common_shares": 453708,
            "book_valuer_per_share": 33.58,
            "book_valuer_per_share_4q_avg": 34.89,
            "equity": 1523726,
            "current_ratio": 630.54,
            "debt_ratio": 17.09,
            "inventory_turnover_ratio": 0.84,
            "account_receivable_turnover_ratio": 1.59,
            "reinvestment_rate": -51.56,
            "research_to_sale_ratio": 16.11,
            "price_fair": 73.5,
            "eps_avg_yearly": 2.1,
            "eps_latest_yearly": 1.68,
            "eps_growth_yearly": 57.79
        },
        "20153": {
            "year_quarter": 20153,
            "year": 2015,
            "quarter": 3,
            "eps": 1.49,
            "eps_growth_year": 35.45,
            "eps_4q": 2.81,
            "eps_4q_growth_year": 39.29,
            "roe": 4.21,
            "roe_4q": 7.970000000000001,
            "gross_profit": 151112,
            "gross_margin": 43.53,
            "gross_margin_4q_avg": 41.56,
            "net_income": 67578,
            "revenue": 347116,
            "common_shares": 453827,
            "book_valuer_per_share": 37.14,
            "book_valuer_per_share_4q_avg": 35.7,
            "equity": 1685664,
            "current_ratio": 1003.8,
            "debt_ratio": 11.06,
            "inventory_turnover_ratio": 0.87,
            "account_receivable_turnover_ratio": 1.7,
            "reinvestment_rate": -61.78,
            "research_to_sale_ratio": 11.31,
            "price_fair": 68.13,
            "eps_avg_yearly": 1.95,
            "eps_latest_yearly": 5.96,
            "eps_growth_yearly": 154.08
        },
        "20154": {
            "year_quarter": 20154,
            "year": 2015,
            "quarter": 4,
            "eps": 1.43,
            "eps_growth_year": 115.24,
            "eps_4q": 3.57,
            "eps_4q_growth_year": 44.04,
            "roe": 3.78,
            "roe_4q": 9.85,
            "gross_profit": 166397,
            "gross_margin": 43.49,
            "gross_margin_4q_avg": 41.61,
            "net_income": 64811,
            "revenue": 382626,
            "common_shares": 453827,
            "book_valuer_per_share": 38.5,
            "book_valuer_per_share_4q_avg": 36.31,
            "equity": 1747241,
            "current_ratio": 1153.34,
            "debt_ratio": 9.94,
            "inventory_turnover_ratio": 1.03,
            "account_receivable_turnover_ratio": 1.58,
            "reinvestment_rate": -50.06,
            "research_to_sale_ratio": 12.03,
            "price_fair": 82.95,
            "eps_avg_yearly": 2.37,
            "eps_latest_yearly": 5.72,
            "eps_growth_yearly": 183.34
        },
        "20161": {
            "year_quarter": 20161,
            "year": 2016,
            "quarter": 1,
            "eps": 1.77,
            "eps_growth_year": 637.5,
            "eps_4q": 5.09,
            "eps_4q_growth_year": 113.65,
            "roe": 4.52,
            "roe_4q": 13.709999999999997,
            "gross_profit": 165725,
            "gross_margin": 49.71,
            "gross_margin_4q_avg": 44.02,
            "net_income": 80144,
            "revenue": 333380,
            "common_shares": 454378,
            "book_valuer_per_share": 39.53,
            "book_valuer_per_share_4q_avg": 37.19,
            "equity": 1796312,
            "current_ratio": 1134.28,
            "debt_ratio": 10.06,
            "inventory_turnover_ratio": 0.89,
            "account_receivable_turnover_ratio": 1.44,
            "reinvestment_rate": -36.62,
            "research_to_sale_ratio": 10.86,
            "price_fair": 100.8,
            "eps_avg_yearly": 2.88,
            "eps_latest_yearly": 7.08,
            "eps_growth_yearly": 174.6
        },
        "20162": {
            "year_quarter": 20162,
            "year": 2016,
            "quarter": 2,
            "eps": 2.09,
            "eps_growth_year": 397.62,
            "eps_4q": 6.76,
            "eps_4q_growth_year": 179.18,
            "roe": 5.38,
            "roe_4q": 17.889999999999997,
            "gross_profit": 187515,
            "gross_margin": 49.1,
            "gross_margin_4q_avg": 46.46,
            "net_income": 95149,
            "revenue": 381888,
            "common_shares": 455472,
            "book_valuer_per_share": 38.22,
            "book_valuer_per_share_4q_avg": 38.35,
            "equity": 1740904,
            "current_ratio": 617.96,
            "debt_ratio": 16.87,
            "inventory_turnover_ratio": 1,
            "account_receivable_turnover_ratio": 1.83,
            "reinvestment_rate": -27.3,
            "research_to_sale_ratio": 11.41,
            "price_fair": 122.62,
            "eps_avg_yearly": 3.5,
            "eps_latest_yearly": 8.36,
            "eps_growth_yearly": 183.4
        },
        "20163": {
            "year_quarter": 20163,
            "year": 2016,
            "quarter": 3,
            "eps": 2.09,
            "eps_growth_year": 40.27,
            "eps_4q": 7.35,
            "eps_4q_growth_year": 161.92,
            "roe": 5.41,
            "roe_4q": 19.09,
            "gross_profit": 187715,
            "gross_margin": 50.83,
            "gross_margin_4q_avg": 48.28,
            "net_income": 95432,
            "revenue": 369306,
            "common_shares": 456338,
            "book_valuer_per_share": 39.21,
            "book_valuer_per_share_4q_avg": 38.87,
            "equity": 1789469,
            "current_ratio": 815.58,
            "debt_ratio": 13.18,
            "inventory_turnover_ratio": 0.86,
            "account_receivable_turnover_ratio": 1.69,
            "reinvestment_rate": -20.38,
            "research_to_sale_ratio": 9.62,
            "price_fair": 142.45,
            "eps_avg_yearly": 4.07,
            "eps_latest_yearly": 8.36,
            "eps_growth_yearly": 157.64
        },
        "20164": {
            "year_quarter": 20164,
            "year": 2016,
            "quarter": 4,
            "eps": 0.93,
            "eps_growth_year": -35.16,
            "eps_4q": 6.85,
            "eps_4q_growth_year": 91.83,
            "roe": 2.31,
            "roe_4q": 17.62,
            "gross_profit": 133700,
            "gross_margin": 42.03,
            "gross_margin_4q_avg": 47.92,
            "net_income": 42289,
            "revenue": 318099,
            "common_shares": 456709,
            "book_valuer_per_share": 41.06,
            "book_valuer_per_share_4q_avg": 39.51,
            "equity": 1875374,
            "current_ratio": 1000.88,
            "debt_ratio": 11.14,
            "inventory_turnover_ratio": 0.8,
            "account_receivable_turnover_ratio": 1.47,
            "reinvestment_rate": -14.92,
            "research_to_sale_ratio": 9.19,
            "price_fair": 141.51,
            "eps_avg_yearly": 4.04,
            "eps_latest_yearly": 3.72,
            "eps_growth_yearly": 128.44
        },
        "20171": {
            "year_quarter": 20171,
            "year": 2017,
            "quarter": 1,
            "eps": 0.21,
            "eps_growth_year": -88.14,
            "eps_4q": 5.3,
            "eps_4q_growth_year": 3.97,
            "roe": 0.52,
            "roe_4q": 13.620000000000001,
            "gross_profit": 84543,
            "gross_margin": 40.53,
            "gross_margin_4q_avg": 45.62,
            "net_income": 9473,
            "revenue": 208605,
            "common_shares": 457525,
            "book_valuer_per_share": 38.88,
            "book_valuer_per_share_4q_avg": 39.34,
            "equity": 1779074,
            "current_ratio": 1056.91,
            "debt_ratio": 10.66,
            "inventory_turnover_ratio": 0.47,
            "account_receivable_turnover_ratio": 1.22,
            "reinvestment_rate": -12.96,
            "research_to_sale_ratio": 14.97,
            "price_fair": 133.5,
            "eps_avg_yearly": 3.81,
            "eps_latest_yearly": 0.84,
            "eps_growth_yearly": 97.14
        },
        "20172": {
            "year_quarter": 20172,
            "year": 2017,
            "quarter": 2,
            "eps": 0.06,
            "eps_growth_year": -97.13,
            "eps_4q": 3.28,
            "eps_4q_growth_year": -51.44,
            "roe": 0.17,
            "roe_4q": 8.41,
            "gross_profit": 70915,
            "gross_margin": 35.03,
            "gross_margin_4q_avg": 42.11,
            "net_income": 2927,
            "revenue": 202457,
            "common_shares": 457597,
            "book_valuer_per_share": 34.66,
            "book_valuer_per_share_4q_avg": 38.45,
            "equity": 1585965,
            "current_ratio": 578.19,
            "debt_ratio": 18.01,
            "inventory_turnover_ratio": 0.46,
            "account_receivable_turnover_ratio": 2.02,
            "reinvestment_rate": -11.03,
            "research_to_sale_ratio": 13.69,
            "price_fair": 125.16,
            "eps_avg_yearly": 3.58,
            "eps_latest_yearly": 0.24,
            "eps_growth_yearly": 71.62
        },
        "20173": {
            "year_quarter": 20173,
            "year": 2017,
            "quarter": 3,
            "eps": 0.08,
            "eps_growth_year": -96.17,
            "eps_4q": 1.26,
            "eps_4q_growth_year": -82.8,
            "roe": 0.23,
            "roe_4q": 3.23,
            "gross_profit": 81542,
            "gross_margin": 37.75,
            "gross_margin_4q_avg": 38.84,
            "net_income": 3732,
            "revenue": 215982,
            "common_shares": 461953,
            "book_valuer_per_share": 34.64,
            "book_valuer_per_share_4q_avg": 37.31,
            "equity": 1600161,
            "current_ratio": 2129.31,
            "debt_ratio": 6.44,
            "inventory_turnover_ratio": 0.53,
            "account_receivable_turnover_ratio": 1.82,
            "reinvestment_rate": -9.66,
            "research_to_sale_ratio": 12.56,
            "price_fair": 118.04,
            "eps_avg_yearly": 3.37,
            "eps_latest_yearly": 0.32,
            "eps_growth_yearly": 75.48
        },
        "20174": {
            "year_quarter": 20174,
            "year": 2017,
            "quarter": 4,
            "eps": -1.42,
            "eps_growth_year": -252.9,
            "eps_4q": -1.07,
            "eps_4q_growth_year": -115.56,
            "roe": -4.2,
            "roe_4q": -3.2800000000000002,
            "gross_profit": 77299,
            "gross_margin": 37.21,
            "gross_margin_4q_avg": 37.63,
            "net_income": -65410,
            "revenue": 207734,
            "common_shares": 462005,
            "book_valuer_per_share": 32.85,
            "book_valuer_per_share_4q_avg": 35.26,
            "equity": 1517741,
            "current_ratio": 1639.82,
            "debt_ratio": 10.19,
            "inventory_turnover_ratio": 0.6,
            "account_receivable_turnover_ratio": 1.38,
            "reinvestment_rate": -4.16,
            "research_to_sale_ratio": 12.34,
            "price_fair": 124.04,
            "eps_avg_yearly": 3.54,
            "eps_latest_yearly": 0.32,
            "eps_growth_yearly": 97.11
        },
        "20181": {
            "year_quarter": 20181,
            "year": 2018,
            "quarter": 1,
            "eps": -0.21,
            "eps_growth_year": -200,
            "eps_4q": -1.49,
            "eps_4q_growth_year": -128.05,
            "roe": -0.66,
            "roe_4q": -4.46,
            "gross_profit": 62350,
            "gross_margin": 34.99,
            "gross_margin_4q_avg": 36.25,
            "net_income": -9882,
            "revenue": 178174,
            "common_shares": 462005,
            "book_valuer_per_share": 32.18,
            "book_valuer_per_share_4q_avg": 33.58,
            "equity": 1486665,
            "current_ratio": 1623.59,
            "debt_ratio": 10.31,
            "inventory_turnover_ratio": 0.6,
            "account_receivable_turnover_ratio": 1.32,
            "reinvestment_rate": -3.3,
            "research_to_sale_ratio": 17.24,
            "price_fair": 129.5,
            "eps_avg_yearly": 3.7,
            "eps_latest_yearly": 0.32,
            "eps_growth_yearly": 84.05
        },
        "20182": {
            "year_quarter": 20182,
            "year": 2018,
            "quarter": 2,
            "eps": -0.82,
            "eps_growth_year": -1466.67,
            "eps_4q": -2.37,
            "eps_4q_growth_year": -172.18,
            "roe": -2.54,
            "roe_4q": -7.17,
            "gross_profit": 83676,
            "gross_margin": 34.41,
            "gross_margin_4q_avg": 36.09,
            "net_income": -38070,
            "revenue": 243175,
            "common_shares": 462956,
            "book_valuer_per_share": 32.55,
            "book_valuer_per_share_4q_avg": 33.06,
            "equity": 1507056,
            "current_ratio": 1132.89,
            "debt_ratio": 12.62,
            "inventory_turnover_ratio": 0.96,
            "account_receivable_turnover_ratio": 1.62,
            "reinvestment_rate": -1.9,
            "research_to_sale_ratio": 11.26,
            "price_fair": 135.37,
            "eps_avg_yearly": 3.87,
            "eps_latest_yearly": 0.32,
            "eps_growth_yearly": 86.9
        }
    },
    "months": {
        "2011-08": {
            "month": "2011-08",
            "price": "133.00",
            "revenue": 126003
        },
        "2011-09": {
            "month": "2011-09",
            "price": "136.71",
            "revenue": 76852
        },
        "2011-10": {
            "month": "2011-10",
            "price": "99.91",
            "revenue": 42405
        },
        "2011-11": {
            "month": "2011-11",
            "price": "83.35",
            "revenue": 52982
        },
        "2011-12": {
            "month": "2011-12",
            "price": "60.39",
            "revenue": 60428
        },
        "2012-01": {
            "month": "2012-01",
            "price": "64.76",
            "revenue": 61001
        },
        "2012-02": {
            "month": "2012-02",
            "price": "89.60",
            "revenue": 58045
        },
        "2012-03": {
            "month": "2012-03",
            "price": "84.81",
            "revenue": 90526
        },
        "2012-04": {
            "month": "2012-04",
            "price": "78.63",
            "revenue": 56284
        },
        "2012-05": {
            "month": "2012-05",
            "price": "60.07",
            "revenue": 67547
        },
        "2012-06": {
            "month": "2012-06",
            "price": "54.49",
            "revenue": 88314
        },
        "2012-07": {
            "month": "2012-07",
            "price": "55.06",
            "revenue": 65164
        },
        "2012-08": {
            "month": "2012-08",
            "price": "52.20",
            "revenue": 76025
        },
        "2012-09": {
            "month": "2012-09",
            "price": "48.48",
            "revenue": 92222
        },
        "2012-10": {
            "month": "2012-10",
            "price": "41.79",
            "revenue": 39639
        },
        "2012-11": {
            "month": "2012-11",
            "price": "30.71",
            "revenue": 72972
        },
        "2012-12": {
            "month": "2012-12",
            "price": "32.41",
            "revenue": 47078
        },
        "2013-01": {
            "month": "2013-01",
            "price": "35.22",
            "revenue": 62904
        },
        "2013-02": {
            "month": "2013-02",
            "price": "33.03",
            "revenue": 66340
        },
        "2013-03": {
            "month": "2013-03",
            "price": "34.72",
            "revenue": 69880
        },
        "2013-04": {
            "month": "2013-04",
            "price": "33.39",
            "revenue": 41856
        },
        "2013-05": {
            "month": "2013-05",
            "price": "32.58",
            "revenue": 91692
        },
        "2013-06": {
            "month": "2013-06",
            "price": "38.99",
            "revenue": 92090
        },
        "2013-07": {
            "month": "2013-07",
            "price": "38.82",
            "revenue": 97226
        },
        "2013-08": {
            "month": "2013-08",
            "price": "46.06",
            "revenue": 98460
        },
        "2013-09": {
            "month": "2013-09",
            "price": "48.10",
            "revenue": 111922
        },
        "2013-10": {
            "month": "2013-10",
            "price": "46.98",
            "revenue": 62558
        },
        "2013-11": {
            "month": "2013-11",
            "price": "38.73",
            "revenue": 95973
        },
        "2013-12": {
            "month": "2013-12",
            "price": "42.04",
            "revenue": 98723
        },
        "2014-01": {
            "month": "2014-01",
            "price": "45.55",
            "revenue": 89365
        },
        "2014-02": {
            "month": "2014-02",
            "price": "43.37",
            "revenue": 53949
        },
        "2014-03": {
            "month": "2014-03",
            "price": "48.21",
            "revenue": 115866
        },
        "2014-04": {
            "month": "2014-04",
            "price": "47.13",
            "revenue": 91056
        },
        "2014-05": {
            "month": "2014-05",
            "price": "40.56",
            "revenue": 100132
        },
        "2014-06": {
            "month": "2014-06",
            "price": "43.06",
            "revenue": 71767
        },
        "2014-07": {
            "month": "2014-07",
            "price": "40.21",
            "revenue": 79294
        },
        "2014-08": {
            "month": "2014-08",
            "price": "34.95",
            "revenue": 105634
        },
        "2014-09": {
            "month": "2014-09",
            "price": "33.71",
            "revenue": 94700
        },
        "2014-10": {
            "month": "2014-10",
            "price": "28.69",
            "revenue": 101588
        },
        "2014-11": {
            "month": "2014-11",
            "price": "35.95",
            "revenue": 112469
        },
        "2014-12": {
            "month": "2014-12",
            "price": "43.68",
            "revenue": 100327
        },
        "2015-01": {
            "month": "2015-01",
            "price": "40.02",
            "revenue": 99506
        },
        "2015-02": {
            "month": "2015-02",
            "price": "37.20",
            "revenue": 65884
        },
        "2015-03": {
            "month": "2015-03",
            "price": "40.41",
            "revenue": 77535
        },
        "2015-04": {
            "month": "2015-04",
            "price": "36.94",
            "revenue": 76712
        },
        "2015-05": {
            "month": "2015-05",
            "price": "33.71",
            "revenue": 90138
        },
        "2015-06": {
            "month": "2015-06",
            "price": "33.71",
            "revenue": 106602
        },
        "2015-07": {
            "month": "2015-07",
            "price": "35.09",
            "revenue": 96106
        },
        "2015-08": {
            "month": "2015-08",
            "price": "28.91",
            "revenue": 110106
        },
        "2015-09": {
            "month": "2015-09",
            "price": "28.74",
            "revenue": 140903
        },
        "2015-10": {
            "month": "2015-10",
            "price": "34.69",
            "revenue": 122475
        },
        "2015-11": {
            "month": "2015-11",
            "price": "39.23",
            "revenue": 135379
        },
        "2015-12": {
            "month": "2015-12",
            "price": "43.13",
            "revenue": 124773
        },
        "2016-01": {
            "month": "2016-01",
            "price": "41.87",
            "revenue": 123296
        },
        "2016-02": {
            "month": "2016-02",
            "price": "45.27",
            "revenue": 80309
        },
        "2016-03": {
            "month": "2016-03",
            "price": "55.38",
            "revenue": 129775
        },
        "2016-04": {
            "month": "2016-04",
            "price": "52.29",
            "revenue": 123647
        },
        "2016-05": {
            "month": "2016-05",
            "price": "56.34",
            "revenue": 146013
        },
        "2016-06": {
            "month": "2016-06",
            "price": "75.29",
            "revenue": 112228
        },
        "2016-07": {
            "month": "2016-07",
            "price": "71.52",
            "revenue": 134979
        },
        "2016-08": {
            "month": "2016-08",
            "price": "78.09",
            "revenue": 123710
        },
        "2016-09": {
            "month": "2016-09",
            "price": "70.55",
            "revenue": 110617
        },
        "2016-10": {
            "month": "2016-10",
            "price": "62.50",
            "revenue": 98928
        },
        "2016-11": {
            "month": "2016-11",
            "price": "56.95",
            "revenue": 95837
        },
        "2016-12": {
            "month": "2016-12",
            "price": "60.40",
            "revenue": 123334
        },
        "2017-01": {
            "month": "2017-01",
            "price": "66.14",
            "revenue": 64776
        },
        "2017-02": {
            "month": "2017-02",
            "price": "63.01",
            "revenue": 93622
        },
        "2017-03": {
            "month": "2017-03",
            "price": "61.08",
            "revenue": 50207
        },
        "2017-04": {
            "month": "2017-04",
            "price": "49.05",
            "revenue": 105622
        },
        "2017-05": {
            "month": "2017-05",
            "price": "48.34",
            "revenue": 37748
        },
        "2017-06": {
            "month": "2017-06",
            "price": "46.87",
            "revenue": 59086
        },
        "2017-07": {
            "month": "2017-07",
            "price": "44.42",
            "revenue": 59438
        },
        "2017-08": {
            "month": "2017-08",
            "price": "39.06",
            "revenue": 61356
        },
        "2017-09": {
            "month": "2017-09",
            "price": "32.34",
            "revenue": 95188
        },
        "2017-10": {
            "month": "2017-10",
            "price": "33.02",
            "revenue": 53949
        },
        "2017-11": {
            "month": "2017-11",
            "price": "35.75",
            "revenue": 91624
        },
        "2017-12": {
            "month": "2017-12",
            "price": "37.48",
            "revenue": 62161
        },
        "2018-01": {
            "month": "2018-01",
            "price": "36.89",
            "revenue": 62206
        },
        "2018-02": {
            "month": "2018-02",
            "price": "32.33",
            "revenue": 64573
        },
        "2018-03": {
            "month": "2018-03",
            "price": "35.47",
            "revenue": 51395
        },
        "2018-04": {
            "month": "2018-04",
            "price": "49.45",
            "revenue": 63483
        },
        "2018-05": {
            "month": "2018-05",
            "price": "50.30",
            "revenue": 88271
        },
        "2018-06": {
            "month": "2018-06",
            "price": "51.28",
            "revenue": 91421
        },
        "2018-07": {
            "month": "2018-07",
            "price": "53.35",
            "revenue": 95250
        }
    }
}
