{
    "summary": {
        "stock_name": "科誠",
        "stock_id": "4987",
        "category": "電腦及週邊設備",
        "main_business": "條碼標籤印製機之研發,製造及銷售。",
        "website_url": "http://www.godexintl.com",
        "ceo": "姚啟正",
        "pe_ratio": 12,
        "report_year_from": 2009,
        "report_year_to": 2023,
        "age": 14,
        "eps_negative_percentage": 0,
        "eps_growth_avg": {
            "last_all": 9.29,
            "last_2y": 12.07,
            "last_4y": 6.3,
            "last_8y": 2.83,
            "last_12y": null,
            "last_16y": null,
            "last_20y": null,
            "at_2006_last_3y": null,
            "at_2007_last_3y": null,
            "at_2008_last_3y": null,
            "at_2009_last_3y": null,
            "at_2010_last_3y": null,
            "at_2011_last_3y": null,
            "at_2012_last_3y": null,
            "at_2013_last_3y": null,
            "at_2014_last_3y": null,
            "at_2015_last_3y": 22.12,
            "at_2016_last_3y": 1.75,
            "at_2017_last_3y": -1.51,
            "at_2018_last_3y": -4.19,
            "at_2019_last_3y": -5.64,
            "at_2020_last_3y": -1.46,
            "at_2021_last_3y": 1.12,
            "at_2022_last_3y": 5.48,
            "at_2023_last_3y": 5.48,
            "at_2006_last_all": null,
            "at_2007_last_all": null,
            "at_2008_last_all": null,
            "at_2009_last_all": null,
            "at_2010_last_all": null,
            "at_2011_last_all": null,
            "at_2012_last_all": null,
            "at_2013_last_all": 38.33,
            "at_2014_last_all": 32.33,
            "at_2015_last_all": 22.12,
            "at_2016_last_all": 10.02,
            "at_2017_last_all": 11.77,
            "at_2018_last_all": 11.46,
            "at_2019_last_all": 8.24,
            "at_2020_last_all": 4.92,
            "at_2021_last_all": 7.51,
            "at_2022_last_all": 9.29,
            "at_2023_last_all": 9.29
        },
        "latest_eps": 5.34,
        "latest_price": 63.7,
        "latest_roe": 16.88,
        "latest_gross_margin": 41.98,
        "latest_equity": 983339,
        "latest_revenue": 270354,
        "latest_gross_profit": 113488,
        "latest_net_income": 33679,
        "latest_debt_ratio": 33.79,
        "latest_current_ratio": 235.78,
        "latest_account_receivable_turnover_ratio": 1.59,
        "latest_inventory_turnover_ratio": 0.3,
        "latest_reinvestment_rate": 10.08,
        "latest_research_to_sale_ratio": 3.36
    },
    "eps_dividends": {
        "2001": {
            "cash": 0,
            "stock": 0,
            "eps": 0
        },
        "2002": {
            "cash": 0,
            "stock": 0,
            "eps": 0
        },
        "2003": {
            "cash": 0,
            "stock": 0,
            "eps": 0
        },
        "2004": {
            "cash": 0,
            "stock": 0,
            "eps": 0
        },
        "2005": {
            "cash": 0,
            "stock": 0,
            "eps": 0
        },
        "2006": {
            "cash": 0,
            "stock": 0,
            "eps": 0
        },
        "2007": {
            "cash": 0,
            "stock": 0,
            "eps": 0
        },
        "2008": {
            "cash": 0,
            "stock": 0,
            "eps": 0
        },
        "2009": {
            "cash": 0,
            "stock": 0,
            "eps": 0
        },
        "2010": {
            "cash": 0,
            "stock": 0,
            "eps": 0
        },
        "2011": {
            "cash": 2,
            "stock": 0,
            "eps": 3.27
        },
        "2012": {
            "cash": 2.3,
            "stock": 0,
            "eps": 4.68
        },
        "2013": {
            "cash": 2.5,
            "stock": 0,
            "eps": 6.25
        },
        "2014": {
            "cash": 4,
            "stock": 0,
            "eps": 7.52
        },
        "2015": {
            "cash": 5,
            "stock": 0.5,
            "eps": 6.88
        },
        "2016": {
            "cash": 5,
            "stock": 0,
            "eps": 4.24
        },
        "2017": {
            "cash": 3.5,
            "stock": 0,
            "eps": 5.11
        },
        "2018": {
            "cash": 4.7,
            "stock": 0,
            "eps": 5.6
        },
        "2019": {
            "cash": 5.12,
            "stock": 0,
            "eps": 4.8
        },
        "2020": {
            "cash": 3.2,
            "stock": 0,
            "eps": 3.76
        },
        "2021": {
            "cash": 2,
            "stock": 1.5,
            "eps": 4.92
        },
        "2022": {
            "cash": 3,
            "stock": 1,
            "eps": 6.25
        },
        "2023": {
            "cash": 4.5,
            "stock": 0,
            "eps": 1.06
        }
    },
    "dividends": {
        "2011-03-31": {
            "cash": 2,
            "stock": 0
        },
        "2012-06-28": {
            "cash": 2.3,
            "stock": 0
        },
        "2013-06-20": {
            "cash": 2.5,
            "stock": 0
        },
        "2014-09-05": {
            "cash": 4,
            "stock": 0
        },
        "2015-08-26": {
            "cash": 5,
            "stock": 0.5
        },
        "2016-09-14": {
            "cash": 5,
            "stock": 0
        },
        "2017-08-30": {
            "cash": 3.5,
            "stock": 0
        },
        "2018-08-09": {
            "cash": 4.7,
            "stock": 0
        },
        "2019-09-18": {
            "cash": 5.12,
            "stock": 0
        },
        "2020-07-24": {
            "cash": 3.2,
            "stock": 0
        },
        "2021-10-14": {
            "cash": 2,
            "stock": 1.5
        },
        "2022-08-29": {
            "cash": 3,
            "stock": 1
        },
        "2023-03-16": {
            "cash": 4.5,
            "stock": 0
        }
    },
    "prices": {
        "200101": "無",
        "200102": "無",
        "200103": "無",
        "200104": "無",
        "200105": "無",
        "200106": "無",
        "200107": "無",
        "200108": "無",
        "200109": "無",
        "200110": "無",
        "200111": "無",
        "200112": "無",
        "200201": "無",
        "200202": "無",
        "200203": "無",
        "200204": "無",
        "200205": "無",
        "200206": "無",
        "200207": "無",
        "200208": "無",
        "200209": "無",
        "200210": "無",
        "200211": "無",
        "200212": "無",
        "200301": "無",
        "200302": "無",
        "200303": "無",
        "200304": "無",
        "200305": "無",
        "200306": "無",
        "200307": "無",
        "200308": "無",
        "200309": "無",
        "200310": "無",
        "200311": "無",
        "200312": "無",
        "200401": "無",
        "200402": "無",
        "200403": "無",
        "200404": "無",
        "200405": "無",
        "200406": "無",
        "200407": "無",
        "200408": "無",
        "200409": "無",
        "200410": "無",
        "200411": "無",
        "200412": "無",
        "200501": "無",
        "200502": "無",
        "200503": "無",
        "200504": "無",
        "200505": "無",
        "200506": "無",
        "200507": "無",
        "200508": "無",
        "200509": "無",
        "200510": "無",
        "200511": "無",
        "200512": "無",
        "200601": "無",
        "200602": "無",
        "200603": "無",
        "200604": "無",
        "200605": "無",
        "200606": "無",
        "200607": "無",
        "200608": "無",
        "200609": "無",
        "200610": "無",
        "200611": "無",
        "200612": "無",
        "200701": "無",
        "200702": "無",
        "200703": "無",
        "200704": "無",
        "200705": "無",
        "200706": "無",
        "200707": "無",
        "200708": "無",
        "200709": "無",
        "200710": "無",
        "200711": "無",
        "200712": "無",
        "200801": "無",
        "200802": "無",
        "200803": "無",
        "200804": "無",
        "200805": "無",
        "200806": "無",
        "200807": "無",
        "200808": "無",
        "200809": "無",
        "200810": "無",
        "200811": "無",
        "200812": "無",
        "200901": "無",
        "200902": "無",
        "200903": "無",
        "200904": "無",
        "200905": "無",
        "200906": "無",
        "200907": "無",
        "200908": "無",
        "200909": "無",
        "200910": "無",
        "200911": "無",
        "200912": "無",
        "201001": "無",
        "201002": "無",
        "201003": "無",
        "201004": "無",
        "201005": "無",
        "201006": "無",
        "201007": "無",
        "201008": "無",
        "201009": "無",
        "201010": "無",
        "201011": "42.39",
        "201012": "39.82",
        "201101": "37.96",
        "201102": "36.51",
        "201103": "37.90",
        "201104": "36.17",
        "201105": "36.74",
        "201106": "36.29",
        "201107": "36.90",
        "201108": "36.90",
        "201109": "36.50",
        "201110": "36.00",
        "201111": "37.19",
        "201112": "33.81",
        "201201": "32.94",
        "201202": "38.01",
        "201203": "47.82",
        "201204": "41.44",
        "201205": "42.60",
        "201206": "40.35",
        "201207": "41.52",
        "201208": "43.58",
        "201209": "40.78",
        "201210": "37.27",
        "201211": "37.26",
        "201212": "38.89",
        "201301": "39.15",
        "201302": "42.26",
        "201303": "48.20",
        "201304": "45.50",
        "201305": "42.47",
        "201306": "42.49",
        "201307": "44.73",
        "201308": "52.82",
        "201309": "58.24",
        "201310": "60.52",
        "201311": "67.98",
        "201312": "85.10",
        "201401": "89.51",
        "201402": "94.09",
        "201403": "115.43",
        "201404": "115.19",
        "201405": "110.95",
        "201406": "111.70",
        "201407": "114.55",
        "201408": "106.55",
        "201409": "96.42",
        "201410": "90.50",
        "201411": "88.48",
        "201412": "89.23",
        "201501": "96.40",
        "201502": "94.69",
        "201503": "89.80",
        "201504": "92.56",
        "201505": "87.44",
        "201506": "85.52",
        "201507": "80.84",
        "201508": "66.90",
        "201509": "67.44",
        "201510": "69.80",
        "201511": "82.71",
        "201512": "73.16",
        "201601": "63.92",
        "201602": "68.85",
        "201603": "68.78",
        "201604": "63.36",
        "201605": "57.69",
        "201606": "56.97",
        "201607": "58.26",
        "201608": "56.04",
        "201609": "49.03",
        "201610": "46.41",
        "201611": "44.97",
        "201612": "46.40",
        "201701": "46.98",
        "201702": "50.32",
        "201703": "50.95",
        "201704": "53.72",
        "201705": "51.76",
        "201706": "51.66",
        "201707": "53.40",
        "201708": "60.00",
        "201709": "67.16",
        "201710": "67.81",
        "201711": "66.75",
        "201712": "62.84",
        "201801": "61.82",
        "201802": "61.87",
        "201803": "62.39",
        "201804": "61.46",
        "201805": "60.26",
        "201806": "63.06",
        "201807": "60.88",
        "201808": "61.72",
        "201809": "60.93",
        "201810": "56.14",
        "201811": "53.55",
        "201812": "55.01",
        "201901": "55.55",
        "201902": "57.39",
        "201903": "58.24",
        "201904": "61.84",
        "201905": "62.55",
        "201906": "63.42",
        "201907": "64.58",
        "201908": "63.47",
        "201909": "58.07",
        "201910": "57.61",
        "201911": "59.23",
        "201912": "59.82",
        "202001": "60.11",
        "202002": "58.62",
        "202003": "52.54",
        "202004": "49.57",
        "202005": "49.16",
        "202006": "50.15",
        "202007": "48.00",
        "202008": "47.56",
        "202009": "47.82",
        "202010": "47.11",
        "202011": "48.11",
        "202012": "49.22",
        "202101": "49.19",
        "202102": "49.57",
        "202103": "52.87",
        "202104": "57.28",
        "202105": "55.76",
        "202106": "55.73",
        "202107": "57.46",
        "202108": "57.95",
        "202109": "57.44",
        "202110": "50.76",
        "202111": "51.82",
        "202112": "52.14",
        "202201": "52.63",
        "202202": "54.40",
        "202203": "55.87",
        "202204": "59.85",
        "202205": "59.68",
        "202206": "60.71",
        "202207": "58.56",
        "202208": "56.34",
        "202209": "55.58",
        "202210": "54.41",
        "202211": "56.14",
        "202212": "57.76",
        "202301": "58.21",
        "202302": "58.63",
        "202303": "60.13",
        "202304": "60.94",
        "202305": "62.48",
        "202306": "63.33"
    },
    "quarters": {
        "20011": {
            "year_quarter": 20011,
            "year": 2001,
            "quarter": 1,
            "eps": null,
            "eps_growth_year": null,
            "eps_4q": null,
            "eps_4q_growth_year": null,
            "roe": null,
            "roe_4q": 0,
            "gross_profit": null,
            "gross_margin": null,
            "gross_margin_4q_avg": 0,
            "net_income": null,
            "revenue": null,
            "common_shares": null,
            "book_valuer_per_share": null,
            "book_valuer_per_share_4q_avg": 0,
            "equity": null,
            "current_ratio": null,
            "debt_ratio": null,
            "inventory_turnover_ratio": null,
            "account_receivable_turnover_ratio": null,
            "reinvestment_rate": null,
            "research_to_sale_ratio": null,
            "price_fair": 0,
            "eps_avg_yearly": 0,
            "eps_latest_yearly": 0,
            "eps_growth_yearly": 0
        },
        "20012": {
            "year_quarter": 20012,
            "year": 2001,
            "quarter": 2,
            "eps": null,
            "eps_growth_year": null,
            "eps_4q": null,
            "eps_4q_growth_year": null,
            "roe": null,
            "roe_4q": 0,
            "gross_profit": null,
            "gross_margin": null,
            "gross_margin_4q_avg": 0,
            "net_income": null,
            "revenue": null,
            "common_shares": null,
            "book_valuer_per_share": null,
            "book_valuer_per_share_4q_avg": 0,
            "equity": null,
            "current_ratio": null,
            "debt_ratio": null,
            "inventory_turnover_ratio": null,
            "account_receivable_turnover_ratio": null,
            "reinvestment_rate": null,
            "research_to_sale_ratio": null,
            "price_fair": 0,
            "eps_avg_yearly": 0,
            "eps_latest_yearly": 0,
            "eps_growth_yearly": 0
        },
        "20013": {
            "year_quarter": 20013,
            "year": 2001,
            "quarter": 3,
            "eps": null,
            "eps_growth_year": null,
            "eps_4q": null,
            "eps_4q_growth_year": null,
            "roe": null,
            "roe_4q": 0,
            "gross_profit": null,
            "gross_margin": null,
            "gross_margin_4q_avg": 0,
            "net_income": null,
            "revenue": null,
            "common_shares": null,
            "book_valuer_per_share": null,
            "book_valuer_per_share_4q_avg": 0,
            "equity": null,
            "current_ratio": null,
            "debt_ratio": null,
            "inventory_turnover_ratio": null,
            "account_receivable_turnover_ratio": null,
            "reinvestment_rate": null,
            "research_to_sale_ratio": null,
            "price_fair": 0,
            "eps_avg_yearly": 0,
            "eps_latest_yearly": 0,
            "eps_growth_yearly": 0
        },
        "20014": {
            "year_quarter": 20014,
            "year": 2001,
            "quarter": 4,
            "eps": null,
            "eps_growth_year": null,
            "eps_4q": null,
            "eps_4q_growth_year": null,
            "roe": null,
            "roe_4q": 0,
            "gross_profit": null,
            "gross_margin": null,
            "gross_margin_4q_avg": 0,
            "net_income": null,
            "revenue": null,
            "common_shares": null,
            "book_valuer_per_share": null,
            "book_valuer_per_share_4q_avg": 0,
            "equity": null,
            "current_ratio": null,
            "debt_ratio": null,
            "inventory_turnover_ratio": null,
            "account_receivable_turnover_ratio": null,
            "reinvestment_rate": null,
            "research_to_sale_ratio": null,
            "price_fair": 0,
            "eps_avg_yearly": 0,
            "eps_latest_yearly": 0,
            "eps_growth_yearly": 0
        },
        "20021": {
            "year_quarter": 20021,
            "year": 2002,
            "quarter": 1,
            "eps": null,
            "eps_growth_year": null,
            "eps_4q": null,
            "eps_4q_growth_year": null,
            "roe": null,
            "roe_4q": 0,
            "gross_profit": null,
            "gross_margin": null,
            "gross_margin_4q_avg": 0,
            "net_income": null,
            "revenue": null,
            "common_shares": null,
            "book_valuer_per_share": null,
            "book_valuer_per_share_4q_avg": 0,
            "equity": null,
            "current_ratio": null,
            "debt_ratio": null,
            "inventory_turnover_ratio": null,
            "account_receivable_turnover_ratio": null,
            "reinvestment_rate": null,
            "research_to_sale_ratio": null,
            "price_fair": 0,
            "eps_avg_yearly": 0,
            "eps_latest_yearly": 0,
            "eps_growth_yearly": 0
        },
        "20022": {
            "year_quarter": 20022,
            "year": 2002,
            "quarter": 2,
            "eps": null,
            "eps_growth_year": null,
            "eps_4q": null,
            "eps_4q_growth_year": null,
            "roe": null,
            "roe_4q": 0,
            "gross_profit": null,
            "gross_margin": null,
            "gross_margin_4q_avg": 0,
            "net_income": null,
            "revenue": null,
            "common_shares": null,
            "book_valuer_per_share": null,
            "book_valuer_per_share_4q_avg": 0,
            "equity": null,
            "current_ratio": null,
            "debt_ratio": null,
            "inventory_turnover_ratio": null,
            "account_receivable_turnover_ratio": null,
            "reinvestment_rate": null,
            "research_to_sale_ratio": null,
            "price_fair": 0,
            "eps_avg_yearly": 0,
            "eps_latest_yearly": 0,
            "eps_growth_yearly": 0
        },
        "20023": {
            "year_quarter": 20023,
            "year": 2002,
            "quarter": 3,
            "eps": null,
            "eps_growth_year": null,
            "eps_4q": null,
            "eps_4q_growth_year": null,
            "roe": null,
            "roe_4q": 0,
            "gross_profit": null,
            "gross_margin": null,
            "gross_margin_4q_avg": 0,
            "net_income": null,
            "revenue": null,
            "common_shares": null,
            "book_valuer_per_share": null,
            "book_valuer_per_share_4q_avg": 0,
            "equity": null,
            "current_ratio": null,
            "debt_ratio": null,
            "inventory_turnover_ratio": null,
            "account_receivable_turnover_ratio": null,
            "reinvestment_rate": null,
            "research_to_sale_ratio": null,
            "price_fair": 0,
            "eps_avg_yearly": 0,
            "eps_latest_yearly": 0,
            "eps_growth_yearly": 0
        },
        "20024": {
            "year_quarter": 20024,
            "year": 2002,
            "quarter": 4,
            "eps": null,
            "eps_growth_year": null,
            "eps_4q": null,
            "eps_4q_growth_year": null,
            "roe": null,
            "roe_4q": 0,
            "gross_profit": null,
            "gross_margin": null,
            "gross_margin_4q_avg": 0,
            "net_income": null,
            "revenue": null,
            "common_shares": null,
            "book_valuer_per_share": null,
            "book_valuer_per_share_4q_avg": 0,
            "equity": null,
            "current_ratio": null,
            "debt_ratio": null,
            "inventory_turnover_ratio": null,
            "account_receivable_turnover_ratio": null,
            "reinvestment_rate": null,
            "research_to_sale_ratio": null,
            "price_fair": 0,
            "eps_avg_yearly": 0,
            "eps_latest_yearly": 0,
            "eps_growth_yearly": 0
        },
        "20031": {
            "year_quarter": 20031,
            "year": 2003,
            "quarter": 1,
            "eps": null,
            "eps_growth_year": null,
            "eps_4q": null,
            "eps_4q_growth_year": null,
            "roe": null,
            "roe_4q": 0,
            "gross_profit": null,
            "gross_margin": null,
            "gross_margin_4q_avg": 0,
            "net_income": null,
            "revenue": null,
            "common_shares": null,
            "book_valuer_per_share": null,
            "book_valuer_per_share_4q_avg": 0,
            "equity": null,
            "current_ratio": null,
            "debt_ratio": null,
            "inventory_turnover_ratio": null,
            "account_receivable_turnover_ratio": null,
            "reinvestment_rate": null,
            "research_to_sale_ratio": null,
            "price_fair": 0,
            "eps_avg_yearly": 0,
            "eps_latest_yearly": 0,
            "eps_growth_yearly": 0
        },
        "20032": {
            "year_quarter": 20032,
            "year": 2003,
            "quarter": 2,
            "eps": null,
            "eps_growth_year": null,
            "eps_4q": null,
            "eps_4q_growth_year": null,
            "roe": null,
            "roe_4q": 0,
            "gross_profit": null,
            "gross_margin": null,
            "gross_margin_4q_avg": 0,
            "net_income": null,
            "revenue": null,
            "common_shares": null,
            "book_valuer_per_share": null,
            "book_valuer_per_share_4q_avg": 0,
            "equity": null,
            "current_ratio": null,
            "debt_ratio": null,
            "inventory_turnover_ratio": null,
            "account_receivable_turnover_ratio": null,
            "reinvestment_rate": null,
            "research_to_sale_ratio": null,
            "price_fair": 0,
            "eps_avg_yearly": 0,
            "eps_latest_yearly": 0,
            "eps_growth_yearly": 0
        },
        "20033": {
            "year_quarter": 20033,
            "year": 2003,
            "quarter": 3,
            "eps": null,
            "eps_growth_year": null,
            "eps_4q": null,
            "eps_4q_growth_year": null,
            "roe": null,
            "roe_4q": 0,
            "gross_profit": null,
            "gross_margin": null,
            "gross_margin_4q_avg": 0,
            "net_income": null,
            "revenue": null,
            "common_shares": null,
            "book_valuer_per_share": null,
            "book_valuer_per_share_4q_avg": 0,
            "equity": null,
            "current_ratio": null,
            "debt_ratio": null,
            "inventory_turnover_ratio": null,
            "account_receivable_turnover_ratio": null,
            "reinvestment_rate": null,
            "research_to_sale_ratio": null,
            "price_fair": 0,
            "eps_avg_yearly": 0,
            "eps_latest_yearly": 0,
            "eps_growth_yearly": 0
        },
        "20034": {
            "year_quarter": 20034,
            "year": 2003,
            "quarter": 4,
            "eps": null,
            "eps_growth_year": null,
            "eps_4q": null,
            "eps_4q_growth_year": null,
            "roe": null,
            "roe_4q": 0,
            "gross_profit": null,
            "gross_margin": null,
            "gross_margin_4q_avg": 0,
            "net_income": null,
            "revenue": null,
            "common_shares": null,
            "book_valuer_per_share": null,
            "book_valuer_per_share_4q_avg": 0,
            "equity": null,
            "current_ratio": null,
            "debt_ratio": null,
            "inventory_turnover_ratio": null,
            "account_receivable_turnover_ratio": null,
            "reinvestment_rate": null,
            "research_to_sale_ratio": null,
            "price_fair": 0,
            "eps_avg_yearly": 0,
            "eps_latest_yearly": 0,
            "eps_growth_yearly": 0
        },
        "20041": {
            "year_quarter": 20041,
            "year": 2004,
            "quarter": 1,
            "eps": null,
            "eps_growth_year": null,
            "eps_4q": null,
            "eps_4q_growth_year": null,
            "roe": null,
            "roe_4q": 0,
            "gross_profit": null,
            "gross_margin": null,
            "gross_margin_4q_avg": 0,
            "net_income": null,
            "revenue": null,
            "common_shares": null,
            "book_valuer_per_share": null,
            "book_valuer_per_share_4q_avg": 0,
            "equity": null,
            "current_ratio": null,
            "debt_ratio": null,
            "inventory_turnover_ratio": null,
            "account_receivable_turnover_ratio": null,
            "reinvestment_rate": null,
            "research_to_sale_ratio": null,
            "price_fair": 0,
            "eps_avg_yearly": 0,
            "eps_latest_yearly": 0,
            "eps_growth_yearly": 0
        },
        "20042": {
            "year_quarter": 20042,
            "year": 2004,
            "quarter": 2,
            "eps": null,
            "eps_growth_year": null,
            "eps_4q": null,
            "eps_4q_growth_year": null,
            "roe": null,
            "roe_4q": 0,
            "gross_profit": null,
            "gross_margin": null,
            "gross_margin_4q_avg": 0,
            "net_income": null,
            "revenue": null,
            "common_shares": null,
            "book_valuer_per_share": null,
            "book_valuer_per_share_4q_avg": 0,
            "equity": null,
            "current_ratio": null,
            "debt_ratio": null,
            "inventory_turnover_ratio": null,
            "account_receivable_turnover_ratio": null,
            "reinvestment_rate": null,
            "research_to_sale_ratio": null,
            "price_fair": 0,
            "eps_avg_yearly": 0,
            "eps_latest_yearly": 0,
            "eps_growth_yearly": 0
        },
        "20043": {
            "year_quarter": 20043,
            "year": 2004,
            "quarter": 3,
            "eps": null,
            "eps_growth_year": null,
            "eps_4q": null,
            "eps_4q_growth_year": null,
            "roe": null,
            "roe_4q": 0,
            "gross_profit": null,
            "gross_margin": null,
            "gross_margin_4q_avg": 0,
            "net_income": null,
            "revenue": null,
            "common_shares": null,
            "book_valuer_per_share": null,
            "book_valuer_per_share_4q_avg": 0,
            "equity": null,
            "current_ratio": null,
            "debt_ratio": null,
            "inventory_turnover_ratio": null,
            "account_receivable_turnover_ratio": null,
            "reinvestment_rate": null,
            "research_to_sale_ratio": null,
            "price_fair": 0,
            "eps_avg_yearly": 0,
            "eps_latest_yearly": 0,
            "eps_growth_yearly": 0
        },
        "20044": {
            "year_quarter": 20044,
            "year": 2004,
            "quarter": 4,
            "eps": null,
            "eps_growth_year": null,
            "eps_4q": null,
            "eps_4q_growth_year": null,
            "roe": null,
            "roe_4q": 0,
            "gross_profit": null,
            "gross_margin": null,
            "gross_margin_4q_avg": 0,
            "net_income": null,
            "revenue": null,
            "common_shares": null,
            "book_valuer_per_share": null,
            "book_valuer_per_share_4q_avg": 0,
            "equity": null,
            "current_ratio": null,
            "debt_ratio": null,
            "inventory_turnover_ratio": null,
            "account_receivable_turnover_ratio": null,
            "reinvestment_rate": null,
            "research_to_sale_ratio": null,
            "price_fair": 0,
            "eps_avg_yearly": 0,
            "eps_latest_yearly": 0,
            "eps_growth_yearly": 0
        },
        "20051": {
            "year_quarter": 20051,
            "year": 2005,
            "quarter": 1,
            "eps": null,
            "eps_growth_year": null,
            "eps_4q": null,
            "eps_4q_growth_year": null,
            "roe": null,
            "roe_4q": 0,
            "gross_profit": null,
            "gross_margin": null,
            "gross_margin_4q_avg": 0,
            "net_income": null,
            "revenue": null,
            "common_shares": null,
            "book_valuer_per_share": null,
            "book_valuer_per_share_4q_avg": 0,
            "equity": null,
            "current_ratio": null,
            "debt_ratio": null,
            "inventory_turnover_ratio": null,
            "account_receivable_turnover_ratio": null,
            "reinvestment_rate": null,
            "research_to_sale_ratio": null,
            "price_fair": 0,
            "eps_avg_yearly": 0,
            "eps_latest_yearly": 0,
            "eps_growth_yearly": 0
        },
        "20052": {
            "year_quarter": 20052,
            "year": 2005,
            "quarter": 2,
            "eps": null,
            "eps_growth_year": null,
            "eps_4q": null,
            "eps_4q_growth_year": null,
            "roe": null,
            "roe_4q": 0,
            "gross_profit": null,
            "gross_margin": null,
            "gross_margin_4q_avg": 0,
            "net_income": null,
            "revenue": null,
            "common_shares": null,
            "book_valuer_per_share": null,
            "book_valuer_per_share_4q_avg": 0,
            "equity": null,
            "current_ratio": null,
            "debt_ratio": null,
            "inventory_turnover_ratio": null,
            "account_receivable_turnover_ratio": null,
            "reinvestment_rate": null,
            "research_to_sale_ratio": null,
            "price_fair": 0,
            "eps_avg_yearly": 0,
            "eps_latest_yearly": 0,
            "eps_growth_yearly": 0
        },
        "20053": {
            "year_quarter": 20053,
            "year": 2005,
            "quarter": 3,
            "eps": null,
            "eps_growth_year": null,
            "eps_4q": null,
            "eps_4q_growth_year": null,
            "roe": null,
            "roe_4q": 0,
            "gross_profit": null,
            "gross_margin": null,
            "gross_margin_4q_avg": 0,
            "net_income": null,
            "revenue": null,
            "common_shares": null,
            "book_valuer_per_share": null,
            "book_valuer_per_share_4q_avg": 0,
            "equity": null,
            "current_ratio": null,
            "debt_ratio": null,
            "inventory_turnover_ratio": null,
            "account_receivable_turnover_ratio": null,
            "reinvestment_rate": null,
            "research_to_sale_ratio": null,
            "price_fair": 0,
            "eps_avg_yearly": 0,
            "eps_latest_yearly": 0,
            "eps_growth_yearly": 0
        },
        "20054": {
            "year_quarter": 20054,
            "year": 2005,
            "quarter": 4,
            "eps": null,
            "eps_growth_year": null,
            "eps_4q": null,
            "eps_4q_growth_year": null,
            "roe": null,
            "roe_4q": 0,
            "gross_profit": null,
            "gross_margin": null,
            "gross_margin_4q_avg": 0,
            "net_income": null,
            "revenue": null,
            "common_shares": 77550,
            "book_valuer_per_share": 19.28,
            "book_valuer_per_share_4q_avg": 4.82,
            "equity": 149514,
            "current_ratio": 210.44,
            "debt_ratio": 39.83,
            "inventory_turnover_ratio": null,
            "account_receivable_turnover_ratio": null,
            "reinvestment_rate": null,
            "research_to_sale_ratio": null,
            "price_fair": 0,
            "eps_avg_yearly": 0,
            "eps_latest_yearly": 0,
            "eps_growth_yearly": 0
        },
        "20061": {
            "year_quarter": 20061,
            "year": 2006,
            "quarter": 1,
            "eps": null,
            "eps_growth_year": null,
            "eps_4q": null,
            "eps_4q_growth_year": null,
            "roe": null,
            "roe_4q": 0,
            "gross_profit": null,
            "gross_margin": null,
            "gross_margin_4q_avg": 0,
            "net_income": null,
            "revenue": null,
            "common_shares": null,
            "book_valuer_per_share": null,
            "book_valuer_per_share_4q_avg": 4.82,
            "equity": null,
            "current_ratio": null,
            "debt_ratio": null,
            "inventory_turnover_ratio": null,
            "account_receivable_turnover_ratio": null,
            "reinvestment_rate": null,
            "research_to_sale_ratio": null,
            "price_fair": 0,
            "eps_avg_yearly": 0,
            "eps_latest_yearly": 0,
            "eps_growth_yearly": 0
        },
        "20062": {
            "year_quarter": 20062,
            "year": 2006,
            "quarter": 2,
            "eps": null,
            "eps_growth_year": null,
            "eps_4q": null,
            "eps_4q_growth_year": null,
            "roe": null,
            "roe_4q": 0,
            "gross_profit": null,
            "gross_margin": null,
            "gross_margin_4q_avg": 0,
            "net_income": null,
            "revenue": null,
            "common_shares": null,
            "book_valuer_per_share": null,
            "book_valuer_per_share_4q_avg": 4.82,
            "equity": null,
            "current_ratio": null,
            "debt_ratio": null,
            "inventory_turnover_ratio": null,
            "account_receivable_turnover_ratio": null,
            "reinvestment_rate": null,
            "research_to_sale_ratio": null,
            "price_fair": 0,
            "eps_avg_yearly": 0,
            "eps_latest_yearly": 0,
            "eps_growth_yearly": 0
        },
        "20063": {
            "year_quarter": 20063,
            "year": 2006,
            "quarter": 3,
            "eps": null,
            "eps_growth_year": null,
            "eps_4q": null,
            "eps_4q_growth_year": null,
            "roe": null,
            "roe_4q": 0,
            "gross_profit": null,
            "gross_margin": null,
            "gross_margin_4q_avg": 0,
            "net_income": null,
            "revenue": null,
            "common_shares": null,
            "book_valuer_per_share": null,
            "book_valuer_per_share_4q_avg": 4.82,
            "equity": null,
            "current_ratio": null,
            "debt_ratio": null,
            "inventory_turnover_ratio": null,
            "account_receivable_turnover_ratio": null,
            "reinvestment_rate": null,
            "research_to_sale_ratio": null,
            "price_fair": 0,
            "eps_avg_yearly": 0,
            "eps_latest_yearly": 0,
            "eps_growth_yearly": 0
        },
        "20064": {
            "year_quarter": 20064,
            "year": 2006,
            "quarter": 4,
            "eps": null,
            "eps_growth_year": null,
            "eps_4q": null,
            "eps_4q_growth_year": null,
            "roe": null,
            "roe_4q": 0,
            "gross_profit": null,
            "gross_margin": null,
            "gross_margin_4q_avg": 0,
            "net_income": null,
            "revenue": null,
            "common_shares": 117000,
            "book_valuer_per_share": 14.95,
            "book_valuer_per_share_4q_avg": 3.74,
            "equity": 174878,
            "current_ratio": 160.37,
            "debt_ratio": 50.31,
            "inventory_turnover_ratio": null,
            "account_receivable_turnover_ratio": null,
            "reinvestment_rate": null,
            "research_to_sale_ratio": null,
            "price_fair": 0,
            "eps_avg_yearly": 0,
            "eps_latest_yearly": 0,
            "eps_growth_yearly": 0
        },
        "20071": {
            "year_quarter": 20071,
            "year": 2007,
            "quarter": 1,
            "eps": null,
            "eps_growth_year": null,
            "eps_4q": null,
            "eps_4q_growth_year": null,
            "roe": null,
            "roe_4q": 0,
            "gross_profit": null,
            "gross_margin": null,
            "gross_margin_4q_avg": 0,
            "net_income": null,
            "revenue": null,
            "common_shares": null,
            "book_valuer_per_share": null,
            "book_valuer_per_share_4q_avg": 3.74,
            "equity": null,
            "current_ratio": null,
            "debt_ratio": null,
            "inventory_turnover_ratio": null,
            "account_receivable_turnover_ratio": null,
            "reinvestment_rate": null,
            "research_to_sale_ratio": null,
            "price_fair": 0,
            "eps_avg_yearly": 0,
            "eps_latest_yearly": 0,
            "eps_growth_yearly": 0
        },
        "20072": {
            "year_quarter": 20072,
            "year": 2007,
            "quarter": 2,
            "eps": null,
            "eps_growth_year": null,
            "eps_4q": null,
            "eps_4q_growth_year": null,
            "roe": null,
            "roe_4q": 0,
            "gross_profit": null,
            "gross_margin": null,
            "gross_margin_4q_avg": 0,
            "net_income": null,
            "revenue": null,
            "common_shares": null,
            "book_valuer_per_share": null,
            "book_valuer_per_share_4q_avg": 3.74,
            "equity": null,
            "current_ratio": null,
            "debt_ratio": null,
            "inventory_turnover_ratio": null,
            "account_receivable_turnover_ratio": null,
            "reinvestment_rate": null,
            "research_to_sale_ratio": null,
            "price_fair": 0,
            "eps_avg_yearly": 0,
            "eps_latest_yearly": 0,
            "eps_growth_yearly": 0
        },
        "20073": {
            "year_quarter": 20073,
            "year": 2007,
            "quarter": 3,
            "eps": null,
            "eps_growth_year": null,
            "eps_4q": null,
            "eps_4q_growth_year": null,
            "roe": null,
            "roe_4q": 0,
            "gross_profit": null,
            "gross_margin": null,
            "gross_margin_4q_avg": 0,
            "net_income": null,
            "revenue": null,
            "common_shares": null,
            "book_valuer_per_share": null,
            "book_valuer_per_share_4q_avg": 3.74,
            "equity": null,
            "current_ratio": null,
            "debt_ratio": null,
            "inventory_turnover_ratio": null,
            "account_receivable_turnover_ratio": null,
            "reinvestment_rate": null,
            "research_to_sale_ratio": null,
            "price_fair": 0,
            "eps_avg_yearly": 0,
            "eps_latest_yearly": 0,
            "eps_growth_yearly": 0
        },
        "20074": {
            "year_quarter": 20074,
            "year": 2007,
            "quarter": 4,
            "eps": null,
            "eps_growth_year": null,
            "eps_4q": null,
            "eps_4q_growth_year": null,
            "roe": null,
            "roe_4q": 0,
            "gross_profit": null,
            "gross_margin": null,
            "gross_margin_4q_avg": 0,
            "net_income": null,
            "revenue": null,
            "common_shares": 146250,
            "book_valuer_per_share": 15.94,
            "book_valuer_per_share_4q_avg": 3.99,
            "equity": 233080,
            "current_ratio": 220.99,
            "debt_ratio": 54.87,
            "inventory_turnover_ratio": null,
            "account_receivable_turnover_ratio": null,
            "reinvestment_rate": null,
            "research_to_sale_ratio": null,
            "price_fair": 0,
            "eps_avg_yearly": 0,
            "eps_latest_yearly": 0,
            "eps_growth_yearly": 0
        },
        "20081": {
            "year_quarter": 20081,
            "year": 2008,
            "quarter": 1,
            "eps": null,
            "eps_growth_year": null,
            "eps_4q": null,
            "eps_4q_growth_year": null,
            "roe": null,
            "roe_4q": 0,
            "gross_profit": null,
            "gross_margin": null,
            "gross_margin_4q_avg": 0,
            "net_income": null,
            "revenue": null,
            "common_shares": null,
            "book_valuer_per_share": null,
            "book_valuer_per_share_4q_avg": 3.99,
            "equity": null,
            "current_ratio": null,
            "debt_ratio": null,
            "inventory_turnover_ratio": null,
            "account_receivable_turnover_ratio": null,
            "reinvestment_rate": null,
            "research_to_sale_ratio": null,
            "price_fair": 0,
            "eps_avg_yearly": 0,
            "eps_latest_yearly": 0,
            "eps_growth_yearly": 0
        },
        "20082": {
            "year_quarter": 20082,
            "year": 2008,
            "quarter": 2,
            "eps": null,
            "eps_growth_year": null,
            "eps_4q": null,
            "eps_4q_growth_year": null,
            "roe": null,
            "roe_4q": 0,
            "gross_profit": null,
            "gross_margin": null,
            "gross_margin_4q_avg": 0,
            "net_income": null,
            "revenue": null,
            "common_shares": null,
            "book_valuer_per_share": null,
            "book_valuer_per_share_4q_avg": 3.99,
            "equity": null,
            "current_ratio": null,
            "debt_ratio": null,
            "inventory_turnover_ratio": null,
            "account_receivable_turnover_ratio": null,
            "reinvestment_rate": null,
            "research_to_sale_ratio": null,
            "price_fair": 0,
            "eps_avg_yearly": 0,
            "eps_latest_yearly": 0,
            "eps_growth_yearly": 0
        },
        "20083": {
            "year_quarter": 20083,
            "year": 2008,
            "quarter": 3,
            "eps": null,
            "eps_growth_year": null,
            "eps_4q": null,
            "eps_4q_growth_year": null,
            "roe": null,
            "roe_4q": 0,
            "gross_profit": null,
            "gross_margin": null,
            "gross_margin_4q_avg": 0,
            "net_income": null,
            "revenue": null,
            "common_shares": null,
            "book_valuer_per_share": null,
            "book_valuer_per_share_4q_avg": 3.99,
            "equity": null,
            "current_ratio": null,
            "debt_ratio": null,
            "inventory_turnover_ratio": null,
            "account_receivable_turnover_ratio": null,
            "reinvestment_rate": null,
            "research_to_sale_ratio": null,
            "price_fair": 0,
            "eps_avg_yearly": 0,
            "eps_latest_yearly": 0,
            "eps_growth_yearly": 0
        },
        "20084": {
            "year_quarter": 20084,
            "year": 2008,
            "quarter": 4,
            "eps": null,
            "eps_growth_year": null,
            "eps_4q": null,
            "eps_4q_growth_year": null,
            "roe": null,
            "roe_4q": 0,
            "gross_profit": null,
            "gross_margin": null,
            "gross_margin_4q_avg": 0,
            "net_income": null,
            "revenue": null,
            "common_shares": 160875,
            "book_valuer_per_share": 15.94,
            "book_valuer_per_share_4q_avg": 3.99,
            "equity": 256400,
            "current_ratio": 235.45,
            "debt_ratio": 51.2,
            "inventory_turnover_ratio": null,
            "account_receivable_turnover_ratio": null,
            "reinvestment_rate": null,
            "research_to_sale_ratio": null,
            "price_fair": 0,
            "eps_avg_yearly": 0,
            "eps_latest_yearly": 0,
            "eps_growth_yearly": 0
        },
        "20091": {
            "year_quarter": 20091,
            "year": 2009,
            "quarter": 1,
            "eps": null,
            "eps_growth_year": null,
            "eps_4q": null,
            "eps_4q_growth_year": null,
            "roe": null,
            "roe_4q": 0,
            "gross_profit": null,
            "gross_margin": null,
            "gross_margin_4q_avg": 0,
            "net_income": null,
            "revenue": null,
            "common_shares": null,
            "book_valuer_per_share": null,
            "book_valuer_per_share_4q_avg": 3.99,
            "equity": null,
            "current_ratio": null,
            "debt_ratio": null,
            "inventory_turnover_ratio": null,
            "account_receivable_turnover_ratio": null,
            "reinvestment_rate": null,
            "research_to_sale_ratio": null,
            "price_fair": 0,
            "eps_avg_yearly": 0,
            "eps_latest_yearly": 0,
            "eps_growth_yearly": 0
        },
        "20092": {
            "year_quarter": 20092,
            "year": 2009,
            "quarter": 2,
            "eps": null,
            "eps_growth_year": null,
            "eps_4q": null,
            "eps_4q_growth_year": null,
            "roe": null,
            "roe_4q": 0,
            "gross_profit": null,
            "gross_margin": null,
            "gross_margin_4q_avg": 0,
            "net_income": null,
            "revenue": null,
            "common_shares": null,
            "book_valuer_per_share": null,
            "book_valuer_per_share_4q_avg": 3.99,
            "equity": null,
            "current_ratio": null,
            "debt_ratio": null,
            "inventory_turnover_ratio": null,
            "account_receivable_turnover_ratio": null,
            "reinvestment_rate": null,
            "research_to_sale_ratio": null,
            "price_fair": 0,
            "eps_avg_yearly": 0,
            "eps_latest_yearly": 0,
            "eps_growth_yearly": 0
        },
        "20093": {
            "year_quarter": 20093,
            "year": 2009,
            "quarter": 3,
            "eps": null,
            "eps_growth_year": null,
            "eps_4q": null,
            "eps_4q_growth_year": null,
            "roe": null,
            "roe_4q": 0,
            "gross_profit": null,
            "gross_margin": null,
            "gross_margin_4q_avg": 0,
            "net_income": null,
            "revenue": null,
            "common_shares": null,
            "book_valuer_per_share": null,
            "book_valuer_per_share_4q_avg": 3.99,
            "equity": null,
            "current_ratio": null,
            "debt_ratio": null,
            "inventory_turnover_ratio": null,
            "account_receivable_turnover_ratio": null,
            "reinvestment_rate": null,
            "research_to_sale_ratio": null,
            "price_fair": 0,
            "eps_avg_yearly": 0,
            "eps_latest_yearly": 0,
            "eps_growth_yearly": 0
        },
        "20094": {
            "year_quarter": 20094,
            "year": 2009,
            "quarter": 4,
            "eps": null,
            "eps_growth_year": null,
            "eps_4q": null,
            "eps_4q_growth_year": null,
            "roe": null,
            "roe_4q": 0,
            "gross_profit": null,
            "gross_margin": null,
            "gross_margin_4q_avg": 0,
            "net_income": null,
            "revenue": null,
            "common_shares": 160875,
            "book_valuer_per_share": 18.1,
            "book_valuer_per_share_4q_avg": 4.53,
            "equity": 291230,
            "current_ratio": 186.23,
            "debt_ratio": 56.75,
            "inventory_turnover_ratio": null,
            "account_receivable_turnover_ratio": null,
            "reinvestment_rate": null,
            "research_to_sale_ratio": null,
            "price_fair": 0,
            "eps_avg_yearly": 0,
            "eps_latest_yearly": 0,
            "eps_growth_yearly": 0
        },
        "20101": {
            "year_quarter": 20101,
            "year": 2010,
            "quarter": 1,
            "eps": null,
            "eps_growth_year": null,
            "eps_4q": null,
            "eps_4q_growth_year": null,
            "roe": null,
            "roe_4q": 0,
            "gross_profit": null,
            "gross_margin": null,
            "gross_margin_4q_avg": 0,
            "net_income": null,
            "revenue": null,
            "common_shares": null,
            "book_valuer_per_share": null,
            "book_valuer_per_share_4q_avg": 4.53,
            "equity": null,
            "current_ratio": null,
            "debt_ratio": null,
            "inventory_turnover_ratio": null,
            "account_receivable_turnover_ratio": null,
            "reinvestment_rate": null,
            "research_to_sale_ratio": null,
            "price_fair": 0,
            "eps_avg_yearly": 0,
            "eps_latest_yearly": 0,
            "eps_growth_yearly": 0
        },
        "20102": {
            "year_quarter": 20102,
            "year": 2010,
            "quarter": 2,
            "eps": null,
            "eps_growth_year": null,
            "eps_4q": null,
            "eps_4q_growth_year": null,
            "roe": null,
            "roe_4q": 0,
            "gross_profit": null,
            "gross_margin": null,
            "gross_margin_4q_avg": 0,
            "net_income": null,
            "revenue": null,
            "common_shares": 160875,
            "book_valuer_per_share": null,
            "book_valuer_per_share_4q_avg": 4.53,
            "equity": 309373,
            "current_ratio": null,
            "debt_ratio": null,
            "inventory_turnover_ratio": null,
            "account_receivable_turnover_ratio": null,
            "reinvestment_rate": null,
            "research_to_sale_ratio": null,
            "price_fair": 0,
            "eps_avg_yearly": 0,
            "eps_latest_yearly": 0,
            "eps_growth_yearly": 0
        },
        "20103": {
            "year_quarter": 20103,
            "year": 2010,
            "quarter": 3,
            "eps": null,
            "eps_growth_year": null,
            "eps_4q": null,
            "eps_4q_growth_year": null,
            "roe": null,
            "roe_4q": 0,
            "gross_profit": 60733,
            "gross_margin": null,
            "gross_margin_4q_avg": 0,
            "net_income": 19166,
            "revenue": 164178,
            "common_shares": 190875,
            "book_valuer_per_share": 19.95,
            "book_valuer_per_share_4q_avg": 9.51,
            "equity": 380723,
            "current_ratio": 245.24,
            "debt_ratio": 47.94,
            "inventory_turnover_ratio": null,
            "account_receivable_turnover_ratio": null,
            "reinvestment_rate": null,
            "research_to_sale_ratio": null,
            "price_fair": 0,
            "eps_avg_yearly": 0,
            "eps_latest_yearly": 0,
            "eps_growth_yearly": 0
        },
        "20104": {
            "year_quarter": 20104,
            "year": 2010,
            "quarter": 4,
            "eps": null,
            "eps_growth_year": null,
            "eps_4q": null,
            "eps_4q_growth_year": null,
            "roe": null,
            "roe_4q": 0,
            "gross_profit": 61755,
            "gross_margin": null,
            "gross_margin_4q_avg": 0,
            "net_income": 3316,
            "revenue": 165951,
            "common_shares": 190875,
            "book_valuer_per_share": 20.16,
            "book_valuer_per_share_4q_avg": 10.03,
            "equity": 384897,
            "current_ratio": 281.13,
            "debt_ratio": 44.73,
            "inventory_turnover_ratio": null,
            "account_receivable_turnover_ratio": null,
            "reinvestment_rate": null,
            "research_to_sale_ratio": null,
            "price_fair": 0,
            "eps_avg_yearly": 0,
            "eps_latest_yearly": 0,
            "eps_growth_yearly": 0
        },
        "20111": {
            "year_quarter": 20111,
            "year": 2011,
            "quarter": 1,
            "eps": null,
            "eps_growth_year": null,
            "eps_4q": null,
            "eps_4q_growth_year": null,
            "roe": null,
            "roe_4q": 0,
            "gross_profit": 56183,
            "gross_margin": null,
            "gross_margin_4q_avg": 0,
            "net_income": 4305,
            "revenue": 159457,
            "common_shares": 190875,
            "book_valuer_per_share": 20.34,
            "book_valuer_per_share_4q_avg": 15.11,
            "equity": 388152,
            "current_ratio": 292.52,
            "debt_ratio": 43.72,
            "inventory_turnover_ratio": null,
            "account_receivable_turnover_ratio": null,
            "reinvestment_rate": null,
            "research_to_sale_ratio": null,
            "price_fair": 0,
            "eps_avg_yearly": 0,
            "eps_latest_yearly": 0,
            "eps_growth_yearly": 0
        },
        "20112": {
            "year_quarter": 20112,
            "year": 2011,
            "quarter": 2,
            "eps": 0.87,
            "eps_growth_year": null,
            "eps_4q": 0.87,
            "eps_4q_growth_year": null,
            "roe": 4.41,
            "roe_4q": 4.41,
            "gross_profit": 74275,
            "gross_margin": 32.17,
            "gross_margin_4q_avg": 8.04,
            "net_income": 18794,
            "revenue": 230893,
            "common_shares": 190875,
            "book_valuer_per_share": 24.29,
            "book_valuer_per_share_4q_avg": 21.19,
            "equity": 463680,
            "current_ratio": 295.17,
            "debt_ratio": 42.05,
            "inventory_turnover_ratio": 1.13,
            "account_receivable_turnover_ratio": 2.52,
            "reinvestment_rate": null,
            "research_to_sale_ratio": null,
            "price_fair": 0,
            "eps_avg_yearly": 0,
            "eps_latest_yearly": 0,
            "eps_growth_yearly": 0
        },
        "20113": {
            "year_quarter": 20113,
            "year": 2011,
            "quarter": 3,
            "eps": 1.42,
            "eps_growth_year": null,
            "eps_4q": 2.29,
            "eps_4q_growth_year": null,
            "roe": 6.4,
            "roe_4q": 10.81,
            "gross_profit": 86455,
            "gross_margin": 34.55,
            "gross_margin_4q_avg": 16.68,
            "net_income": 30744,
            "revenue": 250227,
            "common_shares": 215875,
            "book_valuer_per_share": 23.01,
            "book_valuer_per_share_4q_avg": 21.95,
            "equity": 496702,
            "current_ratio": 309.2,
            "debt_ratio": 40.42,
            "inventory_turnover_ratio": 1.2,
            "account_receivable_turnover_ratio": 1.28,
            "reinvestment_rate": null,
            "research_to_sale_ratio": 2.9,
            "price_fair": 198.8,
            "eps_avg_yearly": 5.68,
            "eps_latest_yearly": 5.68,
            "eps_growth_yearly": 252.87
        },
        "20114": {
            "year_quarter": 20114,
            "year": 2011,
            "quarter": 4,
            "eps": 0.98,
            "eps_growth_year": null,
            "eps_4q": 3.27,
            "eps_4q_growth_year": null,
            "roe": 4.16,
            "roe_4q": 14.97,
            "gross_profit": 78664,
            "gross_margin": 35.18,
            "gross_margin_4q_avg": 25.48,
            "net_income": 21110,
            "revenue": 223630,
            "common_shares": 215875,
            "book_valuer_per_share": 23.96,
            "book_valuer_per_share_4q_avg": 22.9,
            "equity": 517316,
            "current_ratio": 298.96,
            "debt_ratio": 40.63,
            "inventory_turnover_ratio": 0.98,
            "account_receivable_turnover_ratio": 1.19,
            "reinvestment_rate": null,
            "research_to_sale_ratio": 3.11,
            "price_fair": 168,
            "eps_avg_yearly": 4.8,
            "eps_latest_yearly": 3.92,
            "eps_growth_yearly": 64.46
        },
        "20121": {
            "year_quarter": 20121,
            "year": 2012,
            "quarter": 1,
            "eps": 1.14,
            "eps_growth_year": null,
            "eps_4q": 3.99,
            "eps_4q_growth_year": null,
            "roe": 4.41,
            "roe_4q": 19.380000000000003,
            "gross_profit": 73072,
            "gross_margin": 39.93,
            "gross_margin_4q_avg": 35.46,
            "net_income": 25048,
            "revenue": 183017,
            "common_shares": 240000,
            "book_valuer_per_share": 25.75,
            "book_valuer_per_share_4q_avg": 24.25,
            "equity": 617993,
            "current_ratio": 365.36,
            "debt_ratio": 35.23,
            "inventory_turnover_ratio": 0.66,
            "account_receivable_turnover_ratio": 1.06,
            "reinvestment_rate": null,
            "research_to_sale_ratio": 4.77,
            "price_fair": 165.2,
            "eps_avg_yearly": 4.72,
            "eps_latest_yearly": 4.56,
            "eps_growth_yearly": 64.75
        },
        "20122": {
            "year_quarter": 20122,
            "year": 2012,
            "quarter": 2,
            "eps": 1.04,
            "eps_growth_year": 19.36,
            "eps_4q": 4.24,
            "eps_4q_growth_year": 387.41,
            "roe": 4.13,
            "roe_4q": 19.1,
            "gross_profit": 79161,
            "gross_margin": 36.41,
            "gross_margin_4q_avg": 36.52,
            "net_income": 24939,
            "revenue": 217421,
            "common_shares": 240000,
            "book_valuer_per_share": 24.62,
            "book_valuer_per_share_4q_avg": 24.34,
            "equity": 590856,
            "current_ratio": 281.8,
            "debt_ratio": 40.76,
            "inventory_turnover_ratio": 0.71,
            "account_receivable_turnover_ratio": 1.12,
            "reinvestment_rate": null,
            "research_to_sale_ratio": 4.18,
            "price_fair": 160.3,
            "eps_avg_yearly": 4.58,
            "eps_latest_yearly": 4.16,
            "eps_growth_yearly": 39.79
        },
        "20123": {
            "year_quarter": 20123,
            "year": 2012,
            "quarter": 3,
            "eps": 1.35,
            "eps_growth_year": -5.04,
            "eps_4q": 4.31,
            "eps_4q_growth_year": 88.02,
            "roe": 5.35,
            "roe_4q": 18.05,
            "gross_profit": 82406,
            "gross_margin": 36.38,
            "gross_margin_4q_avg": 36.98,
            "net_income": 32456,
            "revenue": 226506,
            "common_shares": 240000,
            "book_valuer_per_share": 25.98,
            "book_valuer_per_share_4q_avg": 25.08,
            "equity": 623404,
            "current_ratio": 346.65,
            "debt_ratio": 35.19,
            "inventory_turnover_ratio": 0.68,
            "account_receivable_turnover_ratio": 1.1,
            "reinvestment_rate": null,
            "research_to_sale_ratio": 3.57,
            "price_fair": 166.04,
            "eps_avg_yearly": 4.74,
            "eps_latest_yearly": 5.4,
            "eps_growth_yearly": 55.68
        },
        "20124": {
            "year_quarter": 20124,
            "year": 2012,
            "quarter": 4,
            "eps": 1.15,
            "eps_growth_year": 17.92,
            "eps_4q": 4.59,
            "eps_4q_growth_year": 40.2,
            "roe": 4.38,
            "roe_4q": 18.27,
            "gross_profit": 70993,
            "gross_margin": 36.42,
            "gross_margin_4q_avg": 37.29,
            "net_income": 27674,
            "revenue": 194939,
            "common_shares": 240000,
            "book_valuer_per_share": 26.67,
            "book_valuer_per_share_4q_avg": 25.76,
            "equity": 639961,
            "current_ratio": 350.92,
            "debt_ratio": 33.88,
            "inventory_turnover_ratio": 0.57,
            "account_receivable_turnover_ratio": 0.91,
            "reinvestment_rate": null,
            "research_to_sale_ratio": 4.1,
            "price_fair": 165.2,
            "eps_avg_yearly": 4.72,
            "eps_latest_yearly": 4.6,
            "eps_growth_yearly": 36.52
        },
        "20131": {
            "year_quarter": 20131,
            "year": 2013,
            "quarter": 1,
            "eps": 0.84,
            "eps_growth_year": -26.32,
            "eps_4q": 4.38,
            "eps_4q_growth_year": 9.93,
            "roe": 3.12,
            "roe_4q": 16.98,
            "gross_profit": 66593,
            "gross_margin": 35.56,
            "gross_margin_4q_avg": 36.19,
            "net_income": 20129,
            "revenue": 187284,
            "common_shares": 240000,
            "book_valuer_per_share": 27.07,
            "book_valuer_per_share_4q_avg": 26.09,
            "equity": 649690,
            "current_ratio": 308.29,
            "debt_ratio": 39.86,
            "inventory_turnover_ratio": 0.56,
            "account_receivable_turnover_ratio": 1.14,
            "reinvestment_rate": null,
            "research_to_sale_ratio": 4.27,
            "price_fair": 117.21,
            "eps_avg_yearly": 4.53,
            "eps_latest_yearly": 3.36,
            "eps_growth_yearly": 15.9
        },
        "20132": {
            "year_quarter": 20132,
            "year": 2013,
            "quarter": 2,
            "eps": 1.57,
            "eps_growth_year": 51.09,
            "eps_4q": 4.92,
            "eps_4q_growth_year": 15.83,
            "roe": 5.88,
            "roe_4q": 18.729999999999997,
            "gross_profit": 84807,
            "gross_margin": 39.11,
            "gross_margin_4q_avg": 36.87,
            "net_income": 37701,
            "revenue": 216844,
            "common_shares": 240000,
            "book_valuer_per_share": 26.33,
            "book_valuer_per_share_4q_avg": 26.51,
            "equity": 631822,
            "current_ratio": 237.6,
            "debt_ratio": 45.27,
            "inventory_turnover_ratio": 0.58,
            "account_receivable_turnover_ratio": 2.04,
            "reinvestment_rate": null,
            "research_to_sale_ratio": 3.72,
            "price_fair": 166.08,
            "eps_avg_yearly": 4.75,
            "eps_latest_yearly": 6.28,
            "eps_growth_yearly": 57.36
        },
        "20133": {
            "year_quarter": 20133,
            "year": 2013,
            "quarter": 3,
            "eps": 2.04,
            "eps_growth_year": 50.85,
            "eps_4q": 5.6,
            "eps_4q_growth_year": 29.8,
            "roe": 7.46,
            "roe_4q": 20.84,
            "gross_profit": 114678,
            "gross_margin": 40.38,
            "gross_margin_4q_avg": 37.87,
            "net_income": 48905,
            "revenue": 283966,
            "common_shares": 240000,
            "book_valuer_per_share": 28.28,
            "book_valuer_per_share_4q_avg": 27.09,
            "equity": 678803,
            "current_ratio": 275.54,
            "debt_ratio": 41,
            "inventory_turnover_ratio": 0.7,
            "account_receivable_turnover_ratio": 2.49,
            "reinvestment_rate": null,
            "research_to_sale_ratio": 3.13,
            "price_fair": 179.36,
            "eps_avg_yearly": 5.12,
            "eps_latest_yearly": 8.16,
            "eps_growth_yearly": 64.3
        },
        "20134": {
            "year_quarter": 20134,
            "year": 2013,
            "quarter": 4,
            "eps": 1.8,
            "eps_growth_year": 56.45,
            "eps_4q": 6.25,
            "eps_4q_growth_year": 36.25,
            "roe": 6.17,
            "roe_4q": 22.63,
            "gross_profit": 106771,
            "gross_margin": 39.45,
            "gross_margin_4q_avg": 38.63,
            "net_income": 43297,
            "revenue": 270652,
            "common_shares": 240000,
            "book_valuer_per_share": 30.21,
            "book_valuer_per_share_4q_avg": 27.97,
            "equity": 725069,
            "current_ratio": 282.66,
            "debt_ratio": 38.67,
            "inventory_turnover_ratio": 0.69,
            "account_receivable_turnover_ratio": 2.16,
            "reinvestment_rate": null,
            "research_to_sale_ratio": 5.22,
            "price_fair": 186.62,
            "eps_avg_yearly": 5.33,
            "eps_latest_yearly": 7.2,
            "eps_growth_yearly": 53.16
        },
        "20141": {
            "year_quarter": 20141,
            "year": 2014,
            "quarter": 1,
            "eps": 1.85,
            "eps_growth_year": 120.24,
            "eps_4q": 7.26,
            "eps_4q_growth_year": 65.69,
            "roe": 5.95,
            "roe_4q": 25.46,
            "gross_profit": 110338,
            "gross_margin": 38.14,
            "gross_margin_4q_avg": 39.27,
            "net_income": 44395,
            "revenue": 289324,
            "common_shares": 240000,
            "book_valuer_per_share": 32.02,
            "book_valuer_per_share_4q_avg": 29.21,
            "equity": 768427,
            "current_ratio": 265.15,
            "debt_ratio": 40.2,
            "inventory_turnover_ratio": 0.73,
            "account_receivable_turnover_ratio": 1.96,
            "reinvestment_rate": null,
            "research_to_sale_ratio": 3.8,
            "price_fair": 193.2,
            "eps_avg_yearly": 5.52,
            "eps_latest_yearly": 7.4,
            "eps_growth_yearly": 49.34
        },
        "20142": {
            "year_quarter": 20142,
            "year": 2014,
            "quarter": 2,
            "eps": 1.79,
            "eps_growth_year": 14.01,
            "eps_4q": 7.49,
            "eps_4q_growth_year": 52.29,
            "roe": 5.82,
            "roe_4q": 25.4,
            "gross_profit": 124185,
            "gross_margin": 38.61,
            "gross_margin_4q_avg": 39.15,
            "net_income": 43047,
            "revenue": 321624,
            "common_shares": 240000,
            "book_valuer_per_share": 29.67,
            "book_valuer_per_share_4q_avg": 30.05,
            "equity": 712044,
            "current_ratio": 222.85,
            "debt_ratio": 45.49,
            "inventory_turnover_ratio": 0.77,
            "account_receivable_turnover_ratio": 1.91,
            "reinvestment_rate": 42.3,
            "research_to_sale_ratio": 3.66,
            "price_fair": 197.98,
            "eps_avg_yearly": 5.66,
            "eps_latest_yearly": 7.16,
            "eps_growth_yearly": 44.14
        },
        "20143": {
            "year_quarter": 20143,
            "year": 2014,
            "quarter": 3,
            "eps": 1.9,
            "eps_growth_year": -6.86,
            "eps_4q": 7.35,
            "eps_4q_growth_year": 31.2,
            "roe": 6.19,
            "roe_4q": 24.130000000000003,
            "gross_profit": 114654,
            "gross_margin": 37.22,
            "gross_margin_4q_avg": 38.36,
            "net_income": 45605,
            "revenue": 308074,
            "common_shares": 240000,
            "book_valuer_per_share": 31.71,
            "book_valuer_per_share_4q_avg": 30.9,
            "equity": 761015,
            "current_ratio": 285.49,
            "debt_ratio": 38.89,
            "inventory_turnover_ratio": 0.74,
            "account_receivable_turnover_ratio": 1.82,
            "reinvestment_rate": 42.28,
            "research_to_sale_ratio": 3.92,
            "price_fair": 203.22,
            "eps_avg_yearly": 5.81,
            "eps_latest_yearly": 7.6,
            "eps_growth_yearly": 42.64
        },
        "20144": {
            "year_quarter": 20144,
            "year": 2014,
            "quarter": 4,
            "eps": 1.98,
            "eps_growth_year": 9.77,
            "eps_4q": 7.52,
            "eps_4q_growth_year": 20.36,
            "roe": 6.02,
            "roe_4q": 23.98,
            "gross_profit": 125522,
            "gross_margin": 39.21,
            "gross_margin_4q_avg": 38.3,
            "net_income": 47525,
            "revenue": 320091,
            "common_shares": 240000,
            "book_valuer_per_share": 34.11,
            "book_valuer_per_share_4q_avg": 31.88,
            "equity": 818571,
            "current_ratio": 284.38,
            "debt_ratio": 36.37,
            "inventory_turnover_ratio": 0.7,
            "account_receivable_turnover_ratio": 1.85,
            "reinvestment_rate": 28.68,
            "research_to_sale_ratio": 4.66,
            "price_fair": 208.5,
            "eps_avg_yearly": 5.96,
            "eps_latest_yearly": 7.92,
            "eps_growth_yearly": 40.8
        },
        "20151": {
            "year_quarter": 20151,
            "year": 2015,
            "quarter": 1,
            "eps": 1.36,
            "eps_growth_year": -26.49,
            "eps_4q": 7.03,
            "eps_4q_growth_year": -3.17,
            "roe": 3.91,
            "roe_4q": 21.94,
            "gross_profit": 106298,
            "gross_margin": 39.16,
            "gross_margin_4q_avg": 38.55,
            "net_income": 32593,
            "revenue": 271432,
            "common_shares": 240000,
            "book_valuer_per_share": 35.28,
            "book_valuer_per_share_4q_avg": 32.69,
            "equity": 846689,
            "current_ratio": 310.34,
            "debt_ratio": 33.53,
            "inventory_turnover_ratio": 0.61,
            "account_receivable_turnover_ratio": 1.61,
            "reinvestment_rate": 36.46,
            "research_to_sale_ratio": 3.2,
            "price_fair": 207.29,
            "eps_avg_yearly": 5.92,
            "eps_latest_yearly": 5.44,
            "eps_growth_yearly": 29.73
        },
        "20152": {
            "year_quarter": 20152,
            "year": 2015,
            "quarter": 2,
            "eps": 1.71,
            "eps_growth_year": -4.47,
            "eps_4q": 6.7,
            "eps_4q_growth_year": -10.49,
            "roe": 5.34,
            "roe_4q": 21.46,
            "gross_profit": 111022,
            "gross_margin": 39.11,
            "gross_margin_4q_avg": 38.68,
            "net_income": 43110,
            "revenue": 283886,
            "common_shares": 240000,
            "book_valuer_per_share": 31.99,
            "book_valuer_per_share_4q_avg": 33.27,
            "equity": 767820,
            "current_ratio": 226.7,
            "debt_ratio": 41.24,
            "inventory_turnover_ratio": 0.62,
            "account_receivable_turnover_ratio": 1.81,
            "reinvestment_rate": 23.42,
            "research_to_sale_ratio": 3.29,
            "price_fair": 209.3,
            "eps_avg_yearly": 5.98,
            "eps_latest_yearly": 6.84,
            "eps_growth_yearly": 34.3
        },
        "20153": {
            "year_quarter": 20153,
            "year": 2015,
            "quarter": 3,
            "eps": 2.94,
            "eps_growth_year": 54.74,
            "eps_4q": 7.82,
            "eps_4q_growth_year": 6.5,
            "roe": 9.13,
            "roe_4q": 24.400000000000002,
            "gross_profit": 123443,
            "gross_margin": 41.57,
            "gross_margin_4q_avg": 39.76,
            "net_income": 73962,
            "revenue": 296946,
            "common_shares": 252000,
            "book_valuer_per_share": 33.82,
            "book_valuer_per_share_4q_avg": 33.8,
            "equity": 852389,
            "current_ratio": 306.66,
            "debt_ratio": 33.1,
            "inventory_turnover_ratio": 0.55,
            "account_receivable_turnover_ratio": 1.7,
            "reinvestment_rate": 21,
            "research_to_sale_ratio": 3.36,
            "price_fair": 222.6,
            "eps_avg_yearly": 6.36,
            "eps_latest_yearly": 11.76,
            "eps_growth_yearly": 36.48
        },
        "20154": {
            "year_quarter": 20154,
            "year": 2015,
            "quarter": 4,
            "eps": 0.87,
            "eps_growth_year": -55.86,
            "eps_4q": 6.81,
            "eps_4q_growth_year": -9.44,
            "roe": 2.56,
            "roe_4q": 20.94,
            "gross_profit": 95826,
            "gross_margin": 39.73,
            "gross_margin_4q_avg": 39.89,
            "net_income": 22028,
            "revenue": 241171,
            "common_shares": 252000,
            "book_valuer_per_share": 34.51,
            "book_valuer_per_share_4q_avg": 33.9,
            "equity": 869750,
            "current_ratio": 378.79,
            "debt_ratio": 28.69,
            "inventory_turnover_ratio": 0.44,
            "account_receivable_turnover_ratio": 1.54,
            "reinvestment_rate": 19.64,
            "research_to_sale_ratio": 6.78,
            "price_fair": 221.64,
            "eps_avg_yearly": 6.33,
            "eps_latest_yearly": 3.48,
            "eps_growth_yearly": 26.63
        },
        "20161": {
            "year_quarter": 20161,
            "year": 2016,
            "quarter": 1,
            "eps": 0.99,
            "eps_growth_year": -27.21,
            "eps_4q": 6.51,
            "eps_4q_growth_year": -7.49,
            "roe": 2.82,
            "roe_4q": 19.85,
            "gross_profit": 80445,
            "gross_margin": 36.29,
            "gross_margin_4q_avg": 39.18,
            "net_income": 24832,
            "revenue": 221677,
            "common_shares": 252000,
            "book_valuer_per_share": 35.43,
            "book_valuer_per_share_4q_avg": 33.94,
            "equity": 892912,
            "current_ratio": 429.6,
            "debt_ratio": 25.83,
            "inventory_turnover_ratio": 0.46,
            "account_receivable_turnover_ratio": 1.79,
            "reinvestment_rate": 17.63,
            "research_to_sale_ratio": 3.22,
            "price_fair": 220.33,
            "eps_avg_yearly": 6.3,
            "eps_latest_yearly": 3.96,
            "eps_growth_yearly": 25.99
        },
        "20162": {
            "year_quarter": 20162,
            "year": 2016,
            "quarter": 2,
            "eps": 0.96,
            "eps_growth_year": -43.86,
            "eps_4q": 5.76,
            "eps_4q_growth_year": -14.01,
            "roe": 2.9,
            "roe_4q": 17.41,
            "gross_profit": 100559,
            "gross_margin": 40.33,
            "gross_margin_4q_avg": 39.48,
            "net_income": 24350,
            "revenue": 249368,
            "common_shares": 252000,
            "book_valuer_per_share": 31.2,
            "book_valuer_per_share_4q_avg": 33.74,
            "equity": 786284,
            "current_ratio": 243.56,
            "debt_ratio": 37.22,
            "inventory_turnover_ratio": 0.53,
            "account_receivable_turnover_ratio": 1.82,
            "reinvestment_rate": 16.1,
            "research_to_sale_ratio": 3.21,
            "price_fair": 219.63,
            "eps_avg_yearly": 6.28,
            "eps_latest_yearly": 3.84,
            "eps_growth_yearly": 27.43
        },
        "20163": {
            "year_quarter": 20163,
            "year": 2016,
            "quarter": 3,
            "eps": 0.99,
            "eps_growth_year": -66.33,
            "eps_4q": 3.82,
            "eps_4q_growth_year": -51.22,
            "roe": 3.14,
            "roe_4q": 11.42,
            "gross_profit": 92706,
            "gross_margin": 37.94,
            "gross_margin_4q_avg": 38.57,
            "net_income": 24983,
            "revenue": 244378,
            "common_shares": 252000,
            "book_valuer_per_share": 31.94,
            "book_valuer_per_share_4q_avg": 33.27,
            "equity": 804955,
            "current_ratio": 325,
            "debt_ratio": 30.04,
            "inventory_turnover_ratio": 0.53,
            "account_receivable_turnover_ratio": 1.69,
            "reinvestment_rate": 14.53,
            "research_to_sale_ratio": 2.18,
            "price_fair": 190.23,
            "eps_avg_yearly": 6.19,
            "eps_latest_yearly": 3.96,
            "eps_growth_yearly": 20.76
        },
        "20164": {
            "year_quarter": 20164,
            "year": 2016,
            "quarter": 4,
            "eps": 1.3,
            "eps_growth_year": 49.21,
            "eps_4q": 4.25,
            "eps_4q_growth_year": -37.66,
            "roe": 4.01,
            "roe_4q": 12.870000000000001,
            "gross_profit": 93040,
            "gross_margin": 36.24,
            "gross_margin_4q_avg": 37.7,
            "net_income": 32869,
            "revenue": 256764,
            "common_shares": 252000,
            "book_valuer_per_share": 33.09,
            "book_valuer_per_share_4q_avg": 32.92,
            "equity": 833903,
            "current_ratio": 361.2,
            "debt_ratio": 28.06,
            "inventory_turnover_ratio": 0.57,
            "account_receivable_turnover_ratio": 1.81,
            "reinvestment_rate": -13.47,
            "research_to_sale_ratio": 1.25,
            "price_fair": 217.79,
            "eps_avg_yearly": 6.22,
            "eps_latest_yearly": 5.2,
            "eps_growth_yearly": 32.29
        },
        "20171": {
            "year_quarter": 20171,
            "year": 2017,
            "quarter": 1,
            "eps": 0.78,
            "eps_growth_year": -21.21,
            "eps_4q": 4.2,
            "eps_4q_growth_year": -35.39,
            "roe": 2.4,
            "roe_4q": 12.450000000000001,
            "gross_profit": 96546,
            "gross_margin": 41,
            "gross_margin_4q_avg": 38.88,
            "net_income": 19516,
            "revenue": 235503,
            "common_shares": 252000,
            "book_valuer_per_share": 32.72,
            "book_valuer_per_share_4q_avg": 32.24,
            "equity": 791768,
            "current_ratio": 365.94,
            "debt_ratio": 27.57,
            "inventory_turnover_ratio": 0.5,
            "account_receivable_turnover_ratio": 1.69,
            "reinvestment_rate": -6.53,
            "research_to_sale_ratio": 2.56,
            "price_fair": 217.26,
            "eps_avg_yearly": 6.21,
            "eps_latest_yearly": 3.12,
            "eps_growth_yearly": 29.03
        },
        "20172": {
            "year_quarter": 20172,
            "year": 2017,
            "quarter": 2,
            "eps": 1.78,
            "eps_growth_year": 85.42,
            "eps_4q": 4.98,
            "eps_4q_growth_year": -13.62,
            "roe": 5.56,
            "roe_4q": 15.11,
            "gross_profit": 101387,
            "gross_margin": 38.27,
            "gross_margin_4q_avg": 38.36,
            "net_income": 43055,
            "revenue": 264899,
            "common_shares": 252000,
            "book_valuer_per_share": 31.33,
            "book_valuer_per_share_4q_avg": 32.27,
            "equity": 758192,
            "current_ratio": 249.25,
            "debt_ratio": 35.4,
            "inventory_turnover_ratio": 0.56,
            "account_receivable_turnover_ratio": 1.8,
            "reinvestment_rate": -2.6,
            "research_to_sale_ratio": 2.81,
            "price_fair": 219.1,
            "eps_avg_yearly": 6.26,
            "eps_latest_yearly": 7.12,
            "eps_growth_yearly": 39.35
        },
        "20173": {
            "year_quarter": 20173,
            "year": 2017,
            "quarter": 3,
            "eps": 1.41,
            "eps_growth_year": 42.42,
            "eps_4q": 5.35,
            "eps_4q_growth_year": 40.21,
            "roe": 4.38,
            "roe_4q": 16.35,
            "gross_profit": 105709,
            "gross_margin": 39.04,
            "gross_margin_4q_avg": 38.64,
            "net_income": 34078,
            "revenue": 270770,
            "common_shares": 252000,
            "book_valuer_per_share": 32.92,
            "book_valuer_per_share_4q_avg": 32.52,
            "equity": 796582,
            "current_ratio": 299.67,
            "debt_ratio": 33.32,
            "inventory_turnover_ratio": 0.54,
            "account_receivable_turnover_ratio": 1.66,
            "reinvestment_rate": -1.79,
            "research_to_sale_ratio": 3.22,
            "price_fair": 213.59,
            "eps_avg_yearly": 6.1,
            "eps_latest_yearly": 5.64,
            "eps_growth_yearly": 26.67
        },
        "20174": {
            "year_quarter": 20174,
            "year": 2017,
            "quarter": 4,
            "eps": 1.14,
            "eps_growth_year": -12.55,
            "eps_4q": 5.13,
            "eps_4q_growth_year": 20.88,
            "roe": 3.4,
            "roe_4q": 15.74,
            "gross_profit": 96721,
            "gross_margin": 37.23,
            "gross_margin_4q_avg": 38.89,
            "net_income": 27604,
            "revenue": 259790,
            "common_shares": 252000,
            "book_valuer_per_share": 34.15,
            "book_valuer_per_share_4q_avg": 32.78,
            "equity": 826311,
            "current_ratio": 322.99,
            "debt_ratio": 31,
            "inventory_turnover_ratio": 0.54,
            "account_receivable_turnover_ratio": 1.58,
            "reinvestment_rate": -2.81,
            "research_to_sale_ratio": 4.39,
            "price_fair": 206.78,
            "eps_avg_yearly": 5.94,
            "eps_latest_yearly": 4.56,
            "eps_growth_yearly": 24.83
        },
        "20181": {
            "year_quarter": 20181,
            "year": 2018,
            "quarter": 1,
            "eps": 0.94,
            "eps_growth_year": 20.51,
            "eps_4q": 5.19,
            "eps_4q_growth_year": 23.39,
            "roe": 2.7,
            "roe_4q": 16.04,
            "gross_profit": 89132,
            "gross_margin": 38.28,
            "gross_margin_4q_avg": 38.21,
            "net_income": 22987,
            "revenue": 232841,
            "common_shares": 252000,
            "book_valuer_per_share": 35.69,
            "book_valuer_per_share_4q_avg": 33.52,
            "equity": 878857,
            "current_ratio": 365.44,
            "debt_ratio": 28.13,
            "inventory_turnover_ratio": 0.47,
            "account_receivable_turnover_ratio": 1.53,
            "reinvestment_rate": -3.57,
            "research_to_sale_ratio": 2.98,
            "price_fair": 169.85,
            "eps_avg_yearly": 5.71,
            "eps_latest_yearly": 3.76,
            "eps_growth_yearly": 19.75
        },
        "20182": {
            "year_quarter": 20182,
            "year": 2018,
            "quarter": 2,
            "eps": 2.03,
            "eps_growth_year": 14.04,
            "eps_4q": 5.47,
            "eps_4q_growth_year": 9.86,
            "roe": 5.91,
            "roe_4q": 16.39,
            "gross_profit": 122806,
            "gross_margin": 42.19,
            "gross_margin_4q_avg": 39.19,
            "net_income": 49952,
            "revenue": 291090,
            "common_shares": 252000,
            "book_valuer_per_share": 32.96,
            "book_valuer_per_share_4q_avg": 33.93,
            "equity": 811604,
            "current_ratio": 237.8,
            "debt_ratio": 37.66,
            "inventory_turnover_ratio": 0.53,
            "account_receivable_turnover_ratio": 1.79,
            "reinvestment_rate": -3.59,
            "research_to_sale_ratio": 2.53,
            "price_fair": 201.95,
            "eps_avg_yearly": 5.77,
            "eps_latest_yearly": 8.12,
            "eps_growth_yearly": 49.55
        },
        "20183": {
            "year_quarter": 20183,
            "year": 2018,
            "quarter": 3,
            "eps": 1.2,
            "eps_growth_year": -14.89,
            "eps_4q": 5.29,
            "eps_4q_growth_year": -1.23,
            "roe": 3.6,
            "roe_4q": 15.610000000000001,
            "gross_profit": 103191,
            "gross_margin": 39.73,
            "gross_margin_4q_avg": 39.36,
            "net_income": 29640,
            "revenue": 259753,
            "common_shares": 252000,
            "book_valuer_per_share": 33.98,
            "book_valuer_per_share_4q_avg": 34.2,
            "equity": 836817,
            "current_ratio": 329.78,
            "debt_ratio": 29.3,
            "inventory_turnover_ratio": 0.49,
            "account_receivable_turnover_ratio": 1.5,
            "reinvestment_rate": -6.56,
            "research_to_sale_ratio": 2.53,
            "price_fair": 195.83,
            "eps_avg_yearly": 5.6,
            "eps_latest_yearly": 4.8,
            "eps_growth_yearly": 37.79
        },
        "20184": {
            "year_quarter": 20184,
            "year": 2018,
            "quarter": 4,
            "eps": 1.43,
            "eps_growth_year": 25.05,
            "eps_4q": 5.59,
            "eps_4q_growth_year": 8.91,
            "roe": 4.12,
            "roe_4q": 16.330000000000002,
            "gross_profit": 109674,
            "gross_margin": 41.24,
            "gross_margin_4q_avg": 40.36,
            "net_income": 35126,
            "revenue": 265951,
            "common_shares": 252000,
            "book_valuer_per_share": 35.31,
            "book_valuer_per_share_4q_avg": 34.49,
            "equity": 869576,
            "current_ratio": 344.58,
            "debt_ratio": 28.35,
            "inventory_turnover_ratio": 0.49,
            "account_receivable_turnover_ratio": 1.64,
            "reinvestment_rate": -6.64,
            "research_to_sale_ratio": 3.05,
            "price_fair": 191.01,
            "eps_avg_yearly": 5.46,
            "eps_latest_yearly": 5.72,
            "eps_growth_yearly": 41.53
        },
        "20191": {
            "year_quarter": 20191,
            "year": 2019,
            "quarter": 1,
            "eps": 0.93,
            "eps_growth_year": -1.06,
            "eps_4q": 5.58,
            "eps_4q_growth_year": 7.65,
            "roe": 2.58,
            "roe_4q": 16.21,
            "gross_profit": 89156,
            "gross_margin": 40.71,
            "gross_margin_4q_avg": 40.97,
            "net_income": 22781,
            "revenue": 219021,
            "common_shares": 252000,
            "book_valuer_per_share": 36.28,
            "book_valuer_per_share_4q_avg": 34.63,
            "equity": 893414,
            "current_ratio": 341.15,
            "debt_ratio": 28.46,
            "inventory_turnover_ratio": 0.4,
            "account_receivable_turnover_ratio": 1.41,
            "reinvestment_rate": -5.73,
            "research_to_sale_ratio": 2.77,
            "price_fair": 187.25,
            "eps_avg_yearly": 5.35,
            "eps_latest_yearly": 3.72,
            "eps_growth_yearly": 40.61
        },
        "20192": {
            "year_quarter": 20192,
            "year": 2019,
            "quarter": 2,
            "eps": 1.35,
            "eps_growth_year": -33.5,
            "eps_4q": 4.91,
            "eps_4q_growth_year": -10.22,
            "roe": 3.91,
            "roe_4q": 14.209999999999999,
            "gross_profit": 112124,
            "gross_margin": 38.73,
            "gross_margin_4q_avg": 40.1,
            "net_income": 33315,
            "revenue": 289475,
            "common_shares": 252000,
            "book_valuer_per_share": 32.86,
            "book_valuer_per_share_4q_avg": 34.61,
            "equity": 809141,
            "current_ratio": 226.19,
            "debt_ratio": 37.82,
            "inventory_turnover_ratio": 0.53,
            "account_receivable_turnover_ratio": 1.76,
            "reinvestment_rate": -5.07,
            "research_to_sale_ratio": 2.38,
            "price_fair": 184.1,
            "eps_avg_yearly": 5.26,
            "eps_latest_yearly": 5.4,
            "eps_growth_yearly": 45.47
        },
        "20193": {
            "year_quarter": 20193,
            "year": 2019,
            "quarter": 3,
            "eps": 1.13,
            "eps_growth_year": -5.83,
            "eps_4q": 4.74,
            "eps_4q_growth_year": -10.26,
            "roe": 3.4,
            "roe_4q": 14.010000000000002,
            "gross_profit": 111060,
            "gross_margin": 43.63,
            "gross_margin_4q_avg": 41.08,
            "net_income": 28321,
            "revenue": 254536,
            "common_shares": 252000,
            "book_valuer_per_share": 33.98,
            "book_valuer_per_share_4q_avg": 34.61,
            "equity": 856384,
            "current_ratio": 276.89,
            "debt_ratio": 31.91,
            "inventory_turnover_ratio": 0.42,
            "account_receivable_turnover_ratio": 1.56,
            "reinvestment_rate": -8.39,
            "research_to_sale_ratio": 2.54,
            "price_fair": 160.64,
            "eps_avg_yearly": 4.81,
            "eps_latest_yearly": 4.52,
            "eps_growth_yearly": 23.41
        },
        "20194": {
            "year_quarter": 20194,
            "year": 2019,
            "quarter": 4,
            "eps": 1.39,
            "eps_growth_year": -2.73,
            "eps_4q": 4.74,
            "eps_4q_growth_year": -15.28,
            "roe": 4.01,
            "roe_4q": 13.9,
            "gross_profit": 120148,
            "gross_margin": 38.44,
            "gross_margin_4q_avg": 40.38,
            "net_income": 34965,
            "revenue": 312532,
            "common_shares": 252000,
            "book_valuer_per_share": 35.16,
            "book_valuer_per_share_4q_avg": 34.57,
            "equity": 885947,
            "current_ratio": 342.68,
            "debt_ratio": 27.45,
            "inventory_turnover_ratio": 0.58,
            "account_receivable_turnover_ratio": 1.88,
            "reinvestment_rate": -7.43,
            "research_to_sale_ratio": 2.5,
            "price_fair": 172.81,
            "eps_avg_yearly": 4.94,
            "eps_latest_yearly": 5.56,
            "eps_growth_yearly": 46.77
        },
        "20201": {
            "year_quarter": 20201,
            "year": 2020,
            "quarter": 1,
            "eps": 0.37,
            "eps_growth_year": -60.22,
            "eps_4q": 4.2,
            "eps_4q_growth_year": -24.74,
            "roe": 1.05,
            "roe_4q": 12.37,
            "gross_profit": 80792,
            "gross_margin": 39.32,
            "gross_margin_4q_avg": 40.03,
            "net_income": 9294,
            "revenue": 205494,
            "common_shares": 252000,
            "book_valuer_per_share": 35.41,
            "book_valuer_per_share_4q_avg": 34.35,
            "equity": 892299,
            "current_ratio": 381.5,
            "debt_ratio": 25.51,
            "inventory_turnover_ratio": 0.39,
            "account_receivable_turnover_ratio": 1.16,
            "reinvestment_rate": -6.69,
            "research_to_sale_ratio": 2.94,
            "price_fair": 167.27,
            "eps_avg_yearly": 4.78,
            "eps_latest_yearly": 1.48,
            "eps_growth_yearly": 24.97
        },
        "20202": {
            "year_quarter": 20202,
            "year": 2020,
            "quarter": 2,
            "eps": 0.7,
            "eps_growth_year": -48.15,
            "eps_4q": 3.58,
            "eps_4q_growth_year": -26.97,
            "roe": 2.06,
            "roe_4q": 10.52,
            "gross_profit": 83323,
            "gross_margin": 38.59,
            "gross_margin_4q_avg": 40,
            "net_income": 17738,
            "revenue": 215941,
            "common_shares": 252000,
            "book_valuer_per_share": 32.78,
            "book_valuer_per_share_4q_avg": 34.33,
            "equity": 826103,
            "current_ratio": 282.21,
            "debt_ratio": 31.18,
            "inventory_turnover_ratio": 0.4,
            "account_receivable_turnover_ratio": 1.36,
            "reinvestment_rate": -6.41,
            "research_to_sale_ratio": 2.66,
            "price_fair": 165.11,
            "eps_avg_yearly": 4.72,
            "eps_latest_yearly": 2.8,
            "eps_growth_yearly": 48.03
        },
        "20203": {
            "year_quarter": 20203,
            "year": 2020,
            "quarter": 3,
            "eps": 1.57,
            "eps_growth_year": 38.94,
            "eps_4q": 4.03,
            "eps_4q_growth_year": -15.05,
            "roe": 4.66,
            "roe_4q": 11.780000000000001,
            "gross_profit": 108110,
            "gross_margin": 39.65,
            "gross_margin_4q_avg": 39,
            "net_income": 39557,
            "revenue": 272631,
            "common_shares": 252000,
            "book_valuer_per_share": 34.58,
            "book_valuer_per_share_4q_avg": 34.48,
            "equity": 871457,
            "current_ratio": 367.52,
            "debt_ratio": 25.32,
            "inventory_turnover_ratio": 0.49,
            "account_receivable_turnover_ratio": 1.72,
            "reinvestment_rate": -3.79,
            "research_to_sale_ratio": 2.46,
            "price_fair": 170.19,
            "eps_avg_yearly": 4.86,
            "eps_latest_yearly": 6.28,
            "eps_growth_yearly": 78.32
        },
        "20204": {
            "year_quarter": 20204,
            "year": 2020,
            "quarter": 4,
            "eps": 1.12,
            "eps_growth_year": -19.51,
            "eps_4q": 3.76,
            "eps_4q_growth_year": -20.65,
            "roe": 3.17,
            "roe_4q": 10.940000000000001,
            "gross_profit": 108118,
            "gross_margin": 36.8,
            "gross_margin_4q_avg": 38.59,
            "net_income": 28142,
            "revenue": 293764,
            "common_shares": 252000,
            "book_valuer_per_share": 35.82,
            "book_valuer_per_share_4q_avg": 34.65,
            "equity": 902629,
            "current_ratio": 354.85,
            "debt_ratio": 25.95,
            "inventory_turnover_ratio": 0.6,
            "account_receivable_turnover_ratio": 1.72,
            "reinvestment_rate": -2.05,
            "research_to_sale_ratio": 3.04,
            "price_fair": 168.61,
            "eps_avg_yearly": 4.82,
            "eps_latest_yearly": 4.48,
            "eps_growth_yearly": 63.33
        },
        "20211": {
            "year_quarter": 20211,
            "year": 2021,
            "quarter": 1,
            "eps": 1.04,
            "eps_growth_year": 181.08,
            "eps_4q": 4.43,
            "eps_4q_growth_year": 5.46,
            "roe": 2.87,
            "roe_4q": 12.76,
            "gross_profit": 99844,
            "gross_margin": 36.6,
            "gross_margin_4q_avg": 37.91,
            "net_income": 26237,
            "revenue": 272786,
            "common_shares": 252000,
            "book_valuer_per_share": 36.7,
            "book_valuer_per_share_4q_avg": 34.97,
            "equity": 924726,
            "current_ratio": 303.19,
            "debt_ratio": 26.7,
            "inventory_turnover_ratio": 0.56,
            "account_receivable_turnover_ratio": 1.71,
            "reinvestment_rate": 19.23,
            "research_to_sale_ratio": 2.54,
            "price_fair": 170.89,
            "eps_avg_yearly": 4.88,
            "eps_latest_yearly": 4.16,
            "eps_growth_yearly": 71.54
        },
        "20212": {
            "year_quarter": 20212,
            "year": 2021,
            "quarter": 2,
            "eps": 1.35,
            "eps_growth_year": 92.86,
            "eps_4q": 5.08,
            "eps_4q_growth_year": 41.61,
            "roe": 3.61,
            "roe_4q": 14.31,
            "gross_profit": 115026,
            "gross_margin": 38.24,
            "gross_margin_4q_avg": 37.82,
            "net_income": 33960,
            "revenue": 300812,
            "common_shares": 252000,
            "book_valuer_per_share": 37.92,
            "book_valuer_per_share_4q_avg": 36.26,
            "equity": 955476,
            "current_ratio": 302.84,
            "debt_ratio": 26.75,
            "inventory_turnover_ratio": 0.54,
            "account_receivable_turnover_ratio": 1.94,
            "reinvestment_rate": 13.04,
            "research_to_sale_ratio": 2.3,
            "price_fair": 167.13,
            "eps_avg_yearly": 4.78,
            "eps_latest_yearly": 5.4,
            "eps_growth_yearly": 46.94
        },
        "20213": {
            "year_quarter": 20213,
            "year": 2021,
            "quarter": 3,
            "eps": 1.39,
            "eps_growth_year": -11.46,
            "eps_4q": 4.44,
            "eps_4q_growth_year": 10.24,
            "roe": 4.26,
            "roe_4q": 13.909999999999998,
            "gross_profit": 119194,
            "gross_margin": 38.18,
            "gross_margin_4q_avg": 37.46,
            "net_income": 40409,
            "revenue": 312162,
            "common_shares": 289800,
            "book_valuer_per_share": 32.47,
            "book_valuer_per_share_4q_avg": 35.73,
            "equity": 940871,
            "current_ratio": 263.34,
            "debt_ratio": 29.89,
            "inventory_turnover_ratio": 0.51,
            "account_receivable_turnover_ratio": 1.88,
            "reinvestment_rate": 11.12,
            "research_to_sale_ratio": 2.09,
            "price_fair": 166.95,
            "eps_avg_yearly": 4.77,
            "eps_latest_yearly": 5.56,
            "eps_growth_yearly": 52.88
        },
        "20214": {
            "year_quarter": 20214,
            "year": 2021,
            "quarter": 4,
            "eps": 1.14,
            "eps_growth_year": 1.72,
            "eps_4q": 4.61,
            "eps_4q_growth_year": 22.57,
            "roe": 3.45,
            "roe_4q": 14.190000000000001,
            "gross_profit": 122652,
            "gross_margin": 37.75,
            "gross_margin_4q_avg": 37.69,
            "net_income": 32921,
            "revenue": 324882,
            "common_shares": 289800,
            "book_valuer_per_share": 33.42,
            "book_valuer_per_share_4q_avg": 35.13,
            "equity": 968404,
            "current_ratio": 286.57,
            "debt_ratio": 27.69,
            "inventory_turnover_ratio": 0.51,
            "account_receivable_turnover_ratio": 1.85,
            "reinvestment_rate": 10.88,
            "research_to_sale_ratio": 2.82,
            "price_fair": 166.95,
            "eps_avg_yearly": 4.77,
            "eps_latest_yearly": 4.56,
            "eps_growth_yearly": 53.17
        },
        "20221": {
            "year_quarter": 20221,
            "year": 2022,
            "quarter": 1,
            "eps": 1.84,
            "eps_growth_year": 76.92,
            "eps_4q": 5.54,
            "eps_4q_growth_year": 24.96,
            "roe": 5.32,
            "roe_4q": 16.64,
            "gross_profit": 129013,
            "gross_margin": 37.23,
            "gross_margin_4q_avg": 37.85,
            "net_income": 53192,
            "revenue": 346504,
            "common_shares": 289800,
            "book_valuer_per_share": 35.59,
            "book_valuer_per_share_4q_avg": 34.85,
            "equity": 1031312,
            "current_ratio": 305.94,
            "debt_ratio": 26.35,
            "inventory_turnover_ratio": 0.53,
            "account_receivable_turnover_ratio": 1.76,
            "reinvestment_rate": 10.44,
            "research_to_sale_ratio": 2.32,
            "price_fair": 174.83,
            "eps_avg_yearly": 5,
            "eps_latest_yearly": 7.36,
            "eps_growth_yearly": 72.91
        },
        "20222": {
            "year_quarter": 20222,
            "year": 2022,
            "quarter": 2,
            "eps": 1.37,
            "eps_growth_year": 1.48,
            "eps_4q": 5.21,
            "eps_4q_growth_year": 2.66,
            "roe": 3.94,
            "roe_4q": 16.97,
            "gross_profit": 120347,
            "gross_margin": 40.09,
            "gross_margin_4q_avg": 38.31,
            "net_income": 39574,
            "revenue": 300159,
            "common_shares": 289800,
            "book_valuer_per_share": 33.8,
            "book_valuer_per_share_4q_avg": 33.82,
            "equity": 979478,
            "current_ratio": 249.25,
            "debt_ratio": 31.45,
            "inventory_turnover_ratio": 0.41,
            "account_receivable_turnover_ratio": 1.49,
            "reinvestment_rate": 10.58,
            "research_to_sale_ratio": 2.68,
            "price_fair": 169.05,
            "eps_avg_yearly": 4.83,
            "eps_latest_yearly": 5.48,
            "eps_growth_yearly": 37.53
        },
        "20223": {
            "year_quarter": 20223,
            "year": 2022,
            "quarter": 3,
            "eps": 1.67,
            "eps_growth_year": 20.14,
            "eps_4q": 5.61,
            "eps_4q_growth_year": 26.36,
            "roe": 5.28,
            "roe_4q": 17.990000000000002,
            "gross_profit": 129210,
            "gross_margin": 40.73,
            "gross_margin_4q_avg": 38.95,
            "net_income": 53272,
            "revenue": 317229,
            "common_shares": 318780,
            "book_valuer_per_share": 32.62,
            "book_valuer_per_share_4q_avg": 33.86,
            "equity": 1040018,
            "current_ratio": 308.78,
            "debt_ratio": 26.18,
            "inventory_turnover_ratio": 0.39,
            "account_receivable_turnover_ratio": 1.71,
            "reinvestment_rate": 11.15,
            "research_to_sale_ratio": 3.05,
            "price_fair": 173.16,
            "eps_avg_yearly": 4.95,
            "eps_latest_yearly": 6.68,
            "eps_growth_yearly": 53.23
        },
        "20224": {
            "year_quarter": 20224,
            "year": 2022,
            "quarter": 4,
            "eps": 1.37,
            "eps_growth_year": 20.25,
            "eps_4q": 5.95,
            "eps_4q_growth_year": 29.08,
            "roe": 4.09,
            "roe_4q": 18.630000000000003,
            "gross_profit": 139553,
            "gross_margin": 43.18,
            "gross_margin_4q_avg": 40.31,
            "net_income": 43548,
            "revenue": 323216,
            "common_shares": 318780,
            "book_valuer_per_share": 34.19,
            "book_valuer_per_share_4q_avg": 34.05,
            "equity": 1089811,
            "current_ratio": 339.12,
            "debt_ratio": 24.85,
            "inventory_turnover_ratio": 0.36,
            "account_receivable_turnover_ratio": 1.76,
            "reinvestment_rate": 10.62,
            "research_to_sale_ratio": 3.88,
            "price_fair": 172.64,
            "eps_avg_yearly": 4.93,
            "eps_latest_yearly": 5.48,
            "eps_growth_yearly": 43.94
        },
        "20231": {
            "year_quarter": 20231,
            "year": 2023,
            "quarter": 1,
            "eps": 1.06,
            "eps_growth_year": -42.39,
            "eps_4q": 5.34,
            "eps_4q_growth_year": -3.66,
            "roe": 3.25,
            "roe_4q": 16.560000000000002,
            "gross_profit": 113488,
            "gross_margin": 41.98,
            "gross_margin_4q_avg": 41.5,
            "net_income": 33679,
            "revenue": 270354,
            "common_shares": 318780,
            "book_valuer_per_share": 30.85,
            "book_valuer_per_share_4q_avg": 32.87,
            "equity": 983339,
            "current_ratio": 235.78,
            "debt_ratio": 33.79,
            "inventory_turnover_ratio": 0.3,
            "account_receivable_turnover_ratio": 1.59,
            "reinvestment_rate": 10.08,
            "research_to_sale_ratio": 3.36,
            "price_fair": 173.78,
            "eps_avg_yearly": 4.97,
            "eps_latest_yearly": 4.24,
            "eps_growth_yearly": 47.03
        }
    },
    "months": {
        "2010-11": {
            "month": "2010-11",
            "price": "42.39",
            "revenue": 36146
        },
        "2010-12": {
            "month": "2010-12",
            "price": "39.82",
            "revenue": 50960
        },
        "2011-01": {
            "month": "2011-01",
            "price": "37.96",
            "revenue": 38178
        },
        "2011-02": {
            "month": "2011-02",
            "price": "36.51",
            "revenue": 28906
        },
        "2011-03": {
            "month": "2011-03",
            "price": "37.90",
            "revenue": 56802
        },
        "2011-04": {
            "month": "2011-04",
            "price": "36.17",
            "revenue": 49543
        },
        "2011-05": {
            "month": "2011-05",
            "price": "36.74",
            "revenue": 75557
        },
        "2011-06": {
            "month": "2011-06",
            "price": "36.29",
            "revenue": 63965
        },
        "2011-07": {
            "month": "2011-07",
            "price": "36.90",
            "revenue": 69581
        },
        "2011-08": {
            "month": "2011-08",
            "price": "36.90",
            "revenue": 78325
        },
        "2011-09": {
            "month": "2011-09",
            "price": "36.50",
            "revenue": 72665
        },
        "2011-10": {
            "month": "2011-10",
            "price": "36.00",
            "revenue": 70867
        },
        "2011-11": {
            "month": "2011-11",
            "price": "37.19",
            "revenue": 57862
        },
        "2011-12": {
            "month": "2011-12",
            "price": "33.81",
            "revenue": 62457
        },
        "2012-01": {
            "month": "2012-01",
            "price": "32.94",
            "revenue": 46761
        },
        "2012-02": {
            "month": "2012-02",
            "price": "38.01",
            "revenue": 50635
        },
        "2012-03": {
            "month": "2012-03",
            "price": "47.82",
            "revenue": 69586
        },
        "2012-04": {
            "month": "2012-04",
            "price": "41.44",
            "revenue": 65553
        },
        "2012-05": {
            "month": "2012-05",
            "price": "42.60",
            "revenue": 64307
        },
        "2012-06": {
            "month": "2012-06",
            "price": "40.35",
            "revenue": 86740
        },
        "2012-07": {
            "month": "2012-07",
            "price": "41.52",
            "revenue": 57367
        },
        "2012-08": {
            "month": "2012-08",
            "price": "43.58",
            "revenue": 63855
        },
        "2012-09": {
            "month": "2012-09",
            "price": "40.78",
            "revenue": 50739
        },
        "2012-10": {
            "month": "2012-10",
            "price": "37.27",
            "revenue": 68231
        },
        "2012-11": {
            "month": "2012-11",
            "price": "37.26",
            "revenue": 67263
        },
        "2012-12": {
            "month": "2012-12",
            "price": "38.89",
            "revenue": 55561
        },
        "2013-01": {
            "month": "2013-01",
            "price": "39.15",
            "revenue": 81906
        },
        "2013-02": {
            "month": "2013-02",
            "price": "42.26",
            "revenue": 37596
        },
        "2013-03": {
            "month": "2013-03",
            "price": "48.20",
            "revenue": 67782
        },
        "2013-04": {
            "month": "2013-04",
            "price": "45.50",
            "revenue": 69442
        },
        "2013-05": {
            "month": "2013-05",
            "price": "42.47",
            "revenue": 78267
        },
        "2013-06": {
            "month": "2013-06",
            "price": "42.49",
            "revenue": 69135
        },
        "2013-07": {
            "month": "2013-07",
            "price": "44.73",
            "revenue": 99155
        },
        "2013-08": {
            "month": "2013-08",
            "price": "52.82",
            "revenue": 94756
        },
        "2013-09": {
            "month": "2013-09",
            "price": "58.24",
            "revenue": 90055
        },
        "2013-10": {
            "month": "2013-10",
            "price": "60.52",
            "revenue": 102855
        },
        "2013-11": {
            "month": "2013-11",
            "price": "67.98",
            "revenue": 95494
        },
        "2013-12": {
            "month": "2013-12",
            "price": "85.10",
            "revenue": 72303
        },
        "2014-01": {
            "month": "2014-01",
            "price": "89.51",
            "revenue": 90954
        },
        "2014-02": {
            "month": "2014-02",
            "price": "94.09",
            "revenue": 95816
        },
        "2014-03": {
            "month": "2014-03",
            "price": "115.43",
            "revenue": 102554
        },
        "2014-04": {
            "month": "2014-04",
            "price": "115.19",
            "revenue": 116323
        },
        "2014-05": {
            "month": "2014-05",
            "price": "110.95",
            "revenue": 94296
        },
        "2014-06": {
            "month": "2014-06",
            "price": "111.70",
            "revenue": 111005
        },
        "2014-07": {
            "month": "2014-07",
            "price": "114.55",
            "revenue": 103939
        },
        "2014-08": {
            "month": "2014-08",
            "price": "106.55",
            "revenue": 98091
        },
        "2014-09": {
            "month": "2014-09",
            "price": "96.42",
            "revenue": 106044
        },
        "2014-10": {
            "month": "2014-10",
            "price": "90.50",
            "revenue": 113803
        },
        "2014-11": {
            "month": "2014-11",
            "price": "88.48",
            "revenue": 100239
        },
        "2014-12": {
            "month": "2014-12",
            "price": "89.23",
            "revenue": 106049
        },
        "2015-01": {
            "month": "2015-01",
            "price": "96.40",
            "revenue": 93419
        },
        "2015-02": {
            "month": "2015-02",
            "price": "94.69",
            "revenue": 77288
        },
        "2015-03": {
            "month": "2015-03",
            "price": "89.80",
            "revenue": 100725
        },
        "2015-04": {
            "month": "2015-04",
            "price": "92.56",
            "revenue": 93931
        },
        "2015-05": {
            "month": "2015-05",
            "price": "87.44",
            "revenue": 97059
        },
        "2015-06": {
            "month": "2015-06",
            "price": "85.52",
            "revenue": 92895
        },
        "2015-07": {
            "month": "2015-07",
            "price": "80.84",
            "revenue": 104820
        },
        "2015-08": {
            "month": "2015-08",
            "price": "66.90",
            "revenue": 102436
        },
        "2015-09": {
            "month": "2015-09",
            "price": "67.44",
            "revenue": 89691
        },
        "2015-10": {
            "month": "2015-10",
            "price": "69.80",
            "revenue": 92326
        },
        "2015-11": {
            "month": "2015-11",
            "price": "82.71",
            "revenue": 75248
        },
        "2015-12": {
            "month": "2015-12",
            "price": "73.16",
            "revenue": 73597
        },
        "2016-01": {
            "month": "2016-01",
            "price": "63.92",
            "revenue": 80923
        },
        "2016-02": {
            "month": "2016-02",
            "price": "68.85",
            "revenue": 54798
        },
        "2016-03": {
            "month": "2016-03",
            "price": "68.78",
            "revenue": 85956
        },
        "2016-04": {
            "month": "2016-04",
            "price": "63.36",
            "revenue": 82715
        },
        "2016-05": {
            "month": "2016-05",
            "price": "57.69",
            "revenue": 83227
        },
        "2016-06": {
            "month": "2016-06",
            "price": "56.97",
            "revenue": 83426
        },
        "2016-07": {
            "month": "2016-07",
            "price": "58.26",
            "revenue": 73939
        },
        "2016-08": {
            "month": "2016-08",
            "price": "56.04",
            "revenue": 83294
        },
        "2016-09": {
            "month": "2016-09",
            "price": "49.03",
            "revenue": 87145
        },
        "2016-10": {
            "month": "2016-10",
            "price": "46.41",
            "revenue": 93495
        },
        "2016-11": {
            "month": "2016-11",
            "price": "44.97",
            "revenue": 70106
        },
        "2016-12": {
            "month": "2016-12",
            "price": "46.40",
            "revenue": 93163
        },
        "2017-01": {
            "month": "2017-01",
            "price": "46.98",
            "revenue": 77397
        },
        "2017-02": {
            "month": "2017-02",
            "price": "50.32",
            "revenue": 61899
        },
        "2017-03": {
            "month": "2017-03",
            "price": "50.95",
            "revenue": 96207
        },
        "2017-04": {
            "month": "2017-04",
            "price": "53.72",
            "revenue": 69114
        },
        "2017-05": {
            "month": "2017-05",
            "price": "51.76",
            "revenue": 89731
        },
        "2017-06": {
            "month": "2017-06",
            "price": "51.66",
            "revenue": 106055
        },
        "2017-07": {
            "month": "2017-07",
            "price": "53.40",
            "revenue": 81445
        },
        "2017-08": {
            "month": "2017-08",
            "price": "60.00",
            "revenue": 96478
        },
        "2017-09": {
            "month": "2017-09",
            "price": "67.16",
            "revenue": 92847
        },
        "2017-10": {
            "month": "2017-10",
            "price": "67.81",
            "revenue": 90473
        },
        "2017-11": {
            "month": "2017-11",
            "price": "66.75",
            "revenue": 81989
        },
        "2017-12": {
            "month": "2017-12",
            "price": "62.84",
            "revenue": 87329
        },
        "2018-01": {
            "month": "2018-01",
            "price": "61.82",
            "revenue": 82874
        },
        "2018-02": {
            "month": "2018-02",
            "price": "61.87",
            "revenue": 63024
        },
        "2018-03": {
            "month": "2018-03",
            "price": "62.39",
            "revenue": 86942
        },
        "2018-04": {
            "month": "2018-04",
            "price": "61.46",
            "revenue": 85746
        },
        "2018-05": {
            "month": "2018-05",
            "price": "60.26",
            "revenue": 111357
        },
        "2018-06": {
            "month": "2018-06",
            "price": "63.06",
            "revenue": 93988
        },
        "2018-07": {
            "month": "2018-07",
            "price": "60.88",
            "revenue": 90743
        },
        "2018-08": {
            "month": "2018-08",
            "price": "61.72",
            "revenue": 92681
        },
        "2018-09": {
            "month": "2018-09",
            "price": "60.93",
            "revenue": 76329
        },
        "2018-10": {
            "month": "2018-10",
            "price": "56.14",
            "revenue": 94524
        },
        "2018-11": {
            "month": "2018-11",
            "price": "53.55",
            "revenue": 75599
        },
        "2018-12": {
            "month": "2018-12",
            "price": "55.01",
            "revenue": 95828
        },
        "2019-01": {
            "month": "2019-01",
            "price": "55.55",
            "revenue": 66963
        },
        "2019-02": {
            "month": "2019-02",
            "price": "57.39",
            "revenue": 61064
        },
        "2019-03": {
            "month": "2019-03",
            "price": "58.24",
            "revenue": 90994
        },
        "2019-04": {
            "month": "2019-04",
            "price": "61.84",
            "revenue": 105807
        },
        "2019-05": {
            "month": "2019-05",
            "price": "62.55",
            "revenue": 84213
        },
        "2019-06": {
            "month": "2019-06",
            "price": "63.42",
            "revenue": 99455
        },
        "2019-07": {
            "month": "2019-07",
            "price": "64.58",
            "revenue": 84999
        },
        "2019-08": {
            "month": "2019-08",
            "price": "63.47",
            "revenue": 89453
        },
        "2019-09": {
            "month": "2019-09",
            "price": "58.07",
            "revenue": 80083
        },
        "2019-10": {
            "month": "2019-10",
            "price": "57.61",
            "revenue": 101806
        },
        "2019-11": {
            "month": "2019-11",
            "price": "59.23",
            "revenue": 97371
        },
        "2019-12": {
            "month": "2019-12",
            "price": "59.82",
            "revenue": 113355
        },
        "2020-01": {
            "month": "2020-01",
            "price": "60.11",
            "revenue": 58865
        },
        "2020-02": {
            "month": "2020-02",
            "price": "58.62",
            "revenue": 69311
        },
        "2020-03": {
            "month": "2020-03",
            "price": "52.54",
            "revenue": 77317
        },
        "2020-04": {
            "month": "2020-04",
            "price": "49.57",
            "revenue": 65257
        },
        "2020-05": {
            "month": "2020-05",
            "price": "49.16",
            "revenue": 71064
        },
        "2020-06": {
            "month": "2020-06",
            "price": "50.15",
            "revenue": 79620
        },
        "2020-07": {
            "month": "2020-07",
            "price": "48.00",
            "revenue": 84943
        },
        "2020-08": {
            "month": "2020-08",
            "price": "47.56",
            "revenue": 83173
        },
        "2020-09": {
            "month": "2020-09",
            "price": "47.82",
            "revenue": 104516
        },
        "2020-10": {
            "month": "2020-10",
            "price": "47.11",
            "revenue": 74302
        },
        "2020-11": {
            "month": "2020-11",
            "price": "48.11",
            "revenue": 98534
        },
        "2020-12": {
            "month": "2020-12",
            "price": "49.22",
            "revenue": 120928
        },
        "2021-01": {
            "month": "2021-01",
            "price": "49.19",
            "revenue": 97926
        },
        "2021-02": {
            "month": "2021-02",
            "price": "49.57",
            "revenue": 75892
        },
        "2021-03": {
            "month": "2021-03",
            "price": "52.87",
            "revenue": 98969
        },
        "2021-04": {
            "month": "2021-04",
            "price": "57.28",
            "revenue": 106947
        },
        "2021-05": {
            "month": "2021-05",
            "price": "55.76",
            "revenue": 96227
        },
        "2021-06": {
            "month": "2021-06",
            "price": "55.73",
            "revenue": 97637
        },
        "2021-07": {
            "month": "2021-07",
            "price": "57.46",
            "revenue": 98092
        },
        "2021-08": {
            "month": "2021-08",
            "price": "57.95",
            "revenue": 94009
        },
        "2021-09": {
            "month": "2021-09",
            "price": "57.44",
            "revenue": 120061
        },
        "2021-10": {
            "month": "2021-10",
            "price": "50.76",
            "revenue": 109585
        },
        "2021-11": {
            "month": "2021-11",
            "price": "51.82",
            "revenue": 99924
        },
        "2021-12": {
            "month": "2021-12",
            "price": "52.14",
            "revenue": 115373
        },
        "2022-01": {
            "month": "2022-01",
            "price": "52.63",
            "revenue": 113802
        },
        "2022-02": {
            "month": "2022-02",
            "price": "54.40",
            "revenue": 106858
        },
        "2022-03": {
            "month": "2022-03",
            "price": "55.87",
            "revenue": 125844
        },
        "2022-04": {
            "month": "2022-04",
            "price": "59.85",
            "revenue": 92118
        },
        "2022-05": {
            "month": "2022-05",
            "price": "59.68",
            "revenue": 107646
        },
        "2022-06": {
            "month": "2022-06",
            "price": "60.71",
            "revenue": 100395
        },
        "2022-07": {
            "month": "2022-07",
            "price": "58.56",
            "revenue": 109242
        },
        "2022-08": {
            "month": "2022-08",
            "price": "56.34",
            "revenue": 104120
        },
        "2022-09": {
            "month": "2022-09",
            "price": "55.58",
            "revenue": 103867
        },
        "2022-10": {
            "month": "2022-10",
            "price": "54.41",
            "revenue": 117113
        },
        "2022-11": {
            "month": "2022-11",
            "price": "56.14",
            "revenue": 99589
        },
        "2022-12": {
            "month": "2022-12",
            "price": "57.76",
            "revenue": 106514
        },
        "2023-01": {
            "month": "2023-01",
            "price": "58.21",
            "revenue": 70894
        },
        "2023-02": {
            "month": "2023-02",
            "price": "58.63",
            "revenue": 97497
        },
        "2023-03": {
            "month": "2023-03",
            "price": "60.13",
            "revenue": 101963
        },
        "2023-04": {
            "month": "2023-04",
            "price": "60.94",
            "revenue": 123561
        },
        "2023-05": {
            "month": "2023-05",
            "price": "62.48",
            "revenue": 79190
        }
    }
}
