{
    "summary": {
        "stock_name": "環宇-KY",
        "stock_id": "4991",
        "category": "半導體",
        "main_business": "砷化鎵/磷化銦/氮化鎵及碳化矽高階射頻及光電元件化合物晶圓代工<br>自有品牌光電元件產品之研究、開發、製造及銷售業務<br>相關智慧財產權授權",
        "website_url": "http://gcsincorp.com",
        "ceo": "安寶信( 總執行長暨總裁)",
        "pe_ratio": -3,
        "report_year_from": 2011,
        "report_year_to": 2023,
        "age": 12,
        "eps_negative_percentage": 36,
        "eps_growth_avg": {
            "last_all": -2.71,
            "last_2y": -100,
            "last_4y": -46.9,
            "last_8y": -2.71,
            "last_12y": null,
            "last_16y": null,
            "last_20y": null,
            "at_2006_last_3y": null,
            "at_2007_last_3y": null,
            "at_2008_last_3y": null,
            "at_2009_last_3y": null,
            "at_2010_last_3y": null,
            "at_2011_last_3y": null,
            "at_2012_last_3y": null,
            "at_2013_last_3y": null,
            "at_2014_last_3y": null,
            "at_2015_last_3y": null,
            "at_2016_last_3y": null,
            "at_2017_last_3y": 30.43,
            "at_2018_last_3y": 1.49,
            "at_2019_last_3y": -12.07,
            "at_2020_last_3y": -32.69,
            "at_2021_last_3y": -46.9,
            "at_2022_last_3y": -62.47,
            "at_2023_last_3y": -62.47,
            "at_2006_last_all": null,
            "at_2007_last_all": null,
            "at_2008_last_all": null,
            "at_2009_last_all": null,
            "at_2010_last_all": null,
            "at_2011_last_all": null,
            "at_2012_last_all": null,
            "at_2013_last_all": null,
            "at_2014_last_all": null,
            "at_2015_last_all": 64.66,
            "at_2016_last_all": 37.26,
            "at_2017_last_all": 30.43,
            "at_2018_last_all": 21.19,
            "at_2019_last_all": 13.5,
            "at_2020_last_all": -2.71,
            "at_2021_last_all": -2.71,
            "at_2022_last_all": -2.71,
            "at_2023_last_all": -2.71
        },
        "latest_eps": -9.55,
        "latest_price": 32.8,
        "latest_roe": -27.74,
        "latest_gross_margin": 12.75,
        "latest_equity": 3408723,
        "latest_revenue": 270481,
        "latest_gross_profit": 34484,
        "latest_net_income": -293481,
        "latest_debt_ratio": 20.16,
        "latest_current_ratio": 219.68,
        "latest_account_receivable_turnover_ratio": 1.29,
        "latest_inventory_turnover_ratio": 0.67,
        "latest_reinvestment_rate": null,
        "latest_research_to_sale_ratio": 20.37
    },
    "eps_dividends": {
        "2001": {
            "cash": 0,
            "stock": 0,
            "eps": 0
        },
        "2002": {
            "cash": 0,
            "stock": 0,
            "eps": 0
        },
        "2003": {
            "cash": 0,
            "stock": 0,
            "eps": 0
        },
        "2004": {
            "cash": 0,
            "stock": 0,
            "eps": 0
        },
        "2005": {
            "cash": 0,
            "stock": 0,
            "eps": 0
        },
        "2006": {
            "cash": 0,
            "stock": 0,
            "eps": 0
        },
        "2007": {
            "cash": 0,
            "stock": 0,
            "eps": 0
        },
        "2008": {
            "cash": 0,
            "stock": 0,
            "eps": 0
        },
        "2009": {
            "cash": 0,
            "stock": 0,
            "eps": 0
        },
        "2010": {
            "cash": 0,
            "stock": 0,
            "eps": 0
        },
        "2011": {
            "cash": 0,
            "stock": 0,
            "eps": 0
        },
        "2012": {
            "cash": 0.2,
            "stock": 0,
            "eps": 0
        },
        "2013": {
            "cash": 0,
            "stock": 0,
            "eps": 0.6
        },
        "2014": {
            "cash": 0.1,
            "stock": 0.9,
            "eps": 4.06
        },
        "2015": {
            "cash": 0.25,
            "stock": 2.25,
            "eps": 5.25
        },
        "2016": {
            "cash": 0.25,
            "stock": 2.25,
            "eps": 4.33
        },
        "2017": {
            "cash": 1,
            "stock": 0,
            "eps": 4.76
        },
        "2018": {
            "cash": 1,
            "stock": 0,
            "eps": 4.01
        },
        "2019": {
            "cash": 1.2,
            "stock": 0,
            "eps": 3.01
        },
        "2020": {
            "cash": 0.51,
            "stock": 0,
            "eps": -1.27
        },
        "2021": {
            "cash": 0,
            "stock": 0,
            "eps": -3.88
        },
        "2022": {
            "cash": 0,
            "stock": 0,
            "eps": -8.51
        },
        "2023": {
            "cash": 0,
            "stock": 0,
            "eps": -2.66
        }
    },
    "dividends": {
        "2012-06-28": {
            "cash": 0.2,
            "stock": 0
        },
        "2014-12-09": {
            "cash": 0.1,
            "stock": 0.9
        },
        "2015-10-30": {
            "cash": 0.25,
            "stock": 2.25
        },
        "2016-11-18": {
            "cash": 0.25,
            "stock": 2.25
        },
        "2017-10-20": {
            "cash": 1,
            "stock": 0
        },
        "2018-09-14": {
            "cash": 1,
            "stock": 0
        },
        "2019-11-01": {
            "cash": 1.2,
            "stock": 0
        },
        "2020-11-06": {
            "cash": 0.51,
            "stock": 0
        }
    },
    "prices": {
        "200101": "無",
        "200102": "無",
        "200103": "無",
        "200104": "無",
        "200105": "無",
        "200106": "無",
        "200107": "無",
        "200108": "無",
        "200109": "無",
        "200110": "無",
        "200111": "無",
        "200112": "無",
        "200201": "無",
        "200202": "無",
        "200203": "無",
        "200204": "無",
        "200205": "無",
        "200206": "無",
        "200207": "無",
        "200208": "無",
        "200209": "無",
        "200210": "無",
        "200211": "無",
        "200212": "無",
        "200301": "無",
        "200302": "無",
        "200303": "無",
        "200304": "無",
        "200305": "無",
        "200306": "無",
        "200307": "無",
        "200308": "無",
        "200309": "無",
        "200310": "無",
        "200311": "無",
        "200312": "無",
        "200401": "無",
        "200402": "無",
        "200403": "無",
        "200404": "無",
        "200405": "無",
        "200406": "無",
        "200407": "無",
        "200408": "無",
        "200409": "無",
        "200410": "無",
        "200411": "無",
        "200412": "無",
        "200501": "無",
        "200502": "無",
        "200503": "無",
        "200504": "無",
        "200505": "無",
        "200506": "無",
        "200507": "無",
        "200508": "無",
        "200509": "無",
        "200510": "無",
        "200511": "無",
        "200512": "無",
        "200601": "無",
        "200602": "無",
        "200603": "無",
        "200604": "無",
        "200605": "無",
        "200606": "無",
        "200607": "無",
        "200608": "無",
        "200609": "無",
        "200610": "無",
        "200611": "無",
        "200612": "無",
        "200701": "無",
        "200702": "無",
        "200703": "無",
        "200704": "無",
        "200705": "無",
        "200706": "無",
        "200707": "無",
        "200708": "無",
        "200709": "無",
        "200710": "無",
        "200711": "無",
        "200712": "無",
        "200801": "無",
        "200802": "無",
        "200803": "無",
        "200804": "無",
        "200805": "無",
        "200806": "無",
        "200807": "無",
        "200808": "無",
        "200809": "無",
        "200810": "無",
        "200811": "無",
        "200812": "無",
        "200901": "無",
        "200902": "無",
        "200903": "無",
        "200904": "無",
        "200905": "無",
        "200906": "無",
        "200907": "無",
        "200908": "無",
        "200909": "無",
        "200910": "無",
        "200911": "無",
        "200912": "無",
        "201001": "無",
        "201002": "無",
        "201003": "無",
        "201004": "無",
        "201005": "無",
        "201006": "無",
        "201007": "無",
        "201008": "無",
        "201009": "無",
        "201010": "無",
        "201011": "無",
        "201012": "無",
        "201101": "無",
        "201102": "無",
        "201103": "無",
        "201104": "無",
        "201105": "無",
        "201106": "無",
        "201107": "無",
        "201108": "無",
        "201109": "無",
        "201110": "無",
        "201111": "無",
        "201112": "無",
        "201201": "無",
        "201202": "無",
        "201203": "42.25",
        "201204": "36.82",
        "201205": "34.35",
        "201206": "30.97",
        "201207": "27.39",
        "201208": "21.48",
        "201209": "23.82",
        "201210": "22.47",
        "201211": "16.47",
        "201212": "17.12",
        "201301": "18.58",
        "201302": "16.18",
        "201303": "17.98",
        "201304": "18.64",
        "201305": "21.34",
        "201306": "23.13",
        "201307": "27.16",
        "201308": "25.94",
        "201309": "22.65",
        "201310": "29.19",
        "201311": "25.54",
        "201312": "26.45",
        "201401": "29.59",
        "201402": "38.44",
        "201403": "40.33",
        "201404": "50.66",
        "201405": "54.01",
        "201406": "54.85",
        "201407": "55.50",
        "201408": "52.56",
        "201409": "54.08",
        "201410": "50.01",
        "201411": "48.08",
        "201412": "52.03",
        "201501": "60.00",
        "201502": "61.02",
        "201503": "67.43",
        "201504": "77.38",
        "201505": "84.63",
        "201506": "88.66",
        "201507": "77.19",
        "201508": "63.85",
        "201509": "60.98",
        "201510": "75.03",
        "201511": "74.06",
        "201512": "72.98",
        "201601": "72.90",
        "201602": "78.58",
        "201603": "90.69",
        "201604": "91.01",
        "201605": "91.69",
        "201606": "92.80",
        "201607": "87.05",
        "201608": "79.95",
        "201609": "77.77",
        "201610": "69.08",
        "201611": "66.74",
        "201612": "64.92",
        "201701": "60.36",
        "201702": "56.69",
        "201703": "51.47",
        "201704": "54.48",
        "201705": "58.90",
        "201706": "67.52",
        "201707": "63.76",
        "201708": "70.47",
        "201709": "68.00",
        "201710": "71.67",
        "201711": "73.49",
        "201712": "85.45",
        "201801": "86.90",
        "201802": "81.28",
        "201803": "82.07",
        "201804": "73.53",
        "201805": "69.35",
        "201806": "72.22",
        "201807": "66.97",
        "201808": "58.17",
        "201809": "56.29",
        "201810": "48.48",
        "201811": "50.55",
        "201812": "52.92",
        "201901": "54.09",
        "201902": "58.49",
        "201903": "59.98",
        "201904": "61.40",
        "201905": "55.00",
        "201906": "53.84",
        "201907": "58.17",
        "201908": "62.00",
        "201909": "61.53",
        "201910": "63.62",
        "201911": "71.16",
        "201912": "69.00",
        "202001": "67.99",
        "202002": "63.59",
        "202003": "52.02",
        "202004": "49.92",
        "202005": "53.27",
        "202006": "52.78",
        "202007": "54.07",
        "202008": "49.66",
        "202009": "48.77",
        "202010": "48.06",
        "202011": "48.64",
        "202012": "50.02",
        "202101": "51.94",
        "202102": "51.01",
        "202103": "50.05",
        "202104": "51.48",
        "202105": "44.91",
        "202106": "44.85",
        "202107": "46.35",
        "202108": "48.65",
        "202109": "49.15",
        "202110": "46.94",
        "202111": "51.25",
        "202112": "49.75",
        "202201": "47.07",
        "202202": "45.36",
        "202203": "43.05",
        "202204": "40.66",
        "202205": "37.23",
        "202206": "35.78",
        "202207": "38.23",
        "202208": "39.57",
        "202209": "39.98",
        "202210": "37.07",
        "202211": "38.10",
        "202212": "39.04",
        "202301": "38.71",
        "202302": "38.47",
        "202303": "36.30",
        "202304": "34.55",
        "202305": "29.76",
        "202306": "30.97"
    },
    "quarters": {
        "20011": {
            "year_quarter": 20011,
            "year": 2001,
            "quarter": 1,
            "eps": null,
            "eps_growth_year": null,
            "eps_4q": null,
            "eps_4q_growth_year": null,
            "roe": null,
            "roe_4q": 0,
            "gross_profit": null,
            "gross_margin": null,
            "gross_margin_4q_avg": 0,
            "net_income": null,
            "revenue": null,
            "common_shares": null,
            "book_valuer_per_share": null,
            "book_valuer_per_share_4q_avg": 0,
            "equity": null,
            "current_ratio": null,
            "debt_ratio": null,
            "inventory_turnover_ratio": null,
            "account_receivable_turnover_ratio": null,
            "reinvestment_rate": null,
            "research_to_sale_ratio": null,
            "price_fair": 0,
            "eps_avg_yearly": 0,
            "eps_latest_yearly": 0,
            "eps_growth_yearly": 0
        },
        "20012": {
            "year_quarter": 20012,
            "year": 2001,
            "quarter": 2,
            "eps": null,
            "eps_growth_year": null,
            "eps_4q": null,
            "eps_4q_growth_year": null,
            "roe": null,
            "roe_4q": 0,
            "gross_profit": null,
            "gross_margin": null,
            "gross_margin_4q_avg": 0,
            "net_income": null,
            "revenue": null,
            "common_shares": null,
            "book_valuer_per_share": null,
            "book_valuer_per_share_4q_avg": 0,
            "equity": null,
            "current_ratio": null,
            "debt_ratio": null,
            "inventory_turnover_ratio": null,
            "account_receivable_turnover_ratio": null,
            "reinvestment_rate": null,
            "research_to_sale_ratio": null,
            "price_fair": 0,
            "eps_avg_yearly": 0,
            "eps_latest_yearly": 0,
            "eps_growth_yearly": 0
        },
        "20013": {
            "year_quarter": 20013,
            "year": 2001,
            "quarter": 3,
            "eps": null,
            "eps_growth_year": null,
            "eps_4q": null,
            "eps_4q_growth_year": null,
            "roe": null,
            "roe_4q": 0,
            "gross_profit": null,
            "gross_margin": null,
            "gross_margin_4q_avg": 0,
            "net_income": null,
            "revenue": null,
            "common_shares": null,
            "book_valuer_per_share": null,
            "book_valuer_per_share_4q_avg": 0,
            "equity": null,
            "current_ratio": null,
            "debt_ratio": null,
            "inventory_turnover_ratio": null,
            "account_receivable_turnover_ratio": null,
            "reinvestment_rate": null,
            "research_to_sale_ratio": null,
            "price_fair": 0,
            "eps_avg_yearly": 0,
            "eps_latest_yearly": 0,
            "eps_growth_yearly": 0
        },
        "20014": {
            "year_quarter": 20014,
            "year": 2001,
            "quarter": 4,
            "eps": null,
            "eps_growth_year": null,
            "eps_4q": null,
            "eps_4q_growth_year": null,
            "roe": null,
            "roe_4q": 0,
            "gross_profit": null,
            "gross_margin": null,
            "gross_margin_4q_avg": 0,
            "net_income": null,
            "revenue": null,
            "common_shares": null,
            "book_valuer_per_share": null,
            "book_valuer_per_share_4q_avg": 0,
            "equity": null,
            "current_ratio": null,
            "debt_ratio": null,
            "inventory_turnover_ratio": null,
            "account_receivable_turnover_ratio": null,
            "reinvestment_rate": null,
            "research_to_sale_ratio": null,
            "price_fair": 0,
            "eps_avg_yearly": 0,
            "eps_latest_yearly": 0,
            "eps_growth_yearly": 0
        },
        "20021": {
            "year_quarter": 20021,
            "year": 2002,
            "quarter": 1,
            "eps": null,
            "eps_growth_year": null,
            "eps_4q": null,
            "eps_4q_growth_year": null,
            "roe": null,
            "roe_4q": 0,
            "gross_profit": null,
            "gross_margin": null,
            "gross_margin_4q_avg": 0,
            "net_income": null,
            "revenue": null,
            "common_shares": null,
            "book_valuer_per_share": null,
            "book_valuer_per_share_4q_avg": 0,
            "equity": null,
            "current_ratio": null,
            "debt_ratio": null,
            "inventory_turnover_ratio": null,
            "account_receivable_turnover_ratio": null,
            "reinvestment_rate": null,
            "research_to_sale_ratio": null,
            "price_fair": 0,
            "eps_avg_yearly": 0,
            "eps_latest_yearly": 0,
            "eps_growth_yearly": 0
        },
        "20022": {
            "year_quarter": 20022,
            "year": 2002,
            "quarter": 2,
            "eps": null,
            "eps_growth_year": null,
            "eps_4q": null,
            "eps_4q_growth_year": null,
            "roe": null,
            "roe_4q": 0,
            "gross_profit": null,
            "gross_margin": null,
            "gross_margin_4q_avg": 0,
            "net_income": null,
            "revenue": null,
            "common_shares": null,
            "book_valuer_per_share": null,
            "book_valuer_per_share_4q_avg": 0,
            "equity": null,
            "current_ratio": null,
            "debt_ratio": null,
            "inventory_turnover_ratio": null,
            "account_receivable_turnover_ratio": null,
            "reinvestment_rate": null,
            "research_to_sale_ratio": null,
            "price_fair": 0,
            "eps_avg_yearly": 0,
            "eps_latest_yearly": 0,
            "eps_growth_yearly": 0
        },
        "20023": {
            "year_quarter": 20023,
            "year": 2002,
            "quarter": 3,
            "eps": null,
            "eps_growth_year": null,
            "eps_4q": null,
            "eps_4q_growth_year": null,
            "roe": null,
            "roe_4q": 0,
            "gross_profit": null,
            "gross_margin": null,
            "gross_margin_4q_avg": 0,
            "net_income": null,
            "revenue": null,
            "common_shares": null,
            "book_valuer_per_share": null,
            "book_valuer_per_share_4q_avg": 0,
            "equity": null,
            "current_ratio": null,
            "debt_ratio": null,
            "inventory_turnover_ratio": null,
            "account_receivable_turnover_ratio": null,
            "reinvestment_rate": null,
            "research_to_sale_ratio": null,
            "price_fair": 0,
            "eps_avg_yearly": 0,
            "eps_latest_yearly": 0,
            "eps_growth_yearly": 0
        },
        "20024": {
            "year_quarter": 20024,
            "year": 2002,
            "quarter": 4,
            "eps": null,
            "eps_growth_year": null,
            "eps_4q": null,
            "eps_4q_growth_year": null,
            "roe": null,
            "roe_4q": 0,
            "gross_profit": null,
            "gross_margin": null,
            "gross_margin_4q_avg": 0,
            "net_income": null,
            "revenue": null,
            "common_shares": null,
            "book_valuer_per_share": null,
            "book_valuer_per_share_4q_avg": 0,
            "equity": null,
            "current_ratio": null,
            "debt_ratio": null,
            "inventory_turnover_ratio": null,
            "account_receivable_turnover_ratio": null,
            "reinvestment_rate": null,
            "research_to_sale_ratio": null,
            "price_fair": 0,
            "eps_avg_yearly": 0,
            "eps_latest_yearly": 0,
            "eps_growth_yearly": 0
        },
        "20031": {
            "year_quarter": 20031,
            "year": 2003,
            "quarter": 1,
            "eps": null,
            "eps_growth_year": null,
            "eps_4q": null,
            "eps_4q_growth_year": null,
            "roe": null,
            "roe_4q": 0,
            "gross_profit": null,
            "gross_margin": null,
            "gross_margin_4q_avg": 0,
            "net_income": null,
            "revenue": null,
            "common_shares": null,
            "book_valuer_per_share": null,
            "book_valuer_per_share_4q_avg": 0,
            "equity": null,
            "current_ratio": null,
            "debt_ratio": null,
            "inventory_turnover_ratio": null,
            "account_receivable_turnover_ratio": null,
            "reinvestment_rate": null,
            "research_to_sale_ratio": null,
            "price_fair": 0,
            "eps_avg_yearly": 0,
            "eps_latest_yearly": 0,
            "eps_growth_yearly": 0
        },
        "20032": {
            "year_quarter": 20032,
            "year": 2003,
            "quarter": 2,
            "eps": null,
            "eps_growth_year": null,
            "eps_4q": null,
            "eps_4q_growth_year": null,
            "roe": null,
            "roe_4q": 0,
            "gross_profit": null,
            "gross_margin": null,
            "gross_margin_4q_avg": 0,
            "net_income": null,
            "revenue": null,
            "common_shares": null,
            "book_valuer_per_share": null,
            "book_valuer_per_share_4q_avg": 0,
            "equity": null,
            "current_ratio": null,
            "debt_ratio": null,
            "inventory_turnover_ratio": null,
            "account_receivable_turnover_ratio": null,
            "reinvestment_rate": null,
            "research_to_sale_ratio": null,
            "price_fair": 0,
            "eps_avg_yearly": 0,
            "eps_latest_yearly": 0,
            "eps_growth_yearly": 0
        },
        "20033": {
            "year_quarter": 20033,
            "year": 2003,
            "quarter": 3,
            "eps": null,
            "eps_growth_year": null,
            "eps_4q": null,
            "eps_4q_growth_year": null,
            "roe": null,
            "roe_4q": 0,
            "gross_profit": null,
            "gross_margin": null,
            "gross_margin_4q_avg": 0,
            "net_income": null,
            "revenue": null,
            "common_shares": null,
            "book_valuer_per_share": null,
            "book_valuer_per_share_4q_avg": 0,
            "equity": null,
            "current_ratio": null,
            "debt_ratio": null,
            "inventory_turnover_ratio": null,
            "account_receivable_turnover_ratio": null,
            "reinvestment_rate": null,
            "research_to_sale_ratio": null,
            "price_fair": 0,
            "eps_avg_yearly": 0,
            "eps_latest_yearly": 0,
            "eps_growth_yearly": 0
        },
        "20034": {
            "year_quarter": 20034,
            "year": 2003,
            "quarter": 4,
            "eps": null,
            "eps_growth_year": null,
            "eps_4q": null,
            "eps_4q_growth_year": null,
            "roe": null,
            "roe_4q": 0,
            "gross_profit": null,
            "gross_margin": null,
            "gross_margin_4q_avg": 0,
            "net_income": null,
            "revenue": null,
            "common_shares": null,
            "book_valuer_per_share": null,
            "book_valuer_per_share_4q_avg": 0,
            "equity": null,
            "current_ratio": null,
            "debt_ratio": null,
            "inventory_turnover_ratio": null,
            "account_receivable_turnover_ratio": null,
            "reinvestment_rate": null,
            "research_to_sale_ratio": null,
            "price_fair": 0,
            "eps_avg_yearly": 0,
            "eps_latest_yearly": 0,
            "eps_growth_yearly": 0
        },
        "20041": {
            "year_quarter": 20041,
            "year": 2004,
            "quarter": 1,
            "eps": null,
            "eps_growth_year": null,
            "eps_4q": null,
            "eps_4q_growth_year": null,
            "roe": null,
            "roe_4q": 0,
            "gross_profit": null,
            "gross_margin": null,
            "gross_margin_4q_avg": 0,
            "net_income": null,
            "revenue": null,
            "common_shares": null,
            "book_valuer_per_share": null,
            "book_valuer_per_share_4q_avg": 0,
            "equity": null,
            "current_ratio": null,
            "debt_ratio": null,
            "inventory_turnover_ratio": null,
            "account_receivable_turnover_ratio": null,
            "reinvestment_rate": null,
            "research_to_sale_ratio": null,
            "price_fair": 0,
            "eps_avg_yearly": 0,
            "eps_latest_yearly": 0,
            "eps_growth_yearly": 0
        },
        "20042": {
            "year_quarter": 20042,
            "year": 2004,
            "quarter": 2,
            "eps": null,
            "eps_growth_year": null,
            "eps_4q": null,
            "eps_4q_growth_year": null,
            "roe": null,
            "roe_4q": 0,
            "gross_profit": null,
            "gross_margin": null,
            "gross_margin_4q_avg": 0,
            "net_income": null,
            "revenue": null,
            "common_shares": null,
            "book_valuer_per_share": null,
            "book_valuer_per_share_4q_avg": 0,
            "equity": null,
            "current_ratio": null,
            "debt_ratio": null,
            "inventory_turnover_ratio": null,
            "account_receivable_turnover_ratio": null,
            "reinvestment_rate": null,
            "research_to_sale_ratio": null,
            "price_fair": 0,
            "eps_avg_yearly": 0,
            "eps_latest_yearly": 0,
            "eps_growth_yearly": 0
        },
        "20043": {
            "year_quarter": 20043,
            "year": 2004,
            "quarter": 3,
            "eps": null,
            "eps_growth_year": null,
            "eps_4q": null,
            "eps_4q_growth_year": null,
            "roe": null,
            "roe_4q": 0,
            "gross_profit": null,
            "gross_margin": null,
            "gross_margin_4q_avg": 0,
            "net_income": null,
            "revenue": null,
            "common_shares": null,
            "book_valuer_per_share": null,
            "book_valuer_per_share_4q_avg": 0,
            "equity": null,
            "current_ratio": null,
            "debt_ratio": null,
            "inventory_turnover_ratio": null,
            "account_receivable_turnover_ratio": null,
            "reinvestment_rate": null,
            "research_to_sale_ratio": null,
            "price_fair": 0,
            "eps_avg_yearly": 0,
            "eps_latest_yearly": 0,
            "eps_growth_yearly": 0
        },
        "20044": {
            "year_quarter": 20044,
            "year": 2004,
            "quarter": 4,
            "eps": null,
            "eps_growth_year": null,
            "eps_4q": null,
            "eps_4q_growth_year": null,
            "roe": null,
            "roe_4q": 0,
            "gross_profit": null,
            "gross_margin": null,
            "gross_margin_4q_avg": 0,
            "net_income": null,
            "revenue": null,
            "common_shares": null,
            "book_valuer_per_share": null,
            "book_valuer_per_share_4q_avg": 0,
            "equity": null,
            "current_ratio": null,
            "debt_ratio": null,
            "inventory_turnover_ratio": null,
            "account_receivable_turnover_ratio": null,
            "reinvestment_rate": null,
            "research_to_sale_ratio": null,
            "price_fair": 0,
            "eps_avg_yearly": 0,
            "eps_latest_yearly": 0,
            "eps_growth_yearly": 0
        },
        "20051": {
            "year_quarter": 20051,
            "year": 2005,
            "quarter": 1,
            "eps": null,
            "eps_growth_year": null,
            "eps_4q": null,
            "eps_4q_growth_year": null,
            "roe": null,
            "roe_4q": 0,
            "gross_profit": null,
            "gross_margin": null,
            "gross_margin_4q_avg": 0,
            "net_income": null,
            "revenue": null,
            "common_shares": null,
            "book_valuer_per_share": null,
            "book_valuer_per_share_4q_avg": 0,
            "equity": null,
            "current_ratio": null,
            "debt_ratio": null,
            "inventory_turnover_ratio": null,
            "account_receivable_turnover_ratio": null,
            "reinvestment_rate": null,
            "research_to_sale_ratio": null,
            "price_fair": 0,
            "eps_avg_yearly": 0,
            "eps_latest_yearly": 0,
            "eps_growth_yearly": 0
        },
        "20052": {
            "year_quarter": 20052,
            "year": 2005,
            "quarter": 2,
            "eps": null,
            "eps_growth_year": null,
            "eps_4q": null,
            "eps_4q_growth_year": null,
            "roe": null,
            "roe_4q": 0,
            "gross_profit": null,
            "gross_margin": null,
            "gross_margin_4q_avg": 0,
            "net_income": null,
            "revenue": null,
            "common_shares": null,
            "book_valuer_per_share": null,
            "book_valuer_per_share_4q_avg": 0,
            "equity": null,
            "current_ratio": null,
            "debt_ratio": null,
            "inventory_turnover_ratio": null,
            "account_receivable_turnover_ratio": null,
            "reinvestment_rate": null,
            "research_to_sale_ratio": null,
            "price_fair": 0,
            "eps_avg_yearly": 0,
            "eps_latest_yearly": 0,
            "eps_growth_yearly": 0
        },
        "20053": {
            "year_quarter": 20053,
            "year": 2005,
            "quarter": 3,
            "eps": null,
            "eps_growth_year": null,
            "eps_4q": null,
            "eps_4q_growth_year": null,
            "roe": null,
            "roe_4q": 0,
            "gross_profit": null,
            "gross_margin": null,
            "gross_margin_4q_avg": 0,
            "net_income": null,
            "revenue": null,
            "common_shares": null,
            "book_valuer_per_share": null,
            "book_valuer_per_share_4q_avg": 0,
            "equity": null,
            "current_ratio": null,
            "debt_ratio": null,
            "inventory_turnover_ratio": null,
            "account_receivable_turnover_ratio": null,
            "reinvestment_rate": null,
            "research_to_sale_ratio": null,
            "price_fair": 0,
            "eps_avg_yearly": 0,
            "eps_latest_yearly": 0,
            "eps_growth_yearly": 0
        },
        "20054": {
            "year_quarter": 20054,
            "year": 2005,
            "quarter": 4,
            "eps": null,
            "eps_growth_year": null,
            "eps_4q": null,
            "eps_4q_growth_year": null,
            "roe": null,
            "roe_4q": 0,
            "gross_profit": null,
            "gross_margin": null,
            "gross_margin_4q_avg": 0,
            "net_income": null,
            "revenue": null,
            "common_shares": null,
            "book_valuer_per_share": null,
            "book_valuer_per_share_4q_avg": 0,
            "equity": null,
            "current_ratio": null,
            "debt_ratio": null,
            "inventory_turnover_ratio": null,
            "account_receivable_turnover_ratio": null,
            "reinvestment_rate": null,
            "research_to_sale_ratio": null,
            "price_fair": 0,
            "eps_avg_yearly": 0,
            "eps_latest_yearly": 0,
            "eps_growth_yearly": 0
        },
        "20061": {
            "year_quarter": 20061,
            "year": 2006,
            "quarter": 1,
            "eps": null,
            "eps_growth_year": null,
            "eps_4q": null,
            "eps_4q_growth_year": null,
            "roe": null,
            "roe_4q": 0,
            "gross_profit": null,
            "gross_margin": null,
            "gross_margin_4q_avg": 0,
            "net_income": null,
            "revenue": null,
            "common_shares": null,
            "book_valuer_per_share": null,
            "book_valuer_per_share_4q_avg": 0,
            "equity": null,
            "current_ratio": null,
            "debt_ratio": null,
            "inventory_turnover_ratio": null,
            "account_receivable_turnover_ratio": null,
            "reinvestment_rate": null,
            "research_to_sale_ratio": null,
            "price_fair": 0,
            "eps_avg_yearly": 0,
            "eps_latest_yearly": 0,
            "eps_growth_yearly": 0
        },
        "20062": {
            "year_quarter": 20062,
            "year": 2006,
            "quarter": 2,
            "eps": null,
            "eps_growth_year": null,
            "eps_4q": null,
            "eps_4q_growth_year": null,
            "roe": null,
            "roe_4q": 0,
            "gross_profit": null,
            "gross_margin": null,
            "gross_margin_4q_avg": 0,
            "net_income": null,
            "revenue": null,
            "common_shares": null,
            "book_valuer_per_share": null,
            "book_valuer_per_share_4q_avg": 0,
            "equity": null,
            "current_ratio": null,
            "debt_ratio": null,
            "inventory_turnover_ratio": null,
            "account_receivable_turnover_ratio": null,
            "reinvestment_rate": null,
            "research_to_sale_ratio": null,
            "price_fair": 0,
            "eps_avg_yearly": 0,
            "eps_latest_yearly": 0,
            "eps_growth_yearly": 0
        },
        "20063": {
            "year_quarter": 20063,
            "year": 2006,
            "quarter": 3,
            "eps": null,
            "eps_growth_year": null,
            "eps_4q": null,
            "eps_4q_growth_year": null,
            "roe": null,
            "roe_4q": 0,
            "gross_profit": null,
            "gross_margin": null,
            "gross_margin_4q_avg": 0,
            "net_income": null,
            "revenue": null,
            "common_shares": null,
            "book_valuer_per_share": null,
            "book_valuer_per_share_4q_avg": 0,
            "equity": null,
            "current_ratio": null,
            "debt_ratio": null,
            "inventory_turnover_ratio": null,
            "account_receivable_turnover_ratio": null,
            "reinvestment_rate": null,
            "research_to_sale_ratio": null,
            "price_fair": 0,
            "eps_avg_yearly": 0,
            "eps_latest_yearly": 0,
            "eps_growth_yearly": 0
        },
        "20064": {
            "year_quarter": 20064,
            "year": 2006,
            "quarter": 4,
            "eps": null,
            "eps_growth_year": null,
            "eps_4q": null,
            "eps_4q_growth_year": null,
            "roe": null,
            "roe_4q": 0,
            "gross_profit": null,
            "gross_margin": null,
            "gross_margin_4q_avg": 0,
            "net_income": null,
            "revenue": null,
            "common_shares": null,
            "book_valuer_per_share": null,
            "book_valuer_per_share_4q_avg": 0,
            "equity": null,
            "current_ratio": null,
            "debt_ratio": null,
            "inventory_turnover_ratio": null,
            "account_receivable_turnover_ratio": null,
            "reinvestment_rate": null,
            "research_to_sale_ratio": null,
            "price_fair": 0,
            "eps_avg_yearly": 0,
            "eps_latest_yearly": 0,
            "eps_growth_yearly": 0
        },
        "20071": {
            "year_quarter": 20071,
            "year": 2007,
            "quarter": 1,
            "eps": null,
            "eps_growth_year": null,
            "eps_4q": null,
            "eps_4q_growth_year": null,
            "roe": null,
            "roe_4q": 0,
            "gross_profit": null,
            "gross_margin": null,
            "gross_margin_4q_avg": 0,
            "net_income": null,
            "revenue": null,
            "common_shares": null,
            "book_valuer_per_share": null,
            "book_valuer_per_share_4q_avg": 0,
            "equity": null,
            "current_ratio": null,
            "debt_ratio": null,
            "inventory_turnover_ratio": null,
            "account_receivable_turnover_ratio": null,
            "reinvestment_rate": null,
            "research_to_sale_ratio": null,
            "price_fair": 0,
            "eps_avg_yearly": 0,
            "eps_latest_yearly": 0,
            "eps_growth_yearly": 0
        },
        "20072": {
            "year_quarter": 20072,
            "year": 2007,
            "quarter": 2,
            "eps": null,
            "eps_growth_year": null,
            "eps_4q": null,
            "eps_4q_growth_year": null,
            "roe": null,
            "roe_4q": 0,
            "gross_profit": null,
            "gross_margin": null,
            "gross_margin_4q_avg": 0,
            "net_income": null,
            "revenue": null,
            "common_shares": null,
            "book_valuer_per_share": null,
            "book_valuer_per_share_4q_avg": 0,
            "equity": null,
            "current_ratio": null,
            "debt_ratio": null,
            "inventory_turnover_ratio": null,
            "account_receivable_turnover_ratio": null,
            "reinvestment_rate": null,
            "research_to_sale_ratio": null,
            "price_fair": 0,
            "eps_avg_yearly": 0,
            "eps_latest_yearly": 0,
            "eps_growth_yearly": 0
        },
        "20073": {
            "year_quarter": 20073,
            "year": 2007,
            "quarter": 3,
            "eps": null,
            "eps_growth_year": null,
            "eps_4q": null,
            "eps_4q_growth_year": null,
            "roe": null,
            "roe_4q": 0,
            "gross_profit": null,
            "gross_margin": null,
            "gross_margin_4q_avg": 0,
            "net_income": null,
            "revenue": null,
            "common_shares": null,
            "book_valuer_per_share": null,
            "book_valuer_per_share_4q_avg": 0,
            "equity": null,
            "current_ratio": null,
            "debt_ratio": null,
            "inventory_turnover_ratio": null,
            "account_receivable_turnover_ratio": null,
            "reinvestment_rate": null,
            "research_to_sale_ratio": null,
            "price_fair": 0,
            "eps_avg_yearly": 0,
            "eps_latest_yearly": 0,
            "eps_growth_yearly": 0
        },
        "20074": {
            "year_quarter": 20074,
            "year": 2007,
            "quarter": 4,
            "eps": null,
            "eps_growth_year": null,
            "eps_4q": null,
            "eps_4q_growth_year": null,
            "roe": null,
            "roe_4q": 0,
            "gross_profit": null,
            "gross_margin": null,
            "gross_margin_4q_avg": 0,
            "net_income": null,
            "revenue": null,
            "common_shares": null,
            "book_valuer_per_share": null,
            "book_valuer_per_share_4q_avg": 0,
            "equity": null,
            "current_ratio": null,
            "debt_ratio": null,
            "inventory_turnover_ratio": null,
            "account_receivable_turnover_ratio": null,
            "reinvestment_rate": null,
            "research_to_sale_ratio": null,
            "price_fair": 0,
            "eps_avg_yearly": 0,
            "eps_latest_yearly": 0,
            "eps_growth_yearly": 0
        },
        "20081": {
            "year_quarter": 20081,
            "year": 2008,
            "quarter": 1,
            "eps": null,
            "eps_growth_year": null,
            "eps_4q": null,
            "eps_4q_growth_year": null,
            "roe": null,
            "roe_4q": 0,
            "gross_profit": null,
            "gross_margin": null,
            "gross_margin_4q_avg": 0,
            "net_income": null,
            "revenue": null,
            "common_shares": null,
            "book_valuer_per_share": null,
            "book_valuer_per_share_4q_avg": 0,
            "equity": null,
            "current_ratio": null,
            "debt_ratio": null,
            "inventory_turnover_ratio": null,
            "account_receivable_turnover_ratio": null,
            "reinvestment_rate": null,
            "research_to_sale_ratio": null,
            "price_fair": 0,
            "eps_avg_yearly": 0,
            "eps_latest_yearly": 0,
            "eps_growth_yearly": 0
        },
        "20082": {
            "year_quarter": 20082,
            "year": 2008,
            "quarter": 2,
            "eps": null,
            "eps_growth_year": null,
            "eps_4q": null,
            "eps_4q_growth_year": null,
            "roe": null,
            "roe_4q": 0,
            "gross_profit": null,
            "gross_margin": null,
            "gross_margin_4q_avg": 0,
            "net_income": null,
            "revenue": null,
            "common_shares": null,
            "book_valuer_per_share": null,
            "book_valuer_per_share_4q_avg": 0,
            "equity": null,
            "current_ratio": null,
            "debt_ratio": null,
            "inventory_turnover_ratio": null,
            "account_receivable_turnover_ratio": null,
            "reinvestment_rate": null,
            "research_to_sale_ratio": null,
            "price_fair": 0,
            "eps_avg_yearly": 0,
            "eps_latest_yearly": 0,
            "eps_growth_yearly": 0
        },
        "20083": {
            "year_quarter": 20083,
            "year": 2008,
            "quarter": 3,
            "eps": null,
            "eps_growth_year": null,
            "eps_4q": null,
            "eps_4q_growth_year": null,
            "roe": null,
            "roe_4q": 0,
            "gross_profit": null,
            "gross_margin": null,
            "gross_margin_4q_avg": 0,
            "net_income": null,
            "revenue": null,
            "common_shares": null,
            "book_valuer_per_share": null,
            "book_valuer_per_share_4q_avg": 0,
            "equity": null,
            "current_ratio": null,
            "debt_ratio": null,
            "inventory_turnover_ratio": null,
            "account_receivable_turnover_ratio": null,
            "reinvestment_rate": null,
            "research_to_sale_ratio": null,
            "price_fair": 0,
            "eps_avg_yearly": 0,
            "eps_latest_yearly": 0,
            "eps_growth_yearly": 0
        },
        "20084": {
            "year_quarter": 20084,
            "year": 2008,
            "quarter": 4,
            "eps": null,
            "eps_growth_year": null,
            "eps_4q": null,
            "eps_4q_growth_year": null,
            "roe": null,
            "roe_4q": 0,
            "gross_profit": null,
            "gross_margin": null,
            "gross_margin_4q_avg": 0,
            "net_income": null,
            "revenue": null,
            "common_shares": 306278,
            "book_valuer_per_share": 4.68,
            "book_valuer_per_share_4q_avg": 1.17,
            "equity": 143235,
            "current_ratio": 300.63,
            "debt_ratio": 40.41,
            "inventory_turnover_ratio": null,
            "account_receivable_turnover_ratio": null,
            "reinvestment_rate": null,
            "research_to_sale_ratio": null,
            "price_fair": 0,
            "eps_avg_yearly": 0,
            "eps_latest_yearly": 0,
            "eps_growth_yearly": 0
        },
        "20091": {
            "year_quarter": 20091,
            "year": 2009,
            "quarter": 1,
            "eps": null,
            "eps_growth_year": null,
            "eps_4q": null,
            "eps_4q_growth_year": null,
            "roe": null,
            "roe_4q": 0,
            "gross_profit": null,
            "gross_margin": null,
            "gross_margin_4q_avg": 0,
            "net_income": null,
            "revenue": null,
            "common_shares": null,
            "book_valuer_per_share": null,
            "book_valuer_per_share_4q_avg": 1.17,
            "equity": null,
            "current_ratio": null,
            "debt_ratio": null,
            "inventory_turnover_ratio": null,
            "account_receivable_turnover_ratio": null,
            "reinvestment_rate": null,
            "research_to_sale_ratio": null,
            "price_fair": 0,
            "eps_avg_yearly": 0,
            "eps_latest_yearly": 0,
            "eps_growth_yearly": 0
        },
        "20092": {
            "year_quarter": 20092,
            "year": 2009,
            "quarter": 2,
            "eps": null,
            "eps_growth_year": null,
            "eps_4q": null,
            "eps_4q_growth_year": null,
            "roe": null,
            "roe_4q": 0,
            "gross_profit": null,
            "gross_margin": null,
            "gross_margin_4q_avg": 0,
            "net_income": null,
            "revenue": null,
            "common_shares": null,
            "book_valuer_per_share": null,
            "book_valuer_per_share_4q_avg": 1.17,
            "equity": null,
            "current_ratio": null,
            "debt_ratio": null,
            "inventory_turnover_ratio": null,
            "account_receivable_turnover_ratio": null,
            "reinvestment_rate": null,
            "research_to_sale_ratio": null,
            "price_fair": 0,
            "eps_avg_yearly": 0,
            "eps_latest_yearly": 0,
            "eps_growth_yearly": 0
        },
        "20093": {
            "year_quarter": 20093,
            "year": 2009,
            "quarter": 3,
            "eps": null,
            "eps_growth_year": null,
            "eps_4q": null,
            "eps_4q_growth_year": null,
            "roe": null,
            "roe_4q": 0,
            "gross_profit": null,
            "gross_margin": null,
            "gross_margin_4q_avg": 0,
            "net_income": null,
            "revenue": null,
            "common_shares": null,
            "book_valuer_per_share": null,
            "book_valuer_per_share_4q_avg": 1.17,
            "equity": null,
            "current_ratio": null,
            "debt_ratio": null,
            "inventory_turnover_ratio": null,
            "account_receivable_turnover_ratio": null,
            "reinvestment_rate": null,
            "research_to_sale_ratio": null,
            "price_fair": 0,
            "eps_avg_yearly": 0,
            "eps_latest_yearly": 0,
            "eps_growth_yearly": 0
        },
        "20094": {
            "year_quarter": 20094,
            "year": 2009,
            "quarter": 4,
            "eps": null,
            "eps_growth_year": null,
            "eps_4q": null,
            "eps_4q_growth_year": null,
            "roe": null,
            "roe_4q": 0,
            "gross_profit": null,
            "gross_margin": null,
            "gross_margin_4q_avg": 0,
            "net_income": null,
            "revenue": null,
            "common_shares": 306309,
            "book_valuer_per_share": 7.79,
            "book_valuer_per_share_4q_avg": 1.95,
            "equity": 238688,
            "current_ratio": 319.77,
            "debt_ratio": 22.94,
            "inventory_turnover_ratio": null,
            "account_receivable_turnover_ratio": null,
            "reinvestment_rate": null,
            "research_to_sale_ratio": null,
            "price_fair": 0,
            "eps_avg_yearly": 0,
            "eps_latest_yearly": 0,
            "eps_growth_yearly": 0
        },
        "20101": {
            "year_quarter": 20101,
            "year": 2010,
            "quarter": 1,
            "eps": null,
            "eps_growth_year": null,
            "eps_4q": null,
            "eps_4q_growth_year": null,
            "roe": null,
            "roe_4q": 0,
            "gross_profit": null,
            "gross_margin": null,
            "gross_margin_4q_avg": 0,
            "net_income": null,
            "revenue": null,
            "common_shares": null,
            "book_valuer_per_share": null,
            "book_valuer_per_share_4q_avg": 1.95,
            "equity": null,
            "current_ratio": null,
            "debt_ratio": null,
            "inventory_turnover_ratio": null,
            "account_receivable_turnover_ratio": null,
            "reinvestment_rate": null,
            "research_to_sale_ratio": null,
            "price_fair": 0,
            "eps_avg_yearly": 0,
            "eps_latest_yearly": 0,
            "eps_growth_yearly": 0
        },
        "20102": {
            "year_quarter": 20102,
            "year": 2010,
            "quarter": 2,
            "eps": null,
            "eps_growth_year": null,
            "eps_4q": null,
            "eps_4q_growth_year": null,
            "roe": null,
            "roe_4q": 0,
            "gross_profit": null,
            "gross_margin": null,
            "gross_margin_4q_avg": 0,
            "net_income": null,
            "revenue": null,
            "common_shares": null,
            "book_valuer_per_share": null,
            "book_valuer_per_share_4q_avg": 1.95,
            "equity": null,
            "current_ratio": null,
            "debt_ratio": null,
            "inventory_turnover_ratio": null,
            "account_receivable_turnover_ratio": null,
            "reinvestment_rate": null,
            "research_to_sale_ratio": null,
            "price_fair": 0,
            "eps_avg_yearly": 0,
            "eps_latest_yearly": 0,
            "eps_growth_yearly": 0
        },
        "20103": {
            "year_quarter": 20103,
            "year": 2010,
            "quarter": 3,
            "eps": null,
            "eps_growth_year": null,
            "eps_4q": null,
            "eps_4q_growth_year": null,
            "roe": null,
            "roe_4q": 0,
            "gross_profit": null,
            "gross_margin": null,
            "gross_margin_4q_avg": 0,
            "net_income": null,
            "revenue": null,
            "common_shares": null,
            "book_valuer_per_share": null,
            "book_valuer_per_share_4q_avg": 1.95,
            "equity": null,
            "current_ratio": null,
            "debt_ratio": null,
            "inventory_turnover_ratio": null,
            "account_receivable_turnover_ratio": null,
            "reinvestment_rate": null,
            "research_to_sale_ratio": null,
            "price_fair": 0,
            "eps_avg_yearly": 0,
            "eps_latest_yearly": 0,
            "eps_growth_yearly": 0
        },
        "20104": {
            "year_quarter": 20104,
            "year": 2010,
            "quarter": 4,
            "eps": null,
            "eps_growth_year": null,
            "eps_4q": null,
            "eps_4q_growth_year": null,
            "roe": null,
            "roe_4q": 0,
            "gross_profit": null,
            "gross_margin": null,
            "gross_margin_4q_avg": 0,
            "net_income": null,
            "revenue": null,
            "common_shares": 306946,
            "book_valuer_per_share": 11.16,
            "book_valuer_per_share_4q_avg": 2.79,
            "equity": 342572,
            "current_ratio": 472.95,
            "debt_ratio": 16.28,
            "inventory_turnover_ratio": null,
            "account_receivable_turnover_ratio": null,
            "reinvestment_rate": null,
            "research_to_sale_ratio": null,
            "price_fair": 0,
            "eps_avg_yearly": 0,
            "eps_latest_yearly": 0,
            "eps_growth_yearly": 0
        },
        "20111": {
            "year_quarter": 20111,
            "year": 2011,
            "quarter": 1,
            "eps": null,
            "eps_growth_year": null,
            "eps_4q": null,
            "eps_4q_growth_year": null,
            "roe": null,
            "roe_4q": 0,
            "gross_profit": null,
            "gross_margin": null,
            "gross_margin_4q_avg": 0,
            "net_income": null,
            "revenue": null,
            "common_shares": null,
            "book_valuer_per_share": null,
            "book_valuer_per_share_4q_avg": 2.79,
            "equity": null,
            "current_ratio": null,
            "debt_ratio": null,
            "inventory_turnover_ratio": null,
            "account_receivable_turnover_ratio": null,
            "reinvestment_rate": null,
            "research_to_sale_ratio": null,
            "price_fair": 0,
            "eps_avg_yearly": 0,
            "eps_latest_yearly": 0,
            "eps_growth_yearly": 0
        },
        "20112": {
            "year_quarter": 20112,
            "year": 2011,
            "quarter": 2,
            "eps": null,
            "eps_growth_year": null,
            "eps_4q": null,
            "eps_4q_growth_year": null,
            "roe": null,
            "roe_4q": 0,
            "gross_profit": null,
            "gross_margin": null,
            "gross_margin_4q_avg": 0,
            "net_income": null,
            "revenue": null,
            "common_shares": 328356,
            "book_valuer_per_share": null,
            "book_valuer_per_share_4q_avg": 2.79,
            "equity": 455689,
            "current_ratio": null,
            "debt_ratio": null,
            "inventory_turnover_ratio": null,
            "account_receivable_turnover_ratio": null,
            "reinvestment_rate": null,
            "research_to_sale_ratio": null,
            "price_fair": 0,
            "eps_avg_yearly": 0,
            "eps_latest_yearly": 0,
            "eps_growth_yearly": 0
        },
        "20113": {
            "year_quarter": 20113,
            "year": 2011,
            "quarter": 3,
            "eps": null,
            "eps_growth_year": null,
            "eps_4q": null,
            "eps_4q_growth_year": null,
            "roe": null,
            "roe_4q": 0,
            "gross_profit": null,
            "gross_margin": null,
            "gross_margin_4q_avg": 0,
            "net_income": null,
            "revenue": null,
            "common_shares": null,
            "book_valuer_per_share": null,
            "book_valuer_per_share_4q_avg": 2.79,
            "equity": null,
            "current_ratio": null,
            "debt_ratio": null,
            "inventory_turnover_ratio": null,
            "account_receivable_turnover_ratio": null,
            "reinvestment_rate": null,
            "research_to_sale_ratio": null,
            "price_fair": 0,
            "eps_avg_yearly": 0,
            "eps_latest_yearly": 0,
            "eps_growth_yearly": 0
        },
        "20114": {
            "year_quarter": 20114,
            "year": 2011,
            "quarter": 4,
            "eps": null,
            "eps_growth_year": null,
            "eps_4q": null,
            "eps_4q_growth_year": null,
            "roe": null,
            "roe_4q": 0,
            "gross_profit": null,
            "gross_margin": null,
            "gross_margin_4q_avg": 0,
            "net_income": null,
            "revenue": null,
            "common_shares": 364906,
            "book_valuer_per_share": 17.84,
            "book_valuer_per_share_4q_avg": 4.46,
            "equity": 651082,
            "current_ratio": 564.71,
            "debt_ratio": 13.11,
            "inventory_turnover_ratio": null,
            "account_receivable_turnover_ratio": null,
            "reinvestment_rate": null,
            "research_to_sale_ratio": null,
            "price_fair": 0,
            "eps_avg_yearly": 0,
            "eps_latest_yearly": 0,
            "eps_growth_yearly": 0
        },
        "20121": {
            "year_quarter": 20121,
            "year": 2012,
            "quarter": 1,
            "eps": null,
            "eps_growth_year": null,
            "eps_4q": null,
            "eps_4q_growth_year": null,
            "roe": null,
            "roe_4q": 0,
            "gross_profit": null,
            "gross_margin": null,
            "gross_margin_4q_avg": 0,
            "net_income": null,
            "revenue": null,
            "common_shares": null,
            "book_valuer_per_share": null,
            "book_valuer_per_share_4q_avg": 4.46,
            "equity": null,
            "current_ratio": null,
            "debt_ratio": null,
            "inventory_turnover_ratio": null,
            "account_receivable_turnover_ratio": null,
            "reinvestment_rate": null,
            "research_to_sale_ratio": null,
            "price_fair": 0,
            "eps_avg_yearly": 0,
            "eps_latest_yearly": 0,
            "eps_growth_yearly": 0
        },
        "20122": {
            "year_quarter": 20122,
            "year": 2012,
            "quarter": 2,
            "eps": null,
            "eps_growth_year": null,
            "eps_4q": null,
            "eps_4q_growth_year": null,
            "roe": null,
            "roe_4q": 0,
            "gross_profit": null,
            "gross_margin": null,
            "gross_margin_4q_avg": 0,
            "net_income": null,
            "revenue": null,
            "common_shares": 364906,
            "book_valuer_per_share": 17.39,
            "book_valuer_per_share_4q_avg": 8.81,
            "equity": 634507,
            "current_ratio": 587.9,
            "debt_ratio": 10.78,
            "inventory_turnover_ratio": null,
            "account_receivable_turnover_ratio": null,
            "reinvestment_rate": null,
            "research_to_sale_ratio": null,
            "price_fair": 0,
            "eps_avg_yearly": 0,
            "eps_latest_yearly": 0,
            "eps_growth_yearly": 0
        },
        "20123": {
            "year_quarter": 20123,
            "year": 2012,
            "quarter": 3,
            "eps": null,
            "eps_growth_year": null,
            "eps_4q": null,
            "eps_4q_growth_year": null,
            "roe": null,
            "roe_4q": 0,
            "gross_profit": null,
            "gross_margin": null,
            "gross_margin_4q_avg": 0,
            "net_income": null,
            "revenue": null,
            "common_shares": null,
            "book_valuer_per_share": null,
            "book_valuer_per_share_4q_avg": 8.81,
            "equity": null,
            "current_ratio": null,
            "debt_ratio": null,
            "inventory_turnover_ratio": null,
            "account_receivable_turnover_ratio": null,
            "reinvestment_rate": null,
            "research_to_sale_ratio": null,
            "price_fair": 0,
            "eps_avg_yearly": 0,
            "eps_latest_yearly": 0,
            "eps_growth_yearly": 0
        },
        "20124": {
            "year_quarter": 20124,
            "year": 2012,
            "quarter": 4,
            "eps": null,
            "eps_growth_year": null,
            "eps_4q": null,
            "eps_4q_growth_year": null,
            "roe": null,
            "roe_4q": 0,
            "gross_profit": null,
            "gross_margin": null,
            "gross_margin_4q_avg": 0,
            "net_income": null,
            "revenue": null,
            "common_shares": 364906,
            "book_valuer_per_share": 17.34,
            "book_valuer_per_share_4q_avg": 8.68,
            "equity": 632893,
            "current_ratio": 608.98,
            "debt_ratio": 10.3,
            "inventory_turnover_ratio": null,
            "account_receivable_turnover_ratio": null,
            "reinvestment_rate": null,
            "research_to_sale_ratio": null,
            "price_fair": 0,
            "eps_avg_yearly": 0,
            "eps_latest_yearly": 0,
            "eps_growth_yearly": 0
        },
        "20131": {
            "year_quarter": 20131,
            "year": 2013,
            "quarter": 1,
            "eps": null,
            "eps_growth_year": null,
            "eps_4q": null,
            "eps_4q_growth_year": null,
            "roe": null,
            "roe_4q": 0,
            "gross_profit": 83719,
            "gross_margin": null,
            "gross_margin_4q_avg": 0,
            "net_income": 18278,
            "revenue": 219939,
            "common_shares": 364906,
            "book_valuer_per_share": 18.22,
            "book_valuer_per_share_4q_avg": 13.24,
            "equity": 664721,
            "current_ratio": 503.87,
            "debt_ratio": 15.73,
            "inventory_turnover_ratio": null,
            "account_receivable_turnover_ratio": null,
            "reinvestment_rate": null,
            "research_to_sale_ratio": null,
            "price_fair": 0,
            "eps_avg_yearly": 0,
            "eps_latest_yearly": 0,
            "eps_growth_yearly": 0
        },
        "20132": {
            "year_quarter": 20132,
            "year": 2013,
            "quarter": 2,
            "eps": 0.6,
            "eps_growth_year": null,
            "eps_4q": null,
            "eps_4q_growth_year": null,
            "roe": 3.23,
            "roe_4q": 3.23,
            "gross_profit": 98720,
            "gross_margin": 38.55,
            "gross_margin_4q_avg": 9.64,
            "net_income": 21887,
            "revenue": 256078,
            "common_shares": 364906,
            "book_valuer_per_share": 18.95,
            "book_valuer_per_share_4q_avg": 13.63,
            "equity": 691408,
            "current_ratio": 472.61,
            "debt_ratio": 17.4,
            "inventory_turnover_ratio": 1.18,
            "account_receivable_turnover_ratio": 3.16,
            "reinvestment_rate": null,
            "research_to_sale_ratio": null,
            "price_fair": 0,
            "eps_avg_yearly": 0,
            "eps_latest_yearly": 0,
            "eps_growth_yearly": 0
        },
        "20133": {
            "year_quarter": 20133,
            "year": 2013,
            "quarter": 3,
            "eps": null,
            "eps_growth_year": null,
            "eps_4q": null,
            "eps_4q_growth_year": null,
            "roe": null,
            "roe_4q": 3.23,
            "gross_profit": 109751,
            "gross_margin": null,
            "gross_margin_4q_avg": 9.64,
            "net_income": 4519,
            "revenue": 277984,
            "common_shares": 368676,
            "book_valuer_per_share": 18.65,
            "book_valuer_per_share_4q_avg": 18.29,
            "equity": 687660,
            "current_ratio": 534.11,
            "debt_ratio": 15.65,
            "inventory_turnover_ratio": null,
            "account_receivable_turnover_ratio": null,
            "reinvestment_rate": null,
            "research_to_sale_ratio": null,
            "price_fair": 0,
            "eps_avg_yearly": 0,
            "eps_latest_yearly": 0,
            "eps_growth_yearly": 0
        },
        "20134": {
            "year_quarter": 20134,
            "year": 2013,
            "quarter": 4,
            "eps": null,
            "eps_growth_year": null,
            "eps_4q": null,
            "eps_4q_growth_year": null,
            "roe": null,
            "roe_4q": 3.23,
            "gross_profit": 128453,
            "gross_margin": null,
            "gross_margin_4q_avg": 9.64,
            "net_income": 66833,
            "revenue": 293930,
            "common_shares": 369736,
            "book_valuer_per_share": 20.75,
            "book_valuer_per_share_4q_avg": 19.14,
            "equity": 767149,
            "current_ratio": 448.99,
            "debt_ratio": 20.54,
            "inventory_turnover_ratio": null,
            "account_receivable_turnover_ratio": null,
            "reinvestment_rate": null,
            "research_to_sale_ratio": null,
            "price_fair": 0,
            "eps_avg_yearly": 0,
            "eps_latest_yearly": 0,
            "eps_growth_yearly": 0
        },
        "20141": {
            "year_quarter": 20141,
            "year": 2014,
            "quarter": 1,
            "eps": 0.9,
            "eps_growth_year": null,
            "eps_4q": 1.48,
            "eps_4q_growth_year": null,
            "roe": 4.12,
            "roe_4q": 7.35,
            "gross_profit": 124472,
            "gross_margin": 42.7,
            "gross_margin_4q_avg": 20.31,
            "net_income": 32681,
            "revenue": 291510,
            "common_shares": 369736,
            "book_valuer_per_share": 22.19,
            "book_valuer_per_share_4q_avg": 20.14,
            "equity": 820396,
            "current_ratio": 521.95,
            "debt_ratio": 18.82,
            "inventory_turnover_ratio": 1.14,
            "account_receivable_turnover_ratio": 1.95,
            "reinvestment_rate": null,
            "research_to_sale_ratio": 13.37,
            "price_fair": 0,
            "eps_avg_yearly": 0,
            "eps_latest_yearly": 0,
            "eps_growth_yearly": 0
        },
        "20142": {
            "year_quarter": 20142,
            "year": 2014,
            "quarter": 2,
            "eps": 0.57,
            "eps_growth_year": -4.97,
            "eps_4q": 1.33,
            "eps_4q_growth_year": null,
            "roe": 2.54,
            "roe_4q": 6.66,
            "gross_profit": 116019,
            "gross_margin": 35.97,
            "gross_margin_4q_avg": 19.67,
            "net_income": 20895,
            "revenue": 322504,
            "common_shares": 369736,
            "book_valuer_per_share": 22.3,
            "book_valuer_per_share_4q_avg": 20.97,
            "equity": 824403,
            "current_ratio": 453.42,
            "debt_ratio": 20.27,
            "inventory_turnover_ratio": 1.17,
            "account_receivable_turnover_ratio": 1.93,
            "reinvestment_rate": null,
            "research_to_sale_ratio": 13.75,
            "price_fair": 6.84,
            "eps_avg_yearly": 2.28,
            "eps_latest_yearly": 2.28,
            "eps_growth_yearly": -146.67
        },
        "20143": {
            "year_quarter": 20143,
            "year": 2014,
            "quarter": 3,
            "eps": 1.01,
            "eps_growth_year": null,
            "eps_4q": 2.1,
            "eps_4q_growth_year": null,
            "roe": 4.34,
            "roe_4q": 11,
            "gross_profit": 135355,
            "gross_margin": 38.93,
            "gross_margin_4q_avg": 29.4,
            "net_income": 41591,
            "revenue": 347644,
            "common_shares": 419766,
            "book_valuer_per_share": 26.01,
            "book_valuer_per_share_4q_avg": 22.81,
            "equity": 1091717,
            "current_ratio": 582.91,
            "debt_ratio": 17.22,
            "inventory_turnover_ratio": 0.95,
            "account_receivable_turnover_ratio": 2.01,
            "reinvestment_rate": null,
            "research_to_sale_ratio": 12.33,
            "price_fair": 110.6,
            "eps_avg_yearly": 3.16,
            "eps_latest_yearly": 4.04,
            "eps_growth_yearly": 81.05
        },
        "20144": {
            "year_quarter": 20144,
            "year": 2014,
            "quarter": 4,
            "eps": 1.58,
            "eps_growth_year": null,
            "eps_4q": 3.68,
            "eps_4q_growth_year": null,
            "roe": 6.22,
            "roe_4q": 17.22,
            "gross_profit": 166492,
            "gross_margin": 42.55,
            "gross_margin_4q_avg": 40.04,
            "net_income": 71687,
            "revenue": 391241,
            "common_shares": 453042,
            "book_valuer_per_share": 26.79,
            "book_valuer_per_share_4q_avg": 24.32,
            "equity": 1213849,
            "current_ratio": 727.47,
            "debt_ratio": 15.89,
            "inventory_turnover_ratio": 0.85,
            "account_receivable_turnover_ratio": 2.12,
            "reinvestment_rate": null,
            "research_to_sale_ratio": 9.66,
            "price_fair": 147.47,
            "eps_avg_yearly": 4.21,
            "eps_latest_yearly": 6.32,
            "eps_growth_yearly": 129.28
        },
        "20151": {
            "year_quarter": 20151,
            "year": 2015,
            "quarter": 1,
            "eps": 0.77,
            "eps_growth_year": -14.44,
            "eps_4q": 3.73,
            "eps_4q_growth_year": 152.49,
            "roe": 2.83,
            "roe_4q": 15.93,
            "gross_profit": 132702,
            "gross_margin": 37.15,
            "gross_margin_4q_avg": 38.65,
            "net_income": 34749,
            "revenue": 357248,
            "common_shares": 453314,
            "book_valuer_per_share": 27.35,
            "book_valuer_per_share_4q_avg": 25.61,
            "equity": 1239630,
            "current_ratio": 748.35,
            "debt_ratio": 15.63,
            "inventory_turnover_ratio": 0.78,
            "account_receivable_turnover_ratio": 2.09,
            "reinvestment_rate": null,
            "research_to_sale_ratio": 9.11,
            "price_fair": 137.55,
            "eps_avg_yearly": 3.93,
            "eps_latest_yearly": 3.08,
            "eps_growth_yearly": 45.7
        },
        "20152": {
            "year_quarter": 20152,
            "year": 2015,
            "quarter": 2,
            "eps": 1.16,
            "eps_growth_year": 103.51,
            "eps_4q": 3.57,
            "eps_4q_growth_year": 168.43,
            "roe": 4.1,
            "roe_4q": 17.49,
            "gross_profit": 159941,
            "gross_margin": 39.39,
            "gross_margin_4q_avg": 39.51,
            "net_income": 52106,
            "revenue": 406083,
            "common_shares": 458902,
            "book_valuer_per_share": 28.42,
            "book_valuer_per_share_4q_avg": 27.14,
            "equity": 1304146,
            "current_ratio": 614.2,
            "debt_ratio": 39.48,
            "inventory_turnover_ratio": 0.82,
            "account_receivable_turnover_ratio": 2.43,
            "reinvestment_rate": null,
            "research_to_sale_ratio": 9.34,
            "price_fair": 142.52,
            "eps_avg_yearly": 4.07,
            "eps_latest_yearly": 4.64,
            "eps_growth_yearly": 77.08
        },
        "20153": {
            "year_quarter": 20153,
            "year": 2015,
            "quarter": 3,
            "eps": 1.94,
            "eps_growth_year": 92.08,
            "eps_4q": 4.69,
            "eps_4q_growth_year": 123.39,
            "roe": 7.75,
            "roe_4q": 20.9,
            "gross_profit": 180754,
            "gross_margin": 42.57,
            "gross_margin_4q_avg": 40.42,
            "net_income": 109412,
            "revenue": 424594,
            "common_shares": 571024,
            "book_valuer_per_share": 26.63,
            "book_valuer_per_share_4q_avg": 27.3,
            "equity": 1520670,
            "current_ratio": 633.88,
            "debt_ratio": 39.92,
            "inventory_turnover_ratio": 0.8,
            "account_receivable_turnover_ratio": 2.31,
            "reinvestment_rate": null,
            "research_to_sale_ratio": 8.64,
            "price_fair": 164.03,
            "eps_avg_yearly": 4.69,
            "eps_latest_yearly": 7.76,
            "eps_growth_yearly": 109.06
        },
        "20154": {
            "year_quarter": 20154,
            "year": 2015,
            "quarter": 4,
            "eps": 1.38,
            "eps_growth_year": -12.54,
            "eps_4q": 4.78,
            "eps_4q_growth_year": 29.77,
            "roe": 5.06,
            "roe_4q": 19.739999999999995,
            "gross_profit": 230782,
            "gross_margin": 48.89,
            "gross_margin_4q_avg": 42,
            "net_income": 79988,
            "revenue": 472018,
            "common_shares": 577999,
            "book_valuer_per_share": 28.44,
            "book_valuer_per_share_4q_avg": 27.71,
            "equity": 1643563,
            "current_ratio": 535.82,
            "debt_ratio": 38.06,
            "inventory_turnover_ratio": 0.75,
            "account_receivable_turnover_ratio": 2.42,
            "reinvestment_rate": null,
            "research_to_sale_ratio": 8.2,
            "price_fair": 168.2,
            "eps_avg_yearly": 4.81,
            "eps_latest_yearly": 5.52,
            "eps_growth_yearly": 76.98
        },
        "20161": {
            "year_quarter": 20161,
            "year": 2016,
            "quarter": 1,
            "eps": 0.29,
            "eps_growth_year": -62.34,
            "eps_4q": 4.33,
            "eps_4q_growth_year": 16.32,
            "roe": 0.99,
            "roe_4q": 17.9,
            "gross_profit": 233853,
            "gross_margin": 50.42,
            "gross_margin_4q_avg": 45.32,
            "net_income": 16897,
            "revenue": 463785,
            "common_shares": 596168,
            "book_valuer_per_share": 29.54,
            "book_valuer_per_share_4q_avg": 28.26,
            "equity": 1761075,
            "current_ratio": 484.88,
            "debt_ratio": 35.55,
            "inventory_turnover_ratio": 0.68,
            "account_receivable_turnover_ratio": 2.11,
            "reinvestment_rate": null,
            "research_to_sale_ratio": 10.79,
            "price_fair": 152.25,
            "eps_avg_yearly": 4.35,
            "eps_latest_yearly": 1.16,
            "eps_growth_yearly": 27.87
        },
        "20162": {
            "year_quarter": 20162,
            "year": 2016,
            "quarter": 2,
            "eps": 1.39,
            "eps_growth_year": 19.83,
            "eps_4q": 3.95,
            "eps_4q_growth_year": 10.57,
            "roe": 4.52,
            "roe_4q": 18.32,
            "gross_profit": 194426,
            "gross_margin": 40.4,
            "gross_margin_4q_avg": 45.57,
            "net_income": 82563,
            "revenue": 481273,
            "common_shares": 602063,
            "book_valuer_per_share": 31.44,
            "book_valuer_per_share_4q_avg": 29.01,
            "equity": 1893118,
            "current_ratio": 529.05,
            "debt_ratio": 32.94,
            "inventory_turnover_ratio": 0.81,
            "account_receivable_turnover_ratio": 1.92,
            "reinvestment_rate": null,
            "research_to_sale_ratio": 7.29,
            "price_fair": 156.96,
            "eps_avg_yearly": 4.48,
            "eps_latest_yearly": 5.56,
            "eps_growth_yearly": 193.35
        },
        "20163": {
            "year_quarter": 20163,
            "year": 2016,
            "quarter": 3,
            "eps": 1.67,
            "eps_growth_year": -13.92,
            "eps_4q": 4.04,
            "eps_4q_growth_year": -14.01,
            "roe": 6.15,
            "roe_4q": 16.72,
            "gross_profit": 238896,
            "gross_margin": 52.42,
            "gross_margin_4q_avg": 48.03,
            "net_income": 118699,
            "revenue": 455727,
            "common_shares": 740119,
            "book_valuer_per_share": 26.65,
            "book_valuer_per_share_4q_avg": 29.02,
            "equity": 1968820,
            "current_ratio": 299.28,
            "debt_ratio": 30.41,
            "inventory_turnover_ratio": 0.6,
            "account_receivable_turnover_ratio": 1.71,
            "reinvestment_rate": null,
            "research_to_sale_ratio": 9.39,
            "price_fair": 164.64,
            "eps_avg_yearly": 4.7,
            "eps_latest_yearly": 6.68,
            "eps_growth_yearly": 182.08
        },
        "20164": {
            "year_quarter": 20164,
            "year": 2016,
            "quarter": 4,
            "eps": 0.98,
            "eps_growth_year": -29.28,
            "eps_4q": 3.96,
            "eps_4q_growth_year": -17.23,
            "roe": 3.55,
            "roe_4q": 15.209999999999999,
            "gross_profit": 150061,
            "gross_margin": 35.82,
            "gross_margin_4q_avg": 44.77,
            "net_income": 71711,
            "revenue": 418921,
            "common_shares": 744023,
            "book_valuer_per_share": 28.24,
            "book_valuer_per_share_4q_avg": 28.97,
            "equity": 2069105,
            "current_ratio": 310.59,
            "debt_ratio": 28.33,
            "inventory_turnover_ratio": 0.76,
            "account_receivable_turnover_ratio": 1.8,
            "reinvestment_rate": 47.27,
            "research_to_sale_ratio": 9.5,
            "price_fair": 162.15,
            "eps_avg_yearly": 4.63,
            "eps_latest_yearly": 3.92,
            "eps_growth_yearly": 150.5
        },
        "20171": {
            "year_quarter": 20171,
            "year": 2017,
            "quarter": 1,
            "eps": 1.35,
            "eps_growth_year": 365.52,
            "eps_4q": 5.08,
            "eps_4q_growth_year": 17.29,
            "roe": 4.76,
            "roe_4q": 18.979999999999997,
            "gross_profit": 187312,
            "gross_margin": 45.5,
            "gross_margin_4q_avg": 43.54,
            "net_income": 98264,
            "revenue": 411692,
            "common_shares": 744027,
            "book_valuer_per_share": 28.18,
            "book_valuer_per_share_4q_avg": 28.63,
            "equity": 2057510,
            "current_ratio": 313.46,
            "debt_ratio": 27.28,
            "inventory_turnover_ratio": 0.66,
            "account_receivable_turnover_ratio": 1.93,
            "reinvestment_rate": 43.69,
            "research_to_sale_ratio": 10.08,
            "price_fair": 164.38,
            "eps_avg_yearly": 4.7,
            "eps_latest_yearly": 5.4,
            "eps_growth_yearly": 150.54
        },
        "20172": {
            "year_quarter": 20172,
            "year": 2017,
            "quarter": 2,
            "eps": 0.91,
            "eps_growth_year": -34.53,
            "eps_4q": 4.75,
            "eps_4q_growth_year": 20.35,
            "roe": 3.15,
            "roe_4q": 17.61,
            "gross_profit": 248075,
            "gross_margin": 54.14,
            "gross_margin_4q_avg": 46.97,
            "net_income": 65995,
            "revenue": 458228,
            "common_shares": 760699,
            "book_valuer_per_share": 28.62,
            "book_valuer_per_share_4q_avg": 27.92,
            "equity": 2138066,
            "current_ratio": 336.28,
            "debt_ratio": 26.19,
            "inventory_turnover_ratio": 0.62,
            "account_receivable_turnover_ratio": 1.95,
            "reinvestment_rate": 41.21,
            "research_to_sale_ratio": 9.01,
            "price_fair": 161.54,
            "eps_avg_yearly": 4.62,
            "eps_latest_yearly": 3.64,
            "eps_growth_yearly": 128.93
        },
        "20173": {
            "year_quarter": 20173,
            "year": 2017,
            "quarter": 3,
            "eps": 1.49,
            "eps_growth_year": -10.78,
            "eps_4q": 4.46,
            "eps_4q_growth_year": 10.63,
            "roe": 4.94,
            "roe_4q": 16.4,
            "gross_profit": 223559,
            "gross_margin": 42.25,
            "gross_margin_4q_avg": 44.43,
            "net_income": 112602,
            "revenue": 529100,
            "common_shares": 794604,
            "book_valuer_per_share": 31.03,
            "book_valuer_per_share_4q_avg": 29.02,
            "equity": 2423142,
            "current_ratio": 357.59,
            "debt_ratio": 21.5,
            "inventory_turnover_ratio": 0.86,
            "account_receivable_turnover_ratio": 1.89,
            "reinvestment_rate": 49.22,
            "research_to_sale_ratio": 7.74,
            "price_fair": 164.9,
            "eps_avg_yearly": 4.71,
            "eps_latest_yearly": 5.96,
            "eps_growth_yearly": 137.93
        },
        "20174": {
            "year_quarter": 20174,
            "year": 2017,
            "quarter": 4,
            "eps": 1.01,
            "eps_growth_year": 3.63,
            "eps_4q": 4.52,
            "eps_4q_growth_year": 14.16,
            "roe": 3.23,
            "roe_4q": 16.08,
            "gross_profit": 236957,
            "gross_margin": 44.98,
            "gross_margin_4q_avg": 46.72,
            "net_income": 80186,
            "revenue": 526812,
            "common_shares": 804389,
            "book_valuer_per_share": 32.1,
            "book_valuer_per_share_4q_avg": 29.98,
            "equity": 2537569,
            "current_ratio": 556.59,
            "debt_ratio": 14.89,
            "inventory_turnover_ratio": 0.83,
            "account_receivable_turnover_ratio": 1.71,
            "reinvestment_rate": 50.94,
            "research_to_sale_ratio": 7.46,
            "price_fair": 163.33,
            "eps_avg_yearly": 4.67,
            "eps_latest_yearly": 4.04,
            "eps_growth_yearly": 120.15
        },
        "20181": {
            "year_quarter": 20181,
            "year": 2018,
            "quarter": 1,
            "eps": 1.06,
            "eps_growth_year": -21.48,
            "eps_4q": 4.25,
            "eps_4q_growth_year": -16.38,
            "roe": 3.22,
            "roe_4q": 14.540000000000001,
            "gross_profit": 214304,
            "gross_margin": 44.74,
            "gross_margin_4q_avg": 46.53,
            "net_income": 83655,
            "revenue": 479020,
            "common_shares": 819290,
            "book_valuer_per_share": 33.04,
            "book_valuer_per_share_4q_avg": 31.2,
            "equity": 2661027,
            "current_ratio": 756.15,
            "debt_ratio": 11.9,
            "inventory_turnover_ratio": 0.8,
            "account_receivable_turnover_ratio": 1.7,
            "reinvestment_rate": 45.44,
            "research_to_sale_ratio": 8.73,
            "price_fair": 162.4,
            "eps_avg_yearly": 4.64,
            "eps_latest_yearly": 4.24,
            "eps_growth_yearly": 113.88
        },
        "20182": {
            "year_quarter": 20182,
            "year": 2018,
            "quarter": 2,
            "eps": 1.16,
            "eps_growth_year": 27.47,
            "eps_4q": 4.57,
            "eps_4q_growth_year": -3.8,
            "roe": 3.38,
            "roe_4q": 14.77,
            "gross_profit": 256217,
            "gross_margin": 49.02,
            "gross_margin_4q_avg": 45.25,
            "net_income": 92482,
            "revenue": 522665,
            "common_shares": 821441,
            "book_valuer_per_share": 34.82,
            "book_valuer_per_share_4q_avg": 32.75,
            "equity": 2812450,
            "current_ratio": 659.68,
            "debt_ratio": 13.22,
            "inventory_turnover_ratio": 0.78,
            "account_receivable_turnover_ratio": 1.99,
            "reinvestment_rate": 43.42,
            "research_to_sale_ratio": 9.4,
            "price_fair": 167.56,
            "eps_avg_yearly": 4.79,
            "eps_latest_yearly": 4.64,
            "eps_growth_yearly": 125.4
        },
        "20183": {
            "year_quarter": 20183,
            "year": 2018,
            "quarter": 3,
            "eps": 1.14,
            "eps_growth_year": -23.49,
            "eps_4q": 4.31,
            "eps_4q_growth_year": -3.49,
            "roe": 3.19,
            "roe_4q": 13.020000000000001,
            "gross_profit": 247314,
            "gross_margin": 48.08,
            "gross_margin_4q_avg": 46.71,
            "net_income": 91761,
            "revenue": 514359,
            "common_shares": 821691,
            "book_valuer_per_share": 36.16,
            "book_valuer_per_share_4q_avg": 34.03,
            "equity": 2934533,
            "current_ratio": 953.71,
            "debt_ratio": 10.47,
            "inventory_turnover_ratio": 0.79,
            "account_receivable_turnover_ratio": 1.91,
            "reinvestment_rate": 42.66,
            "research_to_sale_ratio": 9.03,
            "price_fair": 168.7,
            "eps_avg_yearly": 4.82,
            "eps_latest_yearly": 4.56,
            "eps_growth_yearly": 105.67
        },
        "20184": {
            "year_quarter": 20184,
            "year": 2018,
            "quarter": 4,
            "eps": 0.65,
            "eps_growth_year": -36.05,
            "eps_4q": 3.96,
            "eps_4q_growth_year": -12.21,
            "roe": 1.67,
            "roe_4q": 11.459999999999999,
            "gross_profit": 179877,
            "gross_margin": 41.22,
            "gross_margin_4q_avg": 45.77,
            "net_income": 49691,
            "revenue": 436367,
            "common_shares": 821691,
            "book_valuer_per_share": 37.16,
            "book_valuer_per_share_4q_avg": 35.3,
            "equity": 3012785,
            "current_ratio": 894.17,
            "debt_ratio": 11.45,
            "inventory_turnover_ratio": 0.78,
            "account_receivable_turnover_ratio": 1.76,
            "reinvestment_rate": 43.75,
            "research_to_sale_ratio": 11.83,
            "price_fair": 160.56,
            "eps_avg_yearly": 4.59,
            "eps_latest_yearly": 2.6,
            "eps_growth_yearly": 80.82
        },
        "20191": {
            "year_quarter": 20191,
            "year": 2019,
            "quarter": 1,
            "eps": 0.17,
            "eps_growth_year": -83.96,
            "eps_4q": 2.81,
            "eps_4q_growth_year": -33.83,
            "roe": 0.4,
            "roe_4q": 8.64,
            "gross_profit": 136060,
            "gross_margin": 36,
            "gross_margin_4q_avg": 43.58,
            "net_income": 12993,
            "revenue": 377909,
            "common_shares": 907470,
            "book_valuer_per_share": 38.31,
            "book_valuer_per_share_4q_avg": 36.61,
            "equity": 3433266,
            "current_ratio": 1032.69,
            "debt_ratio": 10.47,
            "inventory_turnover_ratio": 0.72,
            "account_receivable_turnover_ratio": 1.56,
            "reinvestment_rate": 45.78,
            "research_to_sale_ratio": 11.76,
            "price_fair": 155.31,
            "eps_avg_yearly": 4.44,
            "eps_latest_yearly": 0.68,
            "eps_growth_yearly": 75.17
        },
        "20192": {
            "year_quarter": 20192,
            "year": 2019,
            "quarter": 2,
            "eps": 1,
            "eps_growth_year": -13.79,
            "eps_4q": 2.76,
            "eps_4q_growth_year": -39.47,
            "roe": 2.52,
            "roe_4q": 7.779999999999999,
            "gross_profit": 239073,
            "gross_margin": 51.38,
            "gross_margin_4q_avg": 44.17,
            "net_income": 86638,
            "revenue": 465346,
            "common_shares": 907470,
            "book_valuer_per_share": 38.56,
            "book_valuer_per_share_4q_avg": 37.55,
            "equity": 3453579,
            "current_ratio": 779.78,
            "debt_ratio": 12.28,
            "inventory_turnover_ratio": 0.64,
            "account_receivable_turnover_ratio": 1.65,
            "reinvestment_rate": 43.02,
            "research_to_sale_ratio": 9.79,
            "price_fair": 153.91,
            "eps_avg_yearly": 4.4,
            "eps_latest_yearly": 4,
            "eps_growth_yearly": 184.57
        },
        "20193": {
            "year_quarter": 20193,
            "year": 2019,
            "quarter": 3,
            "eps": 0.68,
            "eps_growth_year": -40.35,
            "eps_4q": 2.41,
            "eps_4q_growth_year": -43.96,
            "roe": 1.71,
            "roe_4q": 6.300000000000001,
            "gross_profit": 197302,
            "gross_margin": 42.29,
            "gross_margin_4q_avg": 42.72,
            "net_income": 59569,
            "revenue": 466566,
            "common_shares": 907911,
            "book_valuer_per_share": 39.37,
            "book_valuer_per_share_4q_avg": 38.35,
            "equity": 3525865,
            "current_ratio": 774.31,
            "debt_ratio": 12.28,
            "inventory_turnover_ratio": 0.75,
            "account_receivable_turnover_ratio": 1.68,
            "reinvestment_rate": 22.25,
            "research_to_sale_ratio": 9.58,
            "price_fair": 142.89,
            "eps_avg_yearly": 4.08,
            "eps_latest_yearly": 2.72,
            "eps_growth_yearly": 159.76
        },
        "20194": {
            "year_quarter": 20194,
            "year": 2019,
            "quarter": 4,
            "eps": 1.16,
            "eps_growth_year": 79.42,
            "eps_4q": 2.99,
            "eps_4q_growth_year": -24.55,
            "roe": 2.94,
            "roe_4q": 7.57,
            "gross_profit": 237496,
            "gross_margin": 49.84,
            "gross_margin_4q_avg": 44.88,
            "net_income": 103796,
            "revenue": 476513,
            "common_shares": 908335,
            "book_valuer_per_share": 39.36,
            "book_valuer_per_share_4q_avg": 38.9,
            "equity": 3527108,
            "current_ratio": 1082.77,
            "debt_ratio": 9.63,
            "inventory_turnover_ratio": 0.68,
            "account_receivable_turnover_ratio": 1.63,
            "reinvestment_rate": 20.22,
            "research_to_sale_ratio": 9.17,
            "price_fair": 140.96,
            "eps_avg_yearly": 4.03,
            "eps_latest_yearly": 4.64,
            "eps_growth_yearly": 184.62
        },
        "20201": {
            "year_quarter": 20201,
            "year": 2020,
            "quarter": 1,
            "eps": 0.03,
            "eps_growth_year": -82.35,
            "eps_4q": 2.84,
            "eps_4q_growth_year": 0.88,
            "roe": 0.07,
            "roe_4q": 7.24,
            "gross_profit": 159898,
            "gross_margin": 43.53,
            "gross_margin_4q_avg": 46.76,
            "net_income": 2555,
            "revenue": 367352,
            "common_shares": 913515,
            "book_valuer_per_share": 39.04,
            "book_valuer_per_share_4q_avg": 39.08,
            "equity": 3512558,
            "current_ratio": 879,
            "debt_ratio": 9.61,
            "inventory_turnover_ratio": 0.57,
            "account_receivable_turnover_ratio": 1.42,
            "reinvestment_rate": 58.93,
            "research_to_sale_ratio": 12.25,
            "price_fair": 138.69,
            "eps_avg_yearly": 3.96,
            "eps_latest_yearly": 0.12,
            "eps_growth_yearly": 180.02
        },
        "20202": {
            "year_quarter": 20202,
            "year": 2020,
            "quarter": 2,
            "eps": 0.07,
            "eps_growth_year": -93,
            "eps_4q": 1.92,
            "eps_4q_growth_year": -30.43,
            "roe": 0.17,
            "roe_4q": 4.890000000000001,
            "gross_profit": 187826,
            "gross_margin": 45.59,
            "gross_margin_4q_avg": 45.31,
            "net_income": 5950,
            "revenue": 412013,
            "common_shares": 913515,
            "book_valuer_per_share": 41,
            "book_valuer_per_share_4q_avg": 39.69,
            "equity": 3689009,
            "current_ratio": 739.88,
            "debt_ratio": 11.08,
            "inventory_turnover_ratio": 0.61,
            "account_receivable_turnover_ratio": 1.96,
            "reinvestment_rate": 120.65,
            "research_to_sale_ratio": 10.23,
            "price_fair": 127.14,
            "eps_avg_yearly": 3.63,
            "eps_latest_yearly": 0.28,
            "eps_growth_yearly": 118.52
        },
        "20203": {
            "year_quarter": 20203,
            "year": 2020,
            "quarter": 3,
            "eps": -0.39,
            "eps_growth_year": -157.35,
            "eps_4q": 0.87,
            "eps_4q_growth_year": -64.05,
            "roe": -0.94,
            "roe_4q": 2.24,
            "gross_profit": 146995,
            "gross_margin": 41.01,
            "gross_margin_4q_avg": 44.99,
            "net_income": -34375,
            "revenue": 358437,
            "common_shares": 914353,
            "book_valuer_per_share": 40.49,
            "book_valuer_per_share_4q_avg": 39.97,
            "equity": 3645508,
            "current_ratio": 780.89,
            "debt_ratio": 10.74,
            "inventory_turnover_ratio": 0.58,
            "account_receivable_turnover_ratio": 1.75,
            "reinvestment_rate": 133.32,
            "research_to_sale_ratio": 14.21,
            "price_fair": 120.03,
            "eps_avg_yearly": 3.43,
            "eps_latest_yearly": 0.28,
            "eps_growth_yearly": 121.05
        },
        "20204": {
            "year_quarter": 20204,
            "year": 2020,
            "quarter": 4,
            "eps": -0.98,
            "eps_growth_year": -184.04,
            "eps_4q": -1.27,
            "eps_4q_growth_year": -142.33,
            "roe": -2.46,
            "roe_4q": -3.16,
            "gross_profit": 119015,
            "gross_margin": 34.59,
            "gross_margin_4q_avg": 41.18,
            "net_income": -88046,
            "revenue": 344057,
            "common_shares": 914058,
            "book_valuer_per_share": 39.18,
            "book_valuer_per_share_4q_avg": 39.93,
            "equity": 3527096,
            "current_ratio": 957.52,
            "debt_ratio": 9.52,
            "inventory_turnover_ratio": 0.62,
            "account_receivable_turnover_ratio": 1.77,
            "reinvestment_rate": 143.3,
            "research_to_sale_ratio": 12.93,
            "price_fair": 118.8,
            "eps_avg_yearly": 3.39,
            "eps_latest_yearly": 0.28,
            "eps_growth_yearly": 141.5
        },
        "20211": {
            "year_quarter": 20211,
            "year": 2021,
            "quarter": 1,
            "eps": -0.99,
            "eps_growth_year": -3400,
            "eps_4q": -2.26,
            "eps_4q_growth_year": -179.73,
            "roe": -2.53,
            "roe_4q": -5.76,
            "gross_profit": 100005,
            "gross_margin": 33.19,
            "gross_margin_4q_avg": 38.6,
            "net_income": -88189,
            "revenue": 301307,
            "common_shares": 918328,
            "book_valuer_per_share": 38.12,
            "book_valuer_per_share_4q_avg": 39.7,
            "equity": 3447732,
            "current_ratio": 973.7,
            "debt_ratio": 9.06,
            "inventory_turnover_ratio": 0.57,
            "account_receivable_turnover_ratio": 1.52,
            "reinvestment_rate": 169.54,
            "research_to_sale_ratio": 13.15,
            "price_fair": 113.4,
            "eps_avg_yearly": 3.24,
            "eps_latest_yearly": 0.28,
            "eps_growth_yearly": 140.77
        },
        "20212": {
            "year_quarter": 20212,
            "year": 2021,
            "quarter": 2,
            "eps": -0.5,
            "eps_growth_year": -814.29,
            "eps_4q": -2.83,
            "eps_4q_growth_year": -247.03,
            "roe": -1.33,
            "roe_4q": -7.26,
            "gross_profit": 78009,
            "gross_margin": 25.36,
            "gross_margin_4q_avg": 33.54,
            "net_income": -45198,
            "revenue": 307557,
            "common_shares": 918233,
            "book_valuer_per_share": 37,
            "book_valuer_per_share_4q_avg": 38.7,
            "equity": 3346032,
            "current_ratio": 760.47,
            "debt_ratio": 8.16,
            "inventory_turnover_ratio": 0.69,
            "account_receivable_turnover_ratio": 1.52,
            "reinvestment_rate": 196.03,
            "research_to_sale_ratio": 14.63,
            "price_fair": 112.23,
            "eps_avg_yearly": 3.21,
            "eps_latest_yearly": 0.28,
            "eps_growth_yearly": 163.37
        },
        "20213": {
            "year_quarter": 20213,
            "year": 2021,
            "quarter": 3,
            "eps": -0.95,
            "eps_growth_year": null,
            "eps_4q": -3.4,
            "eps_4q_growth_year": -491.48,
            "roe": -2.6,
            "roe_4q": -8.92,
            "gross_profit": 100670,
            "gross_margin": 31.62,
            "gross_margin_4q_avg": 31.19,
            "net_income": -85866,
            "revenue": 318374,
            "common_shares": 916966,
            "book_valuer_per_share": 35.92,
            "book_valuer_per_share_4q_avg": 37.56,
            "equity": 3246619,
            "current_ratio": 815.78,
            "debt_ratio": 12.25,
            "inventory_turnover_ratio": 0.67,
            "account_receivable_turnover_ratio": 1.61,
            "reinvestment_rate": 343.93,
            "research_to_sale_ratio": 11.63,
            "price_fair": 103.47,
            "eps_avg_yearly": 2.96,
            "eps_latest_yearly": 0.28,
            "eps_growth_yearly": 155.04
        },
        "20214": {
            "year_quarter": 20214,
            "year": 2021,
            "quarter": 4,
            "eps": -1.44,
            "eps_growth_year": null,
            "eps_4q": -3.43,
            "eps_4q_growth_year": null,
            "roe": -4.11,
            "roe_4q": -10.57,
            "gross_profit": 66373,
            "gross_margin": 21.5,
            "gross_margin_4q_avg": 27.92,
            "net_income": -159244,
            "revenue": 308643,
            "common_shares": 1106761,
            "book_valuer_per_share": 40.76,
            "book_valuer_per_share_4q_avg": 37.95,
            "equity": 4499240,
            "current_ratio": 1543.02,
            "debt_ratio": 8.22,
            "inventory_turnover_ratio": 0.8,
            "account_receivable_turnover_ratio": 1.78,
            "reinvestment_rate": 1625.83,
            "research_to_sale_ratio": 12.61,
            "price_fair": 99.68,
            "eps_avg_yearly": 2.85,
            "eps_latest_yearly": 0.28,
            "eps_growth_yearly": 183.43
        },
        "20221": {
            "year_quarter": 20221,
            "year": 2022,
            "quarter": 1,
            "eps": -1.55,
            "eps_growth_year": null,
            "eps_4q": -4.16,
            "eps_4q_growth_year": null,
            "roe": -3.9,
            "roe_4q": -11.94,
            "gross_profit": 94603,
            "gross_margin": 31.8,
            "gross_margin_4q_avg": 27.57,
            "net_income": -170662,
            "revenue": 297485,
            "common_shares": 1108826,
            "book_valuer_per_share": 38.36,
            "book_valuer_per_share_4q_avg": 38.01,
            "equity": 4251548,
            "current_ratio": 663.33,
            "debt_ratio": 9.83,
            "inventory_turnover_ratio": 0.69,
            "account_receivable_turnover_ratio": 1.64,
            "reinvestment_rate": null,
            "research_to_sale_ratio": 15.84,
            "price_fair": 94.27,
            "eps_avg_yearly": 2.69,
            "eps_latest_yearly": 0.28,
            "eps_growth_yearly": 201.61
        },
        "20222": {
            "year_quarter": 20222,
            "year": 2022,
            "quarter": 2,
            "eps": -1.39,
            "eps_growth_year": null,
            "eps_4q": -5.13,
            "eps_4q_growth_year": null,
            "roe": -3.62,
            "roe_4q": -14.229999999999999,
            "gross_profit": 94121,
            "gross_margin": 27.7,
            "gross_margin_4q_avg": 28.16,
            "net_income": -152464,
            "revenue": 339759,
            "common_shares": 1108421,
            "book_valuer_per_share": 37.7,
            "book_valuer_per_share_4q_avg": 38.19,
            "equity": 4178475,
            "current_ratio": 713.55,
            "debt_ratio": 12.92,
            "inventory_turnover_ratio": 0.78,
            "account_receivable_turnover_ratio": 1.46,
            "reinvestment_rate": null,
            "research_to_sale_ratio": 10.62,
            "price_fair": 85.75,
            "eps_avg_yearly": 2.45,
            "eps_latest_yearly": 0.28,
            "eps_growth_yearly": 222.1
        },
        "20223": {
            "year_quarter": 20223,
            "year": 2022,
            "quarter": 3,
            "eps": -2.03,
            "eps_growth_year": null,
            "eps_4q": -6.37,
            "eps_4q_growth_year": null,
            "roe": -5.41,
            "roe_4q": -17.040000000000003,
            "gross_profit": 78551,
            "gross_margin": 22.96,
            "gross_margin_4q_avg": 25.99,
            "net_income": -224075,
            "revenue": 342099,
            "common_shares": 1108421,
            "book_valuer_per_share": 36.99,
            "book_valuer_per_share_4q_avg": 38.45,
            "equity": 4099120,
            "current_ratio": 597.79,
            "debt_ratio": 14.6,
            "inventory_turnover_ratio": 0.74,
            "account_receivable_turnover_ratio": 1.35,
            "reinvestment_rate": null,
            "research_to_sale_ratio": 11.95,
            "price_fair": 75.2,
            "eps_avg_yearly": 2.15,
            "eps_latest_yearly": 0.28,
            "eps_growth_yearly": 254.81
        },
        "20224": {
            "year_quarter": 20224,
            "year": 2022,
            "quarter": 4,
            "eps": -3.54,
            "eps_growth_year": null,
            "eps_4q": -8.48,
            "eps_4q_growth_year": null,
            "roe": -10.06,
            "roe_4q": -22.99,
            "gross_profit": 47654,
            "gross_margin": 13.44,
            "gross_margin_4q_avg": 23.98,
            "net_income": -392516,
            "revenue": 354467,
            "common_shares": 1108251,
            "book_valuer_per_share": 33.4,
            "book_valuer_per_share_4q_avg": 36.61,
            "equity": 3700722,
            "current_ratio": 269.74,
            "debt_ratio": 18.07,
            "inventory_turnover_ratio": 0.84,
            "account_receivable_turnover_ratio": 1.58,
            "reinvestment_rate": null,
            "research_to_sale_ratio": 14.37,
            "price_fair": 72.57,
            "eps_avg_yearly": 2.07,
            "eps_latest_yearly": 0.28,
            "eps_growth_yearly": 325.93
        },
        "20231": {
            "year_quarter": 20231,
            "year": 2023,
            "quarter": 1,
            "eps": -2.66,
            "eps_growth_year": null,
            "eps_4q": -9.55,
            "eps_4q_growth_year": null,
            "roe": -8.26,
            "roe_4q": -27.35,
            "gross_profit": 34484,
            "gross_margin": 12.75,
            "gross_margin_4q_avg": 19.21,
            "net_income": -293481,
            "revenue": 270481,
            "common_shares": 1113107,
            "book_valuer_per_share": 30.63,
            "book_valuer_per_share_4q_avg": 34.68,
            "equity": 3408723,
            "current_ratio": 219.68,
            "debt_ratio": 20.16,
            "inventory_turnover_ratio": 0.67,
            "account_receivable_turnover_ratio": 1.29,
            "reinvestment_rate": null,
            "research_to_sale_ratio": 20.37,
            "price_fair": 82.32,
            "eps_avg_yearly": 2.35,
            "eps_latest_yearly": 0.28,
            "eps_growth_yearly": 450.19
        }
    },
    "months": {
        "2012-03": {
            "month": "2012-03",
            "price": "42.25",
            "revenue": 83890
        },
        "2012-04": {
            "month": "2012-04",
            "price": "36.82",
            "revenue": 41639
        },
        "2012-05": {
            "month": "2012-05",
            "price": "34.35",
            "revenue": 63783
        },
        "2012-06": {
            "month": "2012-06",
            "price": "30.97",
            "revenue": 110106
        },
        "2012-07": {
            "month": "2012-07",
            "price": "27.39",
            "revenue": 51418
        },
        "2012-08": {
            "month": "2012-08",
            "price": "21.48",
            "revenue": 65297
        },
        "2012-09": {
            "month": "2012-09",
            "price": "23.82",
            "revenue": 77978
        },
        "2012-10": {
            "month": "2012-10",
            "price": "22.47",
            "revenue": 70087
        },
        "2012-11": {
            "month": "2012-11",
            "price": "16.47",
            "revenue": 60074
        },
        "2012-12": {
            "month": "2012-12",
            "price": "17.12",
            "revenue": 77120
        },
        "2013-01": {
            "month": "2013-01",
            "price": "18.58",
            "revenue": 28942
        },
        "2013-02": {
            "month": "2013-02",
            "price": "16.18",
            "revenue": 78904
        },
        "2013-03": {
            "month": "2013-03",
            "price": "17.98",
            "revenue": 113087
        },
        "2013-04": {
            "month": "2013-04",
            "price": "18.64",
            "revenue": 55792
        },
        "2013-05": {
            "month": "2013-05",
            "price": "21.34",
            "revenue": 77352
        },
        "2013-06": {
            "month": "2013-06",
            "price": "23.13",
            "revenue": 123300
        },
        "2013-07": {
            "month": "2013-07",
            "price": "27.16",
            "revenue": 65268
        },
        "2013-08": {
            "month": "2013-08",
            "price": "25.94",
            "revenue": 94014
        },
        "2013-09": {
            "month": "2013-09",
            "price": "22.65",
            "revenue": 118621
        },
        "2013-10": {
            "month": "2013-10",
            "price": "29.19",
            "revenue": 103474
        },
        "2013-11": {
            "month": "2013-11",
            "price": "25.54",
            "revenue": 77236
        },
        "2013-12": {
            "month": "2013-12",
            "price": "26.45",
            "revenue": 113099
        },
        "2014-01": {
            "month": "2014-01",
            "price": "29.59",
            "revenue": 62571
        },
        "2014-02": {
            "month": "2014-02",
            "price": "38.44",
            "revenue": 109284
        },
        "2014-03": {
            "month": "2014-03",
            "price": "40.33",
            "revenue": 119935
        },
        "2014-04": {
            "month": "2014-04",
            "price": "50.66",
            "revenue": 93678
        },
        "2014-05": {
            "month": "2014-05",
            "price": "54.01",
            "revenue": 86861
        },
        "2014-06": {
            "month": "2014-06",
            "price": "54.85",
            "revenue": 141682
        },
        "2014-07": {
            "month": "2014-07",
            "price": "55.50",
            "revenue": 80151
        },
        "2014-08": {
            "month": "2014-08",
            "price": "52.56",
            "revenue": 126031
        },
        "2014-09": {
            "month": "2014-09",
            "price": "54.08",
            "revenue": 141450
        },
        "2014-10": {
            "month": "2014-10",
            "price": "50.01",
            "revenue": 149067
        },
        "2014-11": {
            "month": "2014-11",
            "price": "48.08",
            "revenue": 82534
        },
        "2014-12": {
            "month": "2014-12",
            "price": "52.03",
            "revenue": 161161
        },
        "2015-01": {
            "month": "2015-01",
            "price": "60.00",
            "revenue": 122566
        },
        "2015-02": {
            "month": "2015-02",
            "price": "61.02",
            "revenue": 99892
        },
        "2015-03": {
            "month": "2015-03",
            "price": "67.43",
            "revenue": 134788
        },
        "2015-04": {
            "month": "2015-04",
            "price": "77.38",
            "revenue": 151930
        },
        "2015-05": {
            "month": "2015-05",
            "price": "84.63",
            "revenue": 123776
        },
        "2015-06": {
            "month": "2015-06",
            "price": "88.66",
            "revenue": 129917
        },
        "2015-07": {
            "month": "2015-07",
            "price": "77.19",
            "revenue": 134457
        },
        "2015-08": {
            "month": "2015-08",
            "price": "63.85",
            "revenue": 147795
        },
        "2015-09": {
            "month": "2015-09",
            "price": "60.98",
            "revenue": 142996
        },
        "2015-10": {
            "month": "2015-10",
            "price": "75.03",
            "revenue": 143511
        },
        "2015-11": {
            "month": "2015-11",
            "price": "74.06",
            "revenue": 137460
        },
        "2015-12": {
            "month": "2015-12",
            "price": "72.98",
            "revenue": 193001
        },
        "2016-01": {
            "month": "2016-01",
            "price": "72.90",
            "revenue": 136962
        },
        "2016-02": {
            "month": "2016-02",
            "price": "78.58",
            "revenue": 122505
        },
        "2016-03": {
            "month": "2016-03",
            "price": "90.69",
            "revenue": 203305
        },
        "2016-04": {
            "month": "2016-04",
            "price": "91.01",
            "revenue": 107615
        },
        "2016-05": {
            "month": "2016-05",
            "price": "91.69",
            "revenue": 161325
        },
        "2016-06": {
            "month": "2016-06",
            "price": "92.80",
            "revenue": 212219
        },
        "2016-07": {
            "month": "2016-07",
            "price": "87.05",
            "revenue": 104682
        },
        "2016-08": {
            "month": "2016-08",
            "price": "79.95",
            "revenue": 140809
        },
        "2016-09": {
            "month": "2016-09",
            "price": "77.77",
            "revenue": 208830
        },
        "2016-10": {
            "month": "2016-10",
            "price": "69.08",
            "revenue": 115291
        },
        "2016-11": {
            "month": "2016-11",
            "price": "66.74",
            "revenue": 124691
        },
        "2016-12": {
            "month": "2016-12",
            "price": "64.92",
            "revenue": 180204
        },
        "2017-01": {
            "month": "2017-01",
            "price": "60.36",
            "revenue": 94928
        },
        "2017-02": {
            "month": "2017-02",
            "price": "56.69",
            "revenue": 126670
        },
        "2017-03": {
            "month": "2017-03",
            "price": "51.47",
            "revenue": 188576
        },
        "2017-04": {
            "month": "2017-04",
            "price": "54.48",
            "revenue": 142584
        },
        "2017-05": {
            "month": "2017-05",
            "price": "58.90",
            "revenue": 150251
        },
        "2017-06": {
            "month": "2017-06",
            "price": "67.52",
            "revenue": 164372
        },
        "2017-07": {
            "month": "2017-07",
            "price": "63.76",
            "revenue": 140010
        },
        "2017-08": {
            "month": "2017-08",
            "price": "70.47",
            "revenue": 148445
        },
        "2017-09": {
            "month": "2017-09",
            "price": "68.00",
            "revenue": 239538
        },
        "2017-10": {
            "month": "2017-10",
            "price": "71.67",
            "revenue": 148434
        },
        "2017-11": {
            "month": "2017-11",
            "price": "73.49",
            "revenue": 150711
        },
        "2017-12": {
            "month": "2017-12",
            "price": "85.45",
            "revenue": 226477
        },
        "2018-01": {
            "month": "2018-01",
            "price": "86.90",
            "revenue": 164120
        },
        "2018-02": {
            "month": "2018-02",
            "price": "81.28",
            "revenue": 130129
        },
        "2018-03": {
            "month": "2018-03",
            "price": "82.07",
            "revenue": 184718
        },
        "2018-04": {
            "month": "2018-04",
            "price": "73.53",
            "revenue": 173523
        },
        "2018-05": {
            "month": "2018-05",
            "price": "69.35",
            "revenue": 177530
        },
        "2018-06": {
            "month": "2018-06",
            "price": "72.22",
            "revenue": 171828
        },
        "2018-07": {
            "month": "2018-07",
            "price": "66.97",
            "revenue": 140355
        },
        "2018-08": {
            "month": "2018-08",
            "price": "58.17",
            "revenue": 183053
        },
        "2018-09": {
            "month": "2018-09",
            "price": "56.29",
            "revenue": 190817
        },
        "2018-10": {
            "month": "2018-10",
            "price": "48.48",
            "revenue": 138918
        },
        "2018-11": {
            "month": "2018-11",
            "price": "50.55",
            "revenue": 140242
        },
        "2018-12": {
            "month": "2018-12",
            "price": "52.92",
            "revenue": 155423
        },
        "2019-01": {
            "month": "2019-01",
            "price": "54.09",
            "revenue": 93984
        },
        "2019-02": {
            "month": "2019-02",
            "price": "58.49",
            "revenue": 104229
        },
        "2019-03": {
            "month": "2019-03",
            "price": "59.98",
            "revenue": 179716
        },
        "2019-04": {
            "month": "2019-04",
            "price": "61.40",
            "revenue": 121283
        },
        "2019-05": {
            "month": "2019-05",
            "price": "55.00",
            "revenue": 169585
        },
        "2019-06": {
            "month": "2019-06",
            "price": "53.84",
            "revenue": 175439
        },
        "2019-07": {
            "month": "2019-07",
            "price": "58.17",
            "revenue": 164212
        },
        "2019-08": {
            "month": "2019-08",
            "price": "62.00",
            "revenue": 120268
        },
        "2019-09": {
            "month": "2019-09",
            "price": "61.53",
            "revenue": 182015
        },
        "2019-10": {
            "month": "2019-10",
            "price": "63.62",
            "revenue": 126940
        },
        "2019-11": {
            "month": "2019-11",
            "price": "71.16",
            "revenue": 153102
        },
        "2019-12": {
            "month": "2019-12",
            "price": "69.00",
            "revenue": 195204
        },
        "2020-01": {
            "month": "2020-01",
            "price": "67.99",
            "revenue": 122819
        },
        "2020-02": {
            "month": "2020-02",
            "price": "63.59",
            "revenue": 99943
        },
        "2020-03": {
            "month": "2020-03",
            "price": "52.02",
            "revenue": 144564
        },
        "2020-04": {
            "month": "2020-04",
            "price": "49.92",
            "revenue": 122502
        },
        "2020-05": {
            "month": "2020-05",
            "price": "53.27",
            "revenue": 127901
        },
        "2020-06": {
            "month": "2020-06",
            "price": "52.78",
            "revenue": 161268
        },
        "2020-07": {
            "month": "2020-07",
            "price": "54.07",
            "revenue": 112119
        },
        "2020-08": {
            "month": "2020-08",
            "price": "49.66",
            "revenue": 108355
        },
        "2020-09": {
            "month": "2020-09",
            "price": "48.77",
            "revenue": 138008
        },
        "2020-10": {
            "month": "2020-10",
            "price": "48.06",
            "revenue": 122409
        },
        "2020-11": {
            "month": "2020-11",
            "price": "48.64",
            "revenue": 89228
        },
        "2020-12": {
            "month": "2020-12",
            "price": "50.02",
            "revenue": 132828
        },
        "2021-01": {
            "month": "2021-01",
            "price": "51.94",
            "revenue": 79599
        },
        "2021-02": {
            "month": "2021-02",
            "price": "51.01",
            "revenue": 88091
        },
        "2021-03": {
            "month": "2021-03",
            "price": "50.05",
            "revenue": 133574
        },
        "2021-04": {
            "month": "2021-04",
            "price": "51.48",
            "revenue": 88689
        },
        "2021-05": {
            "month": "2021-05",
            "price": "44.91",
            "revenue": 96029
        },
        "2021-06": {
            "month": "2021-06",
            "price": "44.85",
            "revenue": 122563
        },
        "2021-07": {
            "month": "2021-07",
            "price": "46.35",
            "revenue": 78346
        },
        "2021-08": {
            "month": "2021-08",
            "price": "48.65",
            "revenue": 103718
        },
        "2021-09": {
            "month": "2021-09",
            "price": "49.15",
            "revenue": 135789
        },
        "2021-10": {
            "month": "2021-10",
            "price": "46.94",
            "revenue": 80773
        },
        "2021-11": {
            "month": "2021-11",
            "price": "51.25",
            "revenue": 103484
        },
        "2021-12": {
            "month": "2021-12",
            "price": "49.75",
            "revenue": 124273
        },
        "2022-01": {
            "month": "2022-01",
            "price": "47.07",
            "revenue": 64367
        },
        "2022-02": {
            "month": "2022-02",
            "price": "45.36",
            "revenue": 89441
        },
        "2022-03": {
            "month": "2022-03",
            "price": "43.05",
            "revenue": 144873
        },
        "2022-04": {
            "month": "2022-04",
            "price": "40.66",
            "revenue": 80310
        },
        "2022-05": {
            "month": "2022-05",
            "price": "37.23",
            "revenue": 98622
        },
        "2022-06": {
            "month": "2022-06",
            "price": "35.78",
            "revenue": 162201
        },
        "2022-07": {
            "month": "2022-07",
            "price": "38.23",
            "revenue": 99368
        },
        "2022-08": {
            "month": "2022-08",
            "price": "39.57",
            "revenue": 89369
        },
        "2022-09": {
            "month": "2022-09",
            "price": "39.98",
            "revenue": 155034
        },
        "2022-10": {
            "month": "2022-10",
            "price": "37.07",
            "revenue": 119887
        },
        "2022-11": {
            "month": "2022-11",
            "price": "38.10",
            "revenue": 93456
        },
        "2022-12": {
            "month": "2022-12",
            "price": "39.04",
            "revenue": 140723
        },
        "2023-01": {
            "month": "2023-01",
            "price": "38.71",
            "revenue": 44835
        },
        "2023-02": {
            "month": "2023-02",
            "price": "38.47",
            "revenue": 78727
        },
        "2023-03": {
            "month": "2023-03",
            "price": "36.30",
            "revenue": 147279
        },
        "2023-04": {
            "month": "2023-04",
            "price": "34.55",
            "revenue": 62106
        },
        "2023-05": {
            "month": "2023-05",
            "price": "29.76",
            "revenue": 71835
        }
    }
}
