{
    "summary": {
        "stock_name": "傳奇",
        "stock_id": "4994",
        "category": "資訊服務",
        "main_business": "電子資訊供應服務業<br>資訊處理服務業、資訊軟體服務業<br>除許可業務外，得經營法令非禁止或限制之業務",
        "website_url": "http://www.x-legend.tw",
        "ceo": "張峰旗",
        "pe_ratio": 100,
        "report_year_from": 2010,
        "report_year_to": 2023,
        "age": 13,
        "eps_negative_percentage": 21,
        "eps_growth_avg": {
            "last_all": -37,
            "last_2y": -47.68,
            "last_4y": -47.68,
            "last_8y": -57.31,
            "last_12y": null,
            "last_16y": null,
            "last_20y": null,
            "at_2006_last_3y": null,
            "at_2007_last_3y": null,
            "at_2008_last_3y": null,
            "at_2009_last_3y": null,
            "at_2010_last_3y": null,
            "at_2011_last_3y": null,
            "at_2012_last_3y": null,
            "at_2013_last_3y": null,
            "at_2014_last_3y": 1.35,
            "at_2015_last_3y": -47.48,
            "at_2016_last_3y": -62.46,
            "at_2017_last_3y": -66.93,
            "at_2018_last_3y": -97.66,
            "at_2019_last_3y": -100,
            "at_2020_last_3y": -12.72,
            "at_2021_last_3y": -40.63,
            "at_2022_last_3y": -47.68,
            "at_2023_last_3y": -47.68,
            "at_2006_last_all": null,
            "at_2007_last_all": null,
            "at_2008_last_all": null,
            "at_2009_last_all": null,
            "at_2010_last_all": null,
            "at_2011_last_all": null,
            "at_2012_last_all": 29.96,
            "at_2013_last_all": 3.63,
            "at_2014_last_all": 1.35,
            "at_2015_last_all": -17.98,
            "at_2016_last_all": -31.65,
            "at_2017_last_all": -31.65,
            "at_2018_last_all": -31.65,
            "at_2019_last_all": -31.65,
            "at_2020_last_all": -28.95,
            "at_2021_last_all": -33.9,
            "at_2022_last_all": -37,
            "at_2023_last_all": -37
        },
        "latest_eps": 0.38,
        "latest_price": 46,
        "latest_roe": 2.62,
        "latest_gross_margin": 58.03,
        "latest_equity": 1556735,
        "latest_revenue": 390991,
        "latest_gross_profit": 226896,
        "latest_net_income": 43996,
        "latest_debt_ratio": 24.88,
        "latest_current_ratio": 419.88,
        "latest_account_receivable_turnover_ratio": 2.56,
        "latest_inventory_turnover_ratio": null,
        "latest_reinvestment_rate": 7.71,
        "latest_research_to_sale_ratio": 23.56
    },
    "eps_dividends": {
        "2001": {
            "cash": 0,
            "stock": 0,
            "eps": 0
        },
        "2002": {
            "cash": 0,
            "stock": 0,
            "eps": 0
        },
        "2003": {
            "cash": 0,
            "stock": 0,
            "eps": 0
        },
        "2004": {
            "cash": 0,
            "stock": 0,
            "eps": 0
        },
        "2005": {
            "cash": 0,
            "stock": 0,
            "eps": 0
        },
        "2006": {
            "cash": 0,
            "stock": 0,
            "eps": 0
        },
        "2007": {
            "cash": 0,
            "stock": 0,
            "eps": 0
        },
        "2008": {
            "cash": 0,
            "stock": 0,
            "eps": 0
        },
        "2009": {
            "cash": 0,
            "stock": 0,
            "eps": 0
        },
        "2010": {
            "cash": 0,
            "stock": 0,
            "eps": 2.09
        },
        "2011": {
            "cash": 1.9,
            "stock": 13.5,
            "eps": 15.52
        },
        "2012": {
            "cash": 0,
            "stock": 0,
            "eps": 9.3
        },
        "2013": {
            "cash": 1,
            "stock": 5,
            "eps": 4.74
        },
        "2014": {
            "cash": 1,
            "stock": 2.5,
            "eps": 4.48
        },
        "2015": {
            "cash": 1,
            "stock": 2.5,
            "eps": 0.21
        },
        "2016": {
            "cash": 0.25,
            "stock": 0,
            "eps": -0.98
        },
        "2017": {
            "cash": 0,
            "stock": 0,
            "eps": -2.56
        },
        "2018": {
            "cash": 0,
            "stock": 0,
            "eps": -2.6
        },
        "2019": {
            "cash": 0,
            "stock": 0,
            "eps": 4.48
        },
        "2020": {
            "cash": 1,
            "stock": 0,
            "eps": 3.91
        },
        "2021": {
            "cash": 3,
            "stock": 0,
            "eps": 1.23
        },
        "2022": {
            "cash": 1.5,
            "stock": 0,
            "eps": 0.47
        },
        "2023": {
            "cash": 0.5,
            "stock": 0,
            "eps": 0.4
        }
    },
    "dividends": {
        "2011-01-01": {
            "cash": 1.5,
            "stock": 10
        },
        "2011-04-22": {
            "cash": 0.4,
            "stock": 3.5
        },
        "2013-03-04": {
            "cash": 1,
            "stock": 5
        },
        "2014-09-25": {
            "cash": 1,
            "stock": 2.5
        },
        "2015-10-28": {
            "cash": 1,
            "stock": 2.5
        },
        "2016-08-29": {
            "cash": 0.25,
            "stock": 0
        },
        "2020-07-28": {
            "cash": 1,
            "stock": 0
        },
        "2021-09-08": {
            "cash": 3,
            "stock": 0
        },
        "2022-08-08": {
            "cash": 1.5,
            "stock": 0
        },
        "2023-07-14": {
            "cash": 0.5,
            "stock": 0
        }
    },
    "prices": {
        "200101": "無",
        "200102": "無",
        "200103": "無",
        "200104": "無",
        "200105": "無",
        "200106": "無",
        "200107": "無",
        "200108": "無",
        "200109": "無",
        "200110": "無",
        "200111": "無",
        "200112": "無",
        "200201": "無",
        "200202": "無",
        "200203": "無",
        "200204": "無",
        "200205": "無",
        "200206": "無",
        "200207": "無",
        "200208": "無",
        "200209": "無",
        "200210": "無",
        "200211": "無",
        "200212": "無",
        "200301": "無",
        "200302": "無",
        "200303": "無",
        "200304": "無",
        "200305": "無",
        "200306": "無",
        "200307": "無",
        "200308": "無",
        "200309": "無",
        "200310": "無",
        "200311": "無",
        "200312": "無",
        "200401": "無",
        "200402": "無",
        "200403": "無",
        "200404": "無",
        "200405": "無",
        "200406": "無",
        "200407": "無",
        "200408": "無",
        "200409": "無",
        "200410": "無",
        "200411": "無",
        "200412": "無",
        "200501": "無",
        "200502": "無",
        "200503": "無",
        "200504": "無",
        "200505": "無",
        "200506": "無",
        "200507": "無",
        "200508": "無",
        "200509": "無",
        "200510": "無",
        "200511": "無",
        "200512": "無",
        "200601": "無",
        "200602": "無",
        "200603": "無",
        "200604": "無",
        "200605": "無",
        "200606": "無",
        "200607": "無",
        "200608": "無",
        "200609": "無",
        "200610": "無",
        "200611": "無",
        "200612": "無",
        "200701": "無",
        "200702": "無",
        "200703": "無",
        "200704": "無",
        "200705": "無",
        "200706": "無",
        "200707": "無",
        "200708": "無",
        "200709": "無",
        "200710": "無",
        "200711": "無",
        "200712": "無",
        "200801": "無",
        "200802": "無",
        "200803": "無",
        "200804": "無",
        "200805": "無",
        "200806": "無",
        "200807": "無",
        "200808": "無",
        "200809": "無",
        "200810": "無",
        "200811": "無",
        "200812": "無",
        "200901": "無",
        "200902": "無",
        "200903": "無",
        "200904": "無",
        "200905": "無",
        "200906": "無",
        "200907": "無",
        "200908": "無",
        "200909": "無",
        "200910": "無",
        "200911": "無",
        "200912": "無",
        "201001": "無",
        "201002": "無",
        "201003": "無",
        "201004": "無",
        "201005": "無",
        "201006": "無",
        "201007": "無",
        "201008": "無",
        "201009": "無",
        "201010": "無",
        "201011": "無",
        "201012": "234.93",
        "201101": "300.27",
        "201102": "287.58",
        "201103": "275.70",
        "201104": "307.59",
        "201105": "308.52",
        "201106": "346.96",
        "201107": "332.51",
        "201108": "315.62",
        "201109": "275.74",
        "201110": "256.98",
        "201111": "210.83",
        "201112": "159.46",
        "201201": "160.17",
        "201202": "232.62",
        "201203": "285.28",
        "201204": "301.48",
        "201205": "379.95",
        "201206": "351.52",
        "201207": "351.27",
        "201208": "254.23",
        "201209": "201.85",
        "201210": "188.41",
        "201211": "180.41",
        "201212": "201.81",
        "201301": "204.66",
        "201302": "191.69",
        "201303": "192.64",
        "201304": "184.95",
        "201305": "178.07",
        "201306": "178.11",
        "201307": "174.89",
        "201308": "173.76",
        "201309": "149.38",
        "201310": "140.45",
        "201311": "123.76",
        "201312": "135.50",
        "201401": "132.56",
        "201402": "126.97",
        "201403": "155.52",
        "201404": "171.14",
        "201405": "172.57",
        "201406": "210.32",
        "201407": "222.86",
        "201408": "205.38",
        "201409": "173.57",
        "201410": "153.14",
        "201411": "144.78",
        "201412": "163.40",
        "201501": "167.05",
        "201502": "162.35",
        "201503": "162.75",
        "201504": "159.78",
        "201505": "146.20",
        "201506": "144.10",
        "201507": "138.70",
        "201508": "127.83",
        "201509": "100.38",
        "201510": "85.00",
        "201511": "83.34",
        "201512": "73.96",
        "201601": "65.28",
        "201602": "67.34",
        "201603": "71.60",
        "201604": "61.69",
        "201605": "51.89",
        "201606": "56.31",
        "201607": "57.86",
        "201608": "53.20",
        "201609": "48.57",
        "201610": "51.56",
        "201611": "71.46",
        "201612": "69.33",
        "201701": "69.43",
        "201702": "68.32",
        "201703": "66.00",
        "201704": "65.29",
        "201705": "70.90",
        "201706": "70.62",
        "201707": "64.54",
        "201708": "57.51",
        "201709": "57.71",
        "201710": "54.15",
        "201711": "52.71",
        "201712": "52.17",
        "201801": "53.94",
        "201802": "51.06",
        "201803": "51.24",
        "201804": "49.19",
        "201805": "48.47",
        "201806": "46.93",
        "201807": "44.28",
        "201808": "51.25",
        "201809": "50.99",
        "201810": "43.63",
        "201811": "41.87",
        "201812": "52.88",
        "201901": "60.52",
        "201902": "60.99",
        "201903": "65.68",
        "201904": "65.86",
        "201905": "74.80",
        "201906": "82.42",
        "201907": "91.75",
        "201908": "95.57",
        "201909": "101.16",
        "201910": "95.79",
        "201911": "87.35",
        "201912": "84.75",
        "202001": "84.19",
        "202002": "75.95",
        "202003": "54.10",
        "202004": "57.30",
        "202005": "64.47",
        "202006": "67.25",
        "202007": "68.58",
        "202008": "63.50",
        "202009": "62.02",
        "202010": "60.22",
        "202011": "68.24",
        "202012": "71.91",
        "202101": "74.83",
        "202102": "74.38",
        "202103": "77.36",
        "202104": "80.13",
        "202105": "66.31",
        "202106": "64.43",
        "202107": "62.15",
        "202108": "54.70",
        "202109": "54.96",
        "202110": "54.66",
        "202111": "53.26",
        "202112": "58.38",
        "202201": "56.32",
        "202202": "49.65",
        "202203": "45.18",
        "202204": "50.67",
        "202205": "45.00",
        "202206": "45.81",
        "202207": "41.33",
        "202208": "41.42",
        "202209": "39.42",
        "202210": "38.51",
        "202211": "41.19",
        "202212": "41.00",
        "202301": "41.25",
        "202302": "41.37",
        "202303": "46.06",
        "202304": "46.31",
        "202305": "47.19",
        "202306": "46.85"
    },
    "quarters": {
        "20011": {
            "year_quarter": 20011,
            "year": 2001,
            "quarter": 1,
            "eps": null,
            "eps_growth_year": null,
            "eps_4q": null,
            "eps_4q_growth_year": null,
            "roe": null,
            "roe_4q": 0,
            "gross_profit": null,
            "gross_margin": null,
            "gross_margin_4q_avg": 0,
            "net_income": null,
            "revenue": null,
            "common_shares": null,
            "book_valuer_per_share": null,
            "book_valuer_per_share_4q_avg": 0,
            "equity": null,
            "current_ratio": null,
            "debt_ratio": null,
            "inventory_turnover_ratio": null,
            "account_receivable_turnover_ratio": null,
            "reinvestment_rate": null,
            "research_to_sale_ratio": null,
            "price_fair": 0,
            "eps_avg_yearly": 0,
            "eps_latest_yearly": 0,
            "eps_growth_yearly": 0
        },
        "20012": {
            "year_quarter": 20012,
            "year": 2001,
            "quarter": 2,
            "eps": null,
            "eps_growth_year": null,
            "eps_4q": null,
            "eps_4q_growth_year": null,
            "roe": null,
            "roe_4q": 0,
            "gross_profit": null,
            "gross_margin": null,
            "gross_margin_4q_avg": 0,
            "net_income": null,
            "revenue": null,
            "common_shares": null,
            "book_valuer_per_share": null,
            "book_valuer_per_share_4q_avg": 0,
            "equity": null,
            "current_ratio": null,
            "debt_ratio": null,
            "inventory_turnover_ratio": null,
            "account_receivable_turnover_ratio": null,
            "reinvestment_rate": null,
            "research_to_sale_ratio": null,
            "price_fair": 0,
            "eps_avg_yearly": 0,
            "eps_latest_yearly": 0,
            "eps_growth_yearly": 0
        },
        "20013": {
            "year_quarter": 20013,
            "year": 2001,
            "quarter": 3,
            "eps": null,
            "eps_growth_year": null,
            "eps_4q": null,
            "eps_4q_growth_year": null,
            "roe": null,
            "roe_4q": 0,
            "gross_profit": null,
            "gross_margin": null,
            "gross_margin_4q_avg": 0,
            "net_income": null,
            "revenue": null,
            "common_shares": null,
            "book_valuer_per_share": null,
            "book_valuer_per_share_4q_avg": 0,
            "equity": null,
            "current_ratio": null,
            "debt_ratio": null,
            "inventory_turnover_ratio": null,
            "account_receivable_turnover_ratio": null,
            "reinvestment_rate": null,
            "research_to_sale_ratio": null,
            "price_fair": 0,
            "eps_avg_yearly": 0,
            "eps_latest_yearly": 0,
            "eps_growth_yearly": 0
        },
        "20014": {
            "year_quarter": 20014,
            "year": 2001,
            "quarter": 4,
            "eps": null,
            "eps_growth_year": null,
            "eps_4q": null,
            "eps_4q_growth_year": null,
            "roe": null,
            "roe_4q": 0,
            "gross_profit": null,
            "gross_margin": null,
            "gross_margin_4q_avg": 0,
            "net_income": null,
            "revenue": null,
            "common_shares": null,
            "book_valuer_per_share": null,
            "book_valuer_per_share_4q_avg": 0,
            "equity": null,
            "current_ratio": null,
            "debt_ratio": null,
            "inventory_turnover_ratio": null,
            "account_receivable_turnover_ratio": null,
            "reinvestment_rate": null,
            "research_to_sale_ratio": null,
            "price_fair": 0,
            "eps_avg_yearly": 0,
            "eps_latest_yearly": 0,
            "eps_growth_yearly": 0
        },
        "20021": {
            "year_quarter": 20021,
            "year": 2002,
            "quarter": 1,
            "eps": null,
            "eps_growth_year": null,
            "eps_4q": null,
            "eps_4q_growth_year": null,
            "roe": null,
            "roe_4q": 0,
            "gross_profit": null,
            "gross_margin": null,
            "gross_margin_4q_avg": 0,
            "net_income": null,
            "revenue": null,
            "common_shares": null,
            "book_valuer_per_share": null,
            "book_valuer_per_share_4q_avg": 0,
            "equity": null,
            "current_ratio": null,
            "debt_ratio": null,
            "inventory_turnover_ratio": null,
            "account_receivable_turnover_ratio": null,
            "reinvestment_rate": null,
            "research_to_sale_ratio": null,
            "price_fair": 0,
            "eps_avg_yearly": 0,
            "eps_latest_yearly": 0,
            "eps_growth_yearly": 0
        },
        "20022": {
            "year_quarter": 20022,
            "year": 2002,
            "quarter": 2,
            "eps": null,
            "eps_growth_year": null,
            "eps_4q": null,
            "eps_4q_growth_year": null,
            "roe": null,
            "roe_4q": 0,
            "gross_profit": null,
            "gross_margin": null,
            "gross_margin_4q_avg": 0,
            "net_income": null,
            "revenue": null,
            "common_shares": null,
            "book_valuer_per_share": null,
            "book_valuer_per_share_4q_avg": 0,
            "equity": null,
            "current_ratio": null,
            "debt_ratio": null,
            "inventory_turnover_ratio": null,
            "account_receivable_turnover_ratio": null,
            "reinvestment_rate": null,
            "research_to_sale_ratio": null,
            "price_fair": 0,
            "eps_avg_yearly": 0,
            "eps_latest_yearly": 0,
            "eps_growth_yearly": 0
        },
        "20023": {
            "year_quarter": 20023,
            "year": 2002,
            "quarter": 3,
            "eps": null,
            "eps_growth_year": null,
            "eps_4q": null,
            "eps_4q_growth_year": null,
            "roe": null,
            "roe_4q": 0,
            "gross_profit": null,
            "gross_margin": null,
            "gross_margin_4q_avg": 0,
            "net_income": null,
            "revenue": null,
            "common_shares": null,
            "book_valuer_per_share": null,
            "book_valuer_per_share_4q_avg": 0,
            "equity": null,
            "current_ratio": null,
            "debt_ratio": null,
            "inventory_turnover_ratio": null,
            "account_receivable_turnover_ratio": null,
            "reinvestment_rate": null,
            "research_to_sale_ratio": null,
            "price_fair": 0,
            "eps_avg_yearly": 0,
            "eps_latest_yearly": 0,
            "eps_growth_yearly": 0
        },
        "20024": {
            "year_quarter": 20024,
            "year": 2002,
            "quarter": 4,
            "eps": null,
            "eps_growth_year": null,
            "eps_4q": null,
            "eps_4q_growth_year": null,
            "roe": null,
            "roe_4q": 0,
            "gross_profit": null,
            "gross_margin": null,
            "gross_margin_4q_avg": 0,
            "net_income": null,
            "revenue": null,
            "common_shares": null,
            "book_valuer_per_share": null,
            "book_valuer_per_share_4q_avg": 0,
            "equity": null,
            "current_ratio": null,
            "debt_ratio": null,
            "inventory_turnover_ratio": null,
            "account_receivable_turnover_ratio": null,
            "reinvestment_rate": null,
            "research_to_sale_ratio": null,
            "price_fair": 0,
            "eps_avg_yearly": 0,
            "eps_latest_yearly": 0,
            "eps_growth_yearly": 0
        },
        "20031": {
            "year_quarter": 20031,
            "year": 2003,
            "quarter": 1,
            "eps": null,
            "eps_growth_year": null,
            "eps_4q": null,
            "eps_4q_growth_year": null,
            "roe": null,
            "roe_4q": 0,
            "gross_profit": null,
            "gross_margin": null,
            "gross_margin_4q_avg": 0,
            "net_income": null,
            "revenue": null,
            "common_shares": null,
            "book_valuer_per_share": null,
            "book_valuer_per_share_4q_avg": 0,
            "equity": null,
            "current_ratio": null,
            "debt_ratio": null,
            "inventory_turnover_ratio": null,
            "account_receivable_turnover_ratio": null,
            "reinvestment_rate": null,
            "research_to_sale_ratio": null,
            "price_fair": 0,
            "eps_avg_yearly": 0,
            "eps_latest_yearly": 0,
            "eps_growth_yearly": 0
        },
        "20032": {
            "year_quarter": 20032,
            "year": 2003,
            "quarter": 2,
            "eps": null,
            "eps_growth_year": null,
            "eps_4q": null,
            "eps_4q_growth_year": null,
            "roe": null,
            "roe_4q": 0,
            "gross_profit": null,
            "gross_margin": null,
            "gross_margin_4q_avg": 0,
            "net_income": null,
            "revenue": null,
            "common_shares": null,
            "book_valuer_per_share": null,
            "book_valuer_per_share_4q_avg": 0,
            "equity": null,
            "current_ratio": null,
            "debt_ratio": null,
            "inventory_turnover_ratio": null,
            "account_receivable_turnover_ratio": null,
            "reinvestment_rate": null,
            "research_to_sale_ratio": null,
            "price_fair": 0,
            "eps_avg_yearly": 0,
            "eps_latest_yearly": 0,
            "eps_growth_yearly": 0
        },
        "20033": {
            "year_quarter": 20033,
            "year": 2003,
            "quarter": 3,
            "eps": null,
            "eps_growth_year": null,
            "eps_4q": null,
            "eps_4q_growth_year": null,
            "roe": null,
            "roe_4q": 0,
            "gross_profit": null,
            "gross_margin": null,
            "gross_margin_4q_avg": 0,
            "net_income": null,
            "revenue": null,
            "common_shares": null,
            "book_valuer_per_share": null,
            "book_valuer_per_share_4q_avg": 0,
            "equity": null,
            "current_ratio": null,
            "debt_ratio": null,
            "inventory_turnover_ratio": null,
            "account_receivable_turnover_ratio": null,
            "reinvestment_rate": null,
            "research_to_sale_ratio": null,
            "price_fair": 0,
            "eps_avg_yearly": 0,
            "eps_latest_yearly": 0,
            "eps_growth_yearly": 0
        },
        "20034": {
            "year_quarter": 20034,
            "year": 2003,
            "quarter": 4,
            "eps": null,
            "eps_growth_year": null,
            "eps_4q": null,
            "eps_4q_growth_year": null,
            "roe": null,
            "roe_4q": 0,
            "gross_profit": null,
            "gross_margin": null,
            "gross_margin_4q_avg": 0,
            "net_income": null,
            "revenue": null,
            "common_shares": null,
            "book_valuer_per_share": null,
            "book_valuer_per_share_4q_avg": 0,
            "equity": null,
            "current_ratio": null,
            "debt_ratio": null,
            "inventory_turnover_ratio": null,
            "account_receivable_turnover_ratio": null,
            "reinvestment_rate": null,
            "research_to_sale_ratio": null,
            "price_fair": 0,
            "eps_avg_yearly": 0,
            "eps_latest_yearly": 0,
            "eps_growth_yearly": 0
        },
        "20041": {
            "year_quarter": 20041,
            "year": 2004,
            "quarter": 1,
            "eps": null,
            "eps_growth_year": null,
            "eps_4q": null,
            "eps_4q_growth_year": null,
            "roe": null,
            "roe_4q": 0,
            "gross_profit": null,
            "gross_margin": null,
            "gross_margin_4q_avg": 0,
            "net_income": null,
            "revenue": null,
            "common_shares": null,
            "book_valuer_per_share": null,
            "book_valuer_per_share_4q_avg": 0,
            "equity": null,
            "current_ratio": null,
            "debt_ratio": null,
            "inventory_turnover_ratio": null,
            "account_receivable_turnover_ratio": null,
            "reinvestment_rate": null,
            "research_to_sale_ratio": null,
            "price_fair": 0,
            "eps_avg_yearly": 0,
            "eps_latest_yearly": 0,
            "eps_growth_yearly": 0
        },
        "20042": {
            "year_quarter": 20042,
            "year": 2004,
            "quarter": 2,
            "eps": null,
            "eps_growth_year": null,
            "eps_4q": null,
            "eps_4q_growth_year": null,
            "roe": null,
            "roe_4q": 0,
            "gross_profit": null,
            "gross_margin": null,
            "gross_margin_4q_avg": 0,
            "net_income": null,
            "revenue": null,
            "common_shares": null,
            "book_valuer_per_share": null,
            "book_valuer_per_share_4q_avg": 0,
            "equity": null,
            "current_ratio": null,
            "debt_ratio": null,
            "inventory_turnover_ratio": null,
            "account_receivable_turnover_ratio": null,
            "reinvestment_rate": null,
            "research_to_sale_ratio": null,
            "price_fair": 0,
            "eps_avg_yearly": 0,
            "eps_latest_yearly": 0,
            "eps_growth_yearly": 0
        },
        "20043": {
            "year_quarter": 20043,
            "year": 2004,
            "quarter": 3,
            "eps": null,
            "eps_growth_year": null,
            "eps_4q": null,
            "eps_4q_growth_year": null,
            "roe": null,
            "roe_4q": 0,
            "gross_profit": null,
            "gross_margin": null,
            "gross_margin_4q_avg": 0,
            "net_income": null,
            "revenue": null,
            "common_shares": null,
            "book_valuer_per_share": null,
            "book_valuer_per_share_4q_avg": 0,
            "equity": null,
            "current_ratio": null,
            "debt_ratio": null,
            "inventory_turnover_ratio": null,
            "account_receivable_turnover_ratio": null,
            "reinvestment_rate": null,
            "research_to_sale_ratio": null,
            "price_fair": 0,
            "eps_avg_yearly": 0,
            "eps_latest_yearly": 0,
            "eps_growth_yearly": 0
        },
        "20044": {
            "year_quarter": 20044,
            "year": 2004,
            "quarter": 4,
            "eps": null,
            "eps_growth_year": null,
            "eps_4q": null,
            "eps_4q_growth_year": null,
            "roe": null,
            "roe_4q": 0,
            "gross_profit": null,
            "gross_margin": null,
            "gross_margin_4q_avg": 0,
            "net_income": null,
            "revenue": null,
            "common_shares": null,
            "book_valuer_per_share": null,
            "book_valuer_per_share_4q_avg": 0,
            "equity": null,
            "current_ratio": null,
            "debt_ratio": null,
            "inventory_turnover_ratio": null,
            "account_receivable_turnover_ratio": null,
            "reinvestment_rate": null,
            "research_to_sale_ratio": null,
            "price_fair": 0,
            "eps_avg_yearly": 0,
            "eps_latest_yearly": 0,
            "eps_growth_yearly": 0
        },
        "20051": {
            "year_quarter": 20051,
            "year": 2005,
            "quarter": 1,
            "eps": null,
            "eps_growth_year": null,
            "eps_4q": null,
            "eps_4q_growth_year": null,
            "roe": null,
            "roe_4q": 0,
            "gross_profit": null,
            "gross_margin": null,
            "gross_margin_4q_avg": 0,
            "net_income": null,
            "revenue": null,
            "common_shares": null,
            "book_valuer_per_share": null,
            "book_valuer_per_share_4q_avg": 0,
            "equity": null,
            "current_ratio": null,
            "debt_ratio": null,
            "inventory_turnover_ratio": null,
            "account_receivable_turnover_ratio": null,
            "reinvestment_rate": null,
            "research_to_sale_ratio": null,
            "price_fair": 0,
            "eps_avg_yearly": 0,
            "eps_latest_yearly": 0,
            "eps_growth_yearly": 0
        },
        "20052": {
            "year_quarter": 20052,
            "year": 2005,
            "quarter": 2,
            "eps": null,
            "eps_growth_year": null,
            "eps_4q": null,
            "eps_4q_growth_year": null,
            "roe": null,
            "roe_4q": 0,
            "gross_profit": null,
            "gross_margin": null,
            "gross_margin_4q_avg": 0,
            "net_income": null,
            "revenue": null,
            "common_shares": null,
            "book_valuer_per_share": null,
            "book_valuer_per_share_4q_avg": 0,
            "equity": null,
            "current_ratio": null,
            "debt_ratio": null,
            "inventory_turnover_ratio": null,
            "account_receivable_turnover_ratio": null,
            "reinvestment_rate": null,
            "research_to_sale_ratio": null,
            "price_fair": 0,
            "eps_avg_yearly": 0,
            "eps_latest_yearly": 0,
            "eps_growth_yearly": 0
        },
        "20053": {
            "year_quarter": 20053,
            "year": 2005,
            "quarter": 3,
            "eps": null,
            "eps_growth_year": null,
            "eps_4q": null,
            "eps_4q_growth_year": null,
            "roe": null,
            "roe_4q": 0,
            "gross_profit": null,
            "gross_margin": null,
            "gross_margin_4q_avg": 0,
            "net_income": null,
            "revenue": null,
            "common_shares": null,
            "book_valuer_per_share": null,
            "book_valuer_per_share_4q_avg": 0,
            "equity": null,
            "current_ratio": null,
            "debt_ratio": null,
            "inventory_turnover_ratio": null,
            "account_receivable_turnover_ratio": null,
            "reinvestment_rate": null,
            "research_to_sale_ratio": null,
            "price_fair": 0,
            "eps_avg_yearly": 0,
            "eps_latest_yearly": 0,
            "eps_growth_yearly": 0
        },
        "20054": {
            "year_quarter": 20054,
            "year": 2005,
            "quarter": 4,
            "eps": null,
            "eps_growth_year": null,
            "eps_4q": null,
            "eps_4q_growth_year": null,
            "roe": null,
            "roe_4q": 0,
            "gross_profit": null,
            "gross_margin": null,
            "gross_margin_4q_avg": 0,
            "net_income": null,
            "revenue": null,
            "common_shares": null,
            "book_valuer_per_share": null,
            "book_valuer_per_share_4q_avg": 0,
            "equity": null,
            "current_ratio": null,
            "debt_ratio": null,
            "inventory_turnover_ratio": null,
            "account_receivable_turnover_ratio": null,
            "reinvestment_rate": null,
            "research_to_sale_ratio": null,
            "price_fair": 0,
            "eps_avg_yearly": 0,
            "eps_latest_yearly": 0,
            "eps_growth_yearly": 0
        },
        "20061": {
            "year_quarter": 20061,
            "year": 2006,
            "quarter": 1,
            "eps": null,
            "eps_growth_year": null,
            "eps_4q": null,
            "eps_4q_growth_year": null,
            "roe": null,
            "roe_4q": 0,
            "gross_profit": null,
            "gross_margin": null,
            "gross_margin_4q_avg": 0,
            "net_income": null,
            "revenue": null,
            "common_shares": null,
            "book_valuer_per_share": null,
            "book_valuer_per_share_4q_avg": 0,
            "equity": null,
            "current_ratio": null,
            "debt_ratio": null,
            "inventory_turnover_ratio": null,
            "account_receivable_turnover_ratio": null,
            "reinvestment_rate": null,
            "research_to_sale_ratio": null,
            "price_fair": 0,
            "eps_avg_yearly": 0,
            "eps_latest_yearly": 0,
            "eps_growth_yearly": 0
        },
        "20062": {
            "year_quarter": 20062,
            "year": 2006,
            "quarter": 2,
            "eps": null,
            "eps_growth_year": null,
            "eps_4q": null,
            "eps_4q_growth_year": null,
            "roe": null,
            "roe_4q": 0,
            "gross_profit": null,
            "gross_margin": null,
            "gross_margin_4q_avg": 0,
            "net_income": null,
            "revenue": null,
            "common_shares": null,
            "book_valuer_per_share": null,
            "book_valuer_per_share_4q_avg": 0,
            "equity": null,
            "current_ratio": null,
            "debt_ratio": null,
            "inventory_turnover_ratio": null,
            "account_receivable_turnover_ratio": null,
            "reinvestment_rate": null,
            "research_to_sale_ratio": null,
            "price_fair": 0,
            "eps_avg_yearly": 0,
            "eps_latest_yearly": 0,
            "eps_growth_yearly": 0
        },
        "20063": {
            "year_quarter": 20063,
            "year": 2006,
            "quarter": 3,
            "eps": null,
            "eps_growth_year": null,
            "eps_4q": null,
            "eps_4q_growth_year": null,
            "roe": null,
            "roe_4q": 0,
            "gross_profit": null,
            "gross_margin": null,
            "gross_margin_4q_avg": 0,
            "net_income": null,
            "revenue": null,
            "common_shares": null,
            "book_valuer_per_share": null,
            "book_valuer_per_share_4q_avg": 0,
            "equity": null,
            "current_ratio": null,
            "debt_ratio": null,
            "inventory_turnover_ratio": null,
            "account_receivable_turnover_ratio": null,
            "reinvestment_rate": null,
            "research_to_sale_ratio": null,
            "price_fair": 0,
            "eps_avg_yearly": 0,
            "eps_latest_yearly": 0,
            "eps_growth_yearly": 0
        },
        "20064": {
            "year_quarter": 20064,
            "year": 2006,
            "quarter": 4,
            "eps": null,
            "eps_growth_year": null,
            "eps_4q": null,
            "eps_4q_growth_year": null,
            "roe": null,
            "roe_4q": 0,
            "gross_profit": null,
            "gross_margin": null,
            "gross_margin_4q_avg": 0,
            "net_income": null,
            "revenue": null,
            "common_shares": null,
            "book_valuer_per_share": null,
            "book_valuer_per_share_4q_avg": 0,
            "equity": null,
            "current_ratio": null,
            "debt_ratio": null,
            "inventory_turnover_ratio": null,
            "account_receivable_turnover_ratio": null,
            "reinvestment_rate": null,
            "research_to_sale_ratio": null,
            "price_fair": 0,
            "eps_avg_yearly": 0,
            "eps_latest_yearly": 0,
            "eps_growth_yearly": 0
        },
        "20071": {
            "year_quarter": 20071,
            "year": 2007,
            "quarter": 1,
            "eps": null,
            "eps_growth_year": null,
            "eps_4q": null,
            "eps_4q_growth_year": null,
            "roe": null,
            "roe_4q": 0,
            "gross_profit": null,
            "gross_margin": null,
            "gross_margin_4q_avg": 0,
            "net_income": null,
            "revenue": null,
            "common_shares": null,
            "book_valuer_per_share": null,
            "book_valuer_per_share_4q_avg": 0,
            "equity": null,
            "current_ratio": null,
            "debt_ratio": null,
            "inventory_turnover_ratio": null,
            "account_receivable_turnover_ratio": null,
            "reinvestment_rate": null,
            "research_to_sale_ratio": null,
            "price_fair": 0,
            "eps_avg_yearly": 0,
            "eps_latest_yearly": 0,
            "eps_growth_yearly": 0
        },
        "20072": {
            "year_quarter": 20072,
            "year": 2007,
            "quarter": 2,
            "eps": null,
            "eps_growth_year": null,
            "eps_4q": null,
            "eps_4q_growth_year": null,
            "roe": null,
            "roe_4q": 0,
            "gross_profit": null,
            "gross_margin": null,
            "gross_margin_4q_avg": 0,
            "net_income": null,
            "revenue": null,
            "common_shares": null,
            "book_valuer_per_share": null,
            "book_valuer_per_share_4q_avg": 0,
            "equity": null,
            "current_ratio": null,
            "debt_ratio": null,
            "inventory_turnover_ratio": null,
            "account_receivable_turnover_ratio": null,
            "reinvestment_rate": null,
            "research_to_sale_ratio": null,
            "price_fair": 0,
            "eps_avg_yearly": 0,
            "eps_latest_yearly": 0,
            "eps_growth_yearly": 0
        },
        "20073": {
            "year_quarter": 20073,
            "year": 2007,
            "quarter": 3,
            "eps": null,
            "eps_growth_year": null,
            "eps_4q": null,
            "eps_4q_growth_year": null,
            "roe": null,
            "roe_4q": 0,
            "gross_profit": null,
            "gross_margin": null,
            "gross_margin_4q_avg": 0,
            "net_income": null,
            "revenue": null,
            "common_shares": null,
            "book_valuer_per_share": null,
            "book_valuer_per_share_4q_avg": 0,
            "equity": null,
            "current_ratio": null,
            "debt_ratio": null,
            "inventory_turnover_ratio": null,
            "account_receivable_turnover_ratio": null,
            "reinvestment_rate": null,
            "research_to_sale_ratio": null,
            "price_fair": 0,
            "eps_avg_yearly": 0,
            "eps_latest_yearly": 0,
            "eps_growth_yearly": 0
        },
        "20074": {
            "year_quarter": 20074,
            "year": 2007,
            "quarter": 4,
            "eps": null,
            "eps_growth_year": null,
            "eps_4q": null,
            "eps_4q_growth_year": null,
            "roe": null,
            "roe_4q": 0,
            "gross_profit": null,
            "gross_margin": null,
            "gross_margin_4q_avg": 0,
            "net_income": null,
            "revenue": null,
            "common_shares": 50000,
            "book_valuer_per_share": -26.12,
            "book_valuer_per_share_4q_avg": -6.53,
            "equity": -130621,
            "current_ratio": 6.31,
            "debt_ratio": 936.4,
            "inventory_turnover_ratio": null,
            "account_receivable_turnover_ratio": null,
            "reinvestment_rate": null,
            "research_to_sale_ratio": null,
            "price_fair": 0,
            "eps_avg_yearly": 0,
            "eps_latest_yearly": 0,
            "eps_growth_yearly": 0
        },
        "20081": {
            "year_quarter": 20081,
            "year": 2008,
            "quarter": 1,
            "eps": null,
            "eps_growth_year": null,
            "eps_4q": null,
            "eps_4q_growth_year": null,
            "roe": null,
            "roe_4q": 0,
            "gross_profit": null,
            "gross_margin": null,
            "gross_margin_4q_avg": 0,
            "net_income": null,
            "revenue": null,
            "common_shares": null,
            "book_valuer_per_share": null,
            "book_valuer_per_share_4q_avg": -6.53,
            "equity": null,
            "current_ratio": null,
            "debt_ratio": null,
            "inventory_turnover_ratio": null,
            "account_receivable_turnover_ratio": null,
            "reinvestment_rate": null,
            "research_to_sale_ratio": null,
            "price_fair": 0,
            "eps_avg_yearly": 0,
            "eps_latest_yearly": 0,
            "eps_growth_yearly": 0
        },
        "20082": {
            "year_quarter": 20082,
            "year": 2008,
            "quarter": 2,
            "eps": null,
            "eps_growth_year": null,
            "eps_4q": null,
            "eps_4q_growth_year": null,
            "roe": null,
            "roe_4q": 0,
            "gross_profit": null,
            "gross_margin": null,
            "gross_margin_4q_avg": 0,
            "net_income": null,
            "revenue": null,
            "common_shares": null,
            "book_valuer_per_share": null,
            "book_valuer_per_share_4q_avg": -6.53,
            "equity": null,
            "current_ratio": null,
            "debt_ratio": null,
            "inventory_turnover_ratio": null,
            "account_receivable_turnover_ratio": null,
            "reinvestment_rate": null,
            "research_to_sale_ratio": null,
            "price_fair": 0,
            "eps_avg_yearly": 0,
            "eps_latest_yearly": 0,
            "eps_growth_yearly": 0
        },
        "20083": {
            "year_quarter": 20083,
            "year": 2008,
            "quarter": 3,
            "eps": null,
            "eps_growth_year": null,
            "eps_4q": null,
            "eps_4q_growth_year": null,
            "roe": null,
            "roe_4q": 0,
            "gross_profit": null,
            "gross_margin": null,
            "gross_margin_4q_avg": 0,
            "net_income": null,
            "revenue": null,
            "common_shares": null,
            "book_valuer_per_share": null,
            "book_valuer_per_share_4q_avg": -6.53,
            "equity": null,
            "current_ratio": null,
            "debt_ratio": null,
            "inventory_turnover_ratio": null,
            "account_receivable_turnover_ratio": null,
            "reinvestment_rate": null,
            "research_to_sale_ratio": null,
            "price_fair": 0,
            "eps_avg_yearly": 0,
            "eps_latest_yearly": 0,
            "eps_growth_yearly": 0
        },
        "20084": {
            "year_quarter": 20084,
            "year": 2008,
            "quarter": 4,
            "eps": null,
            "eps_growth_year": null,
            "eps_4q": null,
            "eps_4q_growth_year": null,
            "roe": null,
            "roe_4q": 0,
            "gross_profit": null,
            "gross_margin": null,
            "gross_margin_4q_avg": 0,
            "net_income": null,
            "revenue": null,
            "common_shares": 50000,
            "book_valuer_per_share": -29.74,
            "book_valuer_per_share_4q_avg": -7.44,
            "equity": -148687,
            "current_ratio": 15.91,
            "debt_ratio": 332.23,
            "inventory_turnover_ratio": null,
            "account_receivable_turnover_ratio": null,
            "reinvestment_rate": null,
            "research_to_sale_ratio": null,
            "price_fair": 0,
            "eps_avg_yearly": 0,
            "eps_latest_yearly": 0,
            "eps_growth_yearly": 0
        },
        "20091": {
            "year_quarter": 20091,
            "year": 2009,
            "quarter": 1,
            "eps": null,
            "eps_growth_year": null,
            "eps_4q": null,
            "eps_4q_growth_year": null,
            "roe": null,
            "roe_4q": 0,
            "gross_profit": null,
            "gross_margin": null,
            "gross_margin_4q_avg": 0,
            "net_income": null,
            "revenue": null,
            "common_shares": null,
            "book_valuer_per_share": null,
            "book_valuer_per_share_4q_avg": -7.44,
            "equity": null,
            "current_ratio": null,
            "debt_ratio": null,
            "inventory_turnover_ratio": null,
            "account_receivable_turnover_ratio": null,
            "reinvestment_rate": null,
            "research_to_sale_ratio": null,
            "price_fair": 0,
            "eps_avg_yearly": 0,
            "eps_latest_yearly": 0,
            "eps_growth_yearly": 0
        },
        "20092": {
            "year_quarter": 20092,
            "year": 2009,
            "quarter": 2,
            "eps": null,
            "eps_growth_year": null,
            "eps_4q": null,
            "eps_4q_growth_year": null,
            "roe": null,
            "roe_4q": 0,
            "gross_profit": null,
            "gross_margin": null,
            "gross_margin_4q_avg": 0,
            "net_income": null,
            "revenue": null,
            "common_shares": 0,
            "book_valuer_per_share": null,
            "book_valuer_per_share_4q_avg": -7.44,
            "equity": 0,
            "current_ratio": null,
            "debt_ratio": null,
            "inventory_turnover_ratio": null,
            "account_receivable_turnover_ratio": null,
            "reinvestment_rate": null,
            "research_to_sale_ratio": null,
            "price_fair": 0,
            "eps_avg_yearly": 0,
            "eps_latest_yearly": 0,
            "eps_growth_yearly": 0
        },
        "20093": {
            "year_quarter": 20093,
            "year": 2009,
            "quarter": 3,
            "eps": null,
            "eps_growth_year": null,
            "eps_4q": null,
            "eps_4q_growth_year": null,
            "roe": null,
            "roe_4q": 0,
            "gross_profit": null,
            "gross_margin": null,
            "gross_margin_4q_avg": 0,
            "net_income": null,
            "revenue": null,
            "common_shares": null,
            "book_valuer_per_share": null,
            "book_valuer_per_share_4q_avg": -7.44,
            "equity": null,
            "current_ratio": null,
            "debt_ratio": null,
            "inventory_turnover_ratio": null,
            "account_receivable_turnover_ratio": null,
            "reinvestment_rate": null,
            "research_to_sale_ratio": null,
            "price_fair": 0,
            "eps_avg_yearly": 0,
            "eps_latest_yearly": 0,
            "eps_growth_yearly": 0
        },
        "20094": {
            "year_quarter": 20094,
            "year": 2009,
            "quarter": 4,
            "eps": null,
            "eps_growth_year": null,
            "eps_4q": null,
            "eps_4q_growth_year": null,
            "roe": null,
            "roe_4q": 0,
            "gross_profit": null,
            "gross_margin": null,
            "gross_margin_4q_avg": 0,
            "net_income": null,
            "revenue": null,
            "common_shares": 150000,
            "book_valuer_per_share": 8.11,
            "book_valuer_per_share_4q_avg": 2.03,
            "equity": 121708,
            "current_ratio": 194.66,
            "debt_ratio": 39.59,
            "inventory_turnover_ratio": null,
            "account_receivable_turnover_ratio": null,
            "reinvestment_rate": null,
            "research_to_sale_ratio": null,
            "price_fair": 0,
            "eps_avg_yearly": 0,
            "eps_latest_yearly": 0,
            "eps_growth_yearly": 0
        },
        "20101": {
            "year_quarter": 20101,
            "year": 2010,
            "quarter": 1,
            "eps": null,
            "eps_growth_year": null,
            "eps_4q": null,
            "eps_4q_growth_year": null,
            "roe": null,
            "roe_4q": 0,
            "gross_profit": 84496,
            "gross_margin": null,
            "gross_margin_4q_avg": 0,
            "net_income": 31032,
            "revenue": 98534,
            "common_shares": 150000,
            "book_valuer_per_share": 10.18,
            "book_valuer_per_share_4q_avg": 4.57,
            "equity": 152740,
            "current_ratio": 221.76,
            "debt_ratio": 35.99,
            "inventory_turnover_ratio": null,
            "account_receivable_turnover_ratio": null,
            "reinvestment_rate": null,
            "research_to_sale_ratio": null,
            "price_fair": 0,
            "eps_avg_yearly": 0,
            "eps_latest_yearly": 0,
            "eps_growth_yearly": 0
        },
        "20102": {
            "year_quarter": 20102,
            "year": 2010,
            "quarter": 2,
            "eps": 2.09,
            "eps_growth_year": null,
            "eps_4q": null,
            "eps_4q_growth_year": null,
            "roe": 18.62,
            "roe_4q": 18.62,
            "gross_profit": 106051,
            "gross_margin": 89.84,
            "gross_margin_4q_avg": 22.46,
            "net_income": 31352,
            "revenue": 118044,
            "common_shares": 150000,
            "book_valuer_per_share": 12.27,
            "book_valuer_per_share_4q_avg": 7.64,
            "equity": 184092,
            "current_ratio": 231.57,
            "debt_ratio": 35.38,
            "inventory_turnover_ratio": 303.62,
            "account_receivable_turnover_ratio": 3.45,
            "reinvestment_rate": null,
            "research_to_sale_ratio": null,
            "price_fair": 0,
            "eps_avg_yearly": 0,
            "eps_latest_yearly": 0,
            "eps_growth_yearly": 0
        },
        "20103": {
            "year_quarter": 20103,
            "year": 2010,
            "quarter": 3,
            "eps": null,
            "eps_growth_year": null,
            "eps_4q": null,
            "eps_4q_growth_year": null,
            "roe": null,
            "roe_4q": 18.62,
            "gross_profit": 73595,
            "gross_margin": null,
            "gross_margin_4q_avg": 22.46,
            "net_income": 24755,
            "revenue": 86792,
            "common_shares": 153800,
            "book_valuer_per_share": 14.32,
            "book_valuer_per_share_4q_avg": 11.22,
            "equity": 220247,
            "current_ratio": 355.53,
            "debt_ratio": 33.35,
            "inventory_turnover_ratio": null,
            "account_receivable_turnover_ratio": null,
            "reinvestment_rate": null,
            "research_to_sale_ratio": null,
            "price_fair": 0,
            "eps_avg_yearly": 0,
            "eps_latest_yearly": 0,
            "eps_growth_yearly": 0
        },
        "20104": {
            "year_quarter": 20104,
            "year": 2010,
            "quarter": 4,
            "eps": null,
            "eps_growth_year": null,
            "eps_4q": null,
            "eps_4q_growth_year": null,
            "roe": null,
            "roe_4q": 18.62,
            "gross_profit": 359172,
            "gross_margin": null,
            "gross_margin_4q_avg": 22.46,
            "net_income": 95114,
            "revenue": 416109,
            "common_shares": 153800,
            "book_valuer_per_share": 14.84,
            "book_valuer_per_share_4q_avg": 12.9,
            "equity": 228222,
            "current_ratio": 209.83,
            "debt_ratio": 41.98,
            "inventory_turnover_ratio": null,
            "account_receivable_turnover_ratio": null,
            "reinvestment_rate": null,
            "research_to_sale_ratio": null,
            "price_fair": 0,
            "eps_avg_yearly": 0,
            "eps_latest_yearly": 0,
            "eps_growth_yearly": 0
        },
        "20111": {
            "year_quarter": 20111,
            "year": 2011,
            "quarter": 1,
            "eps": 5.54,
            "eps_growth_year": null,
            "eps_4q": 7.58,
            "eps_4q_growth_year": null,
            "roe": 31.46,
            "roe_4q": 50.08,
            "gross_profit": 181753,
            "gross_margin": 88.51,
            "gross_margin_4q_avg": 44.59,
            "net_income": 85212,
            "revenue": 205351,
            "common_shares": 153800,
            "book_valuer_per_share": 20.38,
            "book_valuer_per_share_4q_avg": 15.45,
            "equity": 313434,
            "current_ratio": 254.2,
            "debt_ratio": 35.54,
            "inventory_turnover_ratio": 568.63,
            "account_receivable_turnover_ratio": 1.61,
            "reinvestment_rate": null,
            "research_to_sale_ratio": 18.33,
            "price_fair": 0,
            "eps_avg_yearly": 0,
            "eps_latest_yearly": 0,
            "eps_growth_yearly": 0
        },
        "20112": {
            "year_quarter": 20112,
            "year": 2011,
            "quarter": 2,
            "eps": 2.4,
            "eps_growth_year": 14.97,
            "eps_4q": 6.51,
            "eps_4q_growth_year": null,
            "roe": 14.88,
            "roe_4q": 46.34,
            "gross_profit": 147252,
            "gross_margin": 88.02,
            "gross_margin_4q_avg": 44.13,
            "net_income": 49895,
            "revenue": 167286,
            "common_shares": 153800,
            "book_valuer_per_share": 23.22,
            "book_valuer_per_share_4q_avg": 18.19,
            "equity": 357177,
            "current_ratio": 186.25,
            "debt_ratio": 45.25,
            "inventory_turnover_ratio": 348.42,
            "account_receivable_turnover_ratio": 1.19,
            "reinvestment_rate": null,
            "research_to_sale_ratio": 26.67,
            "price_fair": 28.8,
            "eps_avg_yearly": 9.6,
            "eps_latest_yearly": 9.6,
            "eps_growth_yearly": -226.71
        },
        "20113": {
            "year_quarter": 20113,
            "year": 2011,
            "quarter": 3,
            "eps": 4.23,
            "eps_growth_year": null,
            "eps_4q": 10.74,
            "eps_4q_growth_year": null,
            "roe": 21.91,
            "roe_4q": 68.25,
            "gross_profit": 249983,
            "gross_margin": 90.48,
            "gross_margin_4q_avg": 66.75,
            "net_income": 87879,
            "revenue": 276292,
            "common_shares": 207630,
            "book_valuer_per_share": 21.44,
            "book_valuer_per_share_4q_avg": 19.97,
            "equity": 445056,
            "current_ratio": 283.33,
            "debt_ratio": 44.82,
            "inventory_turnover_ratio": 604.8,
            "account_receivable_turnover_ratio": 1.71,
            "reinvestment_rate": null,
            "research_to_sale_ratio": 19.3,
            "price_fair": 464.1,
            "eps_avg_yearly": 13.26,
            "eps_latest_yearly": 16.92,
            "eps_growth_yearly": 39.14
        },
        "20114": {
            "year_quarter": 20114,
            "year": 2011,
            "quarter": 4,
            "eps": 3.35,
            "eps_growth_year": null,
            "eps_4q": 12.82,
            "eps_4q_growth_year": null,
            "roe": 11.29,
            "roe_4q": 79.54,
            "gross_profit": 207765,
            "gross_margin": 90.25,
            "gross_margin_4q_avg": 89.32,
            "net_income": 78739,
            "revenue": 230222,
            "common_shares": 235320,
            "book_valuer_per_share": 40.37,
            "book_valuer_per_share_4q_avg": 26.35,
            "equity": 949990,
            "current_ratio": 556.38,
            "debt_ratio": 26.25,
            "inventory_turnover_ratio": 787.96,
            "account_receivable_turnover_ratio": 1.27,
            "reinvestment_rate": null,
            "research_to_sale_ratio": 27.32,
            "price_fair": 39.92,
            "eps_avg_yearly": 13.31,
            "eps_latest_yearly": 13.4,
            "eps_growth_yearly": -1.64
        },
        "20121": {
            "year_quarter": 20121,
            "year": 2012,
            "quarter": 1,
            "eps": 4.82,
            "eps_growth_year": -13,
            "eps_4q": 14.02,
            "eps_4q_growth_year": 84.97,
            "roe": 11.26,
            "roe_4q": 59.339999999999996,
            "gross_profit": 243239,
            "gross_margin": 93.42,
            "gross_margin_4q_avg": 90.54,
            "net_income": 113385,
            "revenue": 260361,
            "common_shares": 235320,
            "book_valuer_per_share": 0,
            "book_valuer_per_share_4q_avg": 21.26,
            "equity": 1063375,
            "current_ratio": 793.22,
            "debt_ratio": 23.67,
            "inventory_turnover_ratio": 439.03,
            "account_receivable_turnover_ratio": 1.54,
            "reinvestment_rate": null,
            "research_to_sale_ratio": 25.83,
            "price_fair": 518,
            "eps_avg_yearly": 14.8,
            "eps_latest_yearly": 19.28,
            "eps_growth_yearly": 42.65
        },
        "20122": {
            "year_quarter": 20122,
            "year": 2012,
            "quarter": 2,
            "eps": 0.72,
            "eps_growth_year": -70.01,
            "eps_4q": 6.67,
            "eps_4q_growth_year": 2.5,
            "roe": 3.19,
            "roe_4q": 47.65,
            "gross_profit": 166584,
            "gross_margin": 92.61,
            "gross_margin_4q_avg": 91.69,
            "net_income": 33919,
            "revenue": 179868,
            "common_shares": 235320,
            "book_valuer_per_share": 45.2,
            "book_valuer_per_share_4q_avg": 26.75,
            "equity": 1063709,
            "current_ratio": 512.51,
            "debt_ratio": 25.43,
            "inventory_turnover_ratio": 202.81,
            "account_receivable_turnover_ratio": 1.28,
            "reinvestment_rate": null,
            "research_to_sale_ratio": 35.82,
            "price_fair": 37.25,
            "eps_avg_yearly": 12.42,
            "eps_latest_yearly": 2.88,
            "eps_growth_yearly": -33.93
        },
        "20123": {
            "year_quarter": 20123,
            "year": 2012,
            "quarter": 3,
            "eps": 2.22,
            "eps_growth_year": -47.48,
            "eps_4q": 7.03,
            "eps_4q_growth_year": -34.58,
            "roe": 9.37,
            "roe_4q": 35.11,
            "gross_profit": 278359,
            "gross_margin": 90.68,
            "gross_margin_4q_avg": 91.74,
            "net_income": 104614,
            "revenue": 306969,
            "common_shares": 470640,
            "book_valuer_per_share": 24.83,
            "book_valuer_per_share_4q_avg": 27.6,
            "equity": 1168813,
            "current_ratio": 631.42,
            "debt_ratio": 21.04,
            "inventory_turnover_ratio": 743.12,
            "account_receivable_turnover_ratio": 1.94,
            "reinvestment_rate": null,
            "research_to_sale_ratio": 28.57,
            "price_fair": 413.93,
            "eps_avg_yearly": 11.83,
            "eps_latest_yearly": 8.88,
            "eps_growth_yearly": 110.61
        },
        "20124": {
            "year_quarter": 20124,
            "year": 2012,
            "quarter": 4,
            "eps": 1.54,
            "eps_growth_year": -53.91,
            "eps_4q": 6.89,
            "eps_4q_growth_year": -46.23,
            "roe": 6.04,
            "roe_4q": 29.86,
            "gross_profit": 236809,
            "gross_margin": 89.25,
            "gross_margin_4q_avg": 91.49,
            "net_income": 72584,
            "revenue": 265320,
            "common_shares": 470640,
            "book_valuer_per_share": 26.19,
            "book_valuer_per_share_4q_avg": 24.06,
            "equity": 1232753,
            "current_ratio": 635.18,
            "debt_ratio": 20.33,
            "inventory_turnover_ratio": 5702.2,
            "account_receivable_turnover_ratio": 1.36,
            "reinvestment_rate": null,
            "research_to_sale_ratio": 39.56,
            "price_fair": 385.6,
            "eps_avg_yearly": 11.02,
            "eps_latest_yearly": 6.16,
            "eps_growth_yearly": 77.31
        },
        "20131": {
            "year_quarter": 20131,
            "year": 2013,
            "quarter": 1,
            "eps": 0.87,
            "eps_growth_year": -81.95,
            "eps_4q": 5.35,
            "eps_4q_growth_year": -61.82,
            "roe": 3.27,
            "roe_4q": 21.87,
            "gross_profit": 208664,
            "gross_margin": 83.22,
            "gross_margin_4q_avg": 88.94,
            "net_income": 40788,
            "revenue": 250745,
            "common_shares": 470640,
            "book_valuer_per_share": 26.78,
            "book_valuer_per_share_4q_avg": 30.75,
            "equity": 1260562,
            "current_ratio": 697.42,
            "debt_ratio": 18.37,
            "inventory_turnover_ratio": 5260.12,
            "account_receivable_turnover_ratio": 1.58,
            "reinvestment_rate": null,
            "research_to_sale_ratio": 38.6,
            "price_fair": 352.63,
            "eps_avg_yearly": 10.08,
            "eps_latest_yearly": 3.48,
            "eps_growth_yearly": 45.89
        },
        "20132": {
            "year_quarter": 20132,
            "year": 2013,
            "quarter": 2,
            "eps": 0.59,
            "eps_growth_year": -18.14,
            "eps_4q": 3.48,
            "eps_4q_growth_year": -47.83,
            "roe": 2.21,
            "roe_4q": 20.89,
            "gross_profit": 195722,
            "gross_margin": 96.82,
            "gross_margin_4q_avg": 89.99,
            "net_income": 27657,
            "revenue": 202142,
            "common_shares": 470640,
            "book_valuer_per_share": 26.31,
            "book_valuer_per_share_4q_avg": 26.03,
            "equity": 1238446,
            "current_ratio": 573.72,
            "debt_ratio": 20.85,
            "inventory_turnover_ratio": 1167.27,
            "account_receivable_turnover_ratio": 1.71,
            "reinvestment_rate": null,
            "research_to_sale_ratio": 49.05,
            "price_fair": 322.62,
            "eps_avg_yearly": 9.22,
            "eps_latest_yearly": 2.36,
            "eps_growth_yearly": 26.49
        },
        "20133": {
            "year_quarter": 20133,
            "year": 2013,
            "quarter": 3,
            "eps": 0.78,
            "eps_growth_year": -64.91,
            "eps_4q": 2.78,
            "eps_4q_growth_year": -60.43,
            "roe": 4.36,
            "roe_4q": 15.879999999999999,
            "gross_profit": 282378,
            "gross_margin": 86.03,
            "gross_margin_4q_avg": 88.83,
            "net_income": 55233,
            "revenue": 328243,
            "common_shares": 705960,
            "book_valuer_per_share": 18.32,
            "book_valuer_per_share_4q_avg": 24.4,
            "equity": 1293521,
            "current_ratio": 586.81,
            "debt_ratio": 20.02,
            "inventory_turnover_ratio": 22932.5,
            "account_receivable_turnover_ratio": 2.24,
            "reinvestment_rate": null,
            "research_to_sale_ratio": 31.84,
            "price_fair": 301.28,
            "eps_avg_yearly": 8.61,
            "eps_latest_yearly": 3.12,
            "eps_growth_yearly": 36.72
        },
        "20134": {
            "year_quarter": 20134,
            "year": 2013,
            "quarter": 4,
            "eps": 2.5,
            "eps_growth_year": 62.25,
            "eps_4q": 4.25,
            "eps_4q_growth_year": -38.3,
            "roe": 12.8,
            "roe_4q": 22.64,
            "gross_profit": 389377,
            "gross_margin": 92.31,
            "gross_margin_4q_avg": 89.6,
            "net_income": 176656,
            "revenue": 421831,
            "common_shares": 705960,
            "book_valuer_per_share": 20.77,
            "book_valuer_per_share_4q_avg": 23.05,
            "equity": 1466055,
            "current_ratio": 649.37,
            "debt_ratio": 17.97,
            "inventory_turnover_ratio": null,
            "account_receivable_turnover_ratio": 2.14,
            "reinvestment_rate": -1.9,
            "research_to_sale_ratio": 25.12,
            "price_fair": 305.71,
            "eps_avg_yearly": 8.73,
            "eps_latest_yearly": 10,
            "eps_growth_yearly": 113.57
        },
        "20141": {
            "year_quarter": 20141,
            "year": 2014,
            "quarter": 1,
            "eps": 1.75,
            "eps_growth_year": 101.15,
            "eps_4q": 5.43,
            "eps_4q_growth_year": 1.47,
            "roe": 8.1,
            "roe_4q": 27.47,
            "gross_profit": 340561,
            "gross_margin": 91.11,
            "gross_margin_4q_avg": 91.57,
            "net_income": 123855,
            "revenue": 373783,
            "common_shares": 705960,
            "book_valuer_per_share": 22.55,
            "book_valuer_per_share_4q_avg": 21.99,
            "equity": 1592284,
            "current_ratio": 859.14,
            "debt_ratio": 14.87,
            "inventory_turnover_ratio": null,
            "account_receivable_turnover_ratio": 2.06,
            "reinvestment_rate": 1.33,
            "research_to_sale_ratio": 32.15,
            "price_fair": 300.65,
            "eps_avg_yearly": 8.59,
            "eps_latest_yearly": 7,
            "eps_growth_yearly": 94.1
        },
        "20142": {
            "year_quarter": 20142,
            "year": 2014,
            "quarter": 2,
            "eps": 0.75,
            "eps_growth_year": 27.12,
            "eps_4q": 4.62,
            "eps_4q_growth_year": 32.83,
            "roe": 3.33,
            "roe_4q": 28.59,
            "gross_profit": 270889,
            "gross_margin": 91.28,
            "gross_margin_4q_avg": 90.18,
            "net_income": 52707,
            "revenue": 296772,
            "common_shares": 706960,
            "book_valuer_per_share": 22.31,
            "book_valuer_per_share_4q_avg": 20.99,
            "equity": 1577171,
            "current_ratio": 574.45,
            "debt_ratio": 19.66,
            "inventory_turnover_ratio": null,
            "account_receivable_turnover_ratio": 1.92,
            "reinvestment_rate": 0.94,
            "research_to_sale_ratio": 41.24,
            "price_fair": 285.6,
            "eps_avg_yearly": 8.16,
            "eps_latest_yearly": 3,
            "eps_growth_yearly": 69.28
        },
        "20143": {
            "year_quarter": 20143,
            "year": 2014,
            "quarter": 3,
            "eps": 1.2,
            "eps_growth_year": 53.85,
            "eps_4q": 5.2,
            "eps_4q_growth_year": 87.03,
            "roe": 6.53,
            "roe_4q": 30.76,
            "gross_profit": 397121,
            "gross_margin": 92.28,
            "gross_margin_4q_avg": 91.75,
            "net_income": 106257,
            "revenue": 430334,
            "common_shares": 883700,
            "book_valuer_per_share": 19,
            "book_valuer_per_share_4q_avg": 21.16,
            "equity": 1679133,
            "current_ratio": 645.68,
            "debt_ratio": 18.04,
            "inventory_turnover_ratio": null,
            "account_receivable_turnover_ratio": 2.4,
            "reinvestment_rate": 1.73,
            "research_to_sale_ratio": 30.61,
            "price_fair": 277.2,
            "eps_avg_yearly": 7.92,
            "eps_latest_yearly": 4.8,
            "eps_growth_yearly": 81.48
        },
        "20144": {
            "year_quarter": 20144,
            "year": 2014,
            "quarter": 4,
            "eps": 0.78,
            "eps_growth_year": -69.01,
            "eps_4q": 3.97,
            "eps_4q_growth_year": -6.64,
            "roe": 4,
            "roe_4q": 21.96,
            "gross_profit": 340125,
            "gross_margin": 91.15,
            "gross_margin_4q_avg": 91.46,
            "net_income": 68625,
            "revenue": 373148,
            "common_shares": 884880,
            "book_valuer_per_share": 19.8,
            "book_valuer_per_share_4q_avg": 20.92,
            "equity": 1751648,
            "current_ratio": 638.3,
            "debt_ratio": 17.59,
            "inventory_turnover_ratio": null,
            "account_receivable_turnover_ratio": 1.83,
            "reinvestment_rate": 1.46,
            "research_to_sale_ratio": 34.2,
            "price_fair": 266,
            "eps_avg_yearly": 7.6,
            "eps_latest_yearly": 3.12,
            "eps_growth_yearly": 66.71
        },
        "20151": {
            "year_quarter": 20151,
            "year": 2015,
            "quarter": 1,
            "eps": 0.26,
            "eps_growth_year": -85.14,
            "eps_4q": 2.83,
            "eps_4q_growth_year": -47.81,
            "roe": 1.32,
            "roe_4q": 15.180000000000001,
            "gross_profit": 265225,
            "gross_margin": 91.15,
            "gross_margin_4q_avg": 91.47,
            "net_income": 23225,
            "revenue": 290972,
            "common_shares": 884875,
            "book_valuer_per_share": 20.11,
            "book_valuer_per_share_4q_avg": 20.31,
            "equity": 1779293,
            "current_ratio": 872.58,
            "debt_ratio": 13.4,
            "inventory_turnover_ratio": null,
            "account_receivable_turnover_ratio": 1.79,
            "reinvestment_rate": 1.48,
            "research_to_sale_ratio": 47.34,
            "price_fair": 251.65,
            "eps_avg_yearly": 7.19,
            "eps_latest_yearly": 1.04,
            "eps_growth_yearly": 45.88
        },
        "20152": {
            "year_quarter": 20152,
            "year": 2015,
            "quarter": 2,
            "eps": -0.51,
            "eps_growth_year": -168,
            "eps_4q": 1.38,
            "eps_4q_growth_year": -70.13,
            "roe": -2.65,
            "roe_4q": 9.2,
            "gross_profit": 267429,
            "gross_margin": 89.61,
            "gross_margin_4q_avg": 91.05,
            "net_income": -45363,
            "revenue": 298422,
            "common_shares": 884870,
            "book_valuer_per_share": 18.59,
            "book_valuer_per_share_4q_avg": 19.38,
            "equity": 1645148,
            "current_ratio": 515.39,
            "debt_ratio": 20.61,
            "inventory_turnover_ratio": null,
            "account_receivable_turnover_ratio": 2.24,
            "reinvestment_rate": 1.32,
            "research_to_sale_ratio": 50.22,
            "price_fair": 246.03,
            "eps_avg_yearly": 7.03,
            "eps_latest_yearly": 1.04,
            "eps_growth_yearly": 64.05
        },
        "20153": {
            "year_quarter": 20153,
            "year": 2015,
            "quarter": 3,
            "eps": 0.43,
            "eps_growth_year": -64.17,
            "eps_4q": 0.85,
            "eps_4q_growth_year": -83.57,
            "roe": 2.87,
            "roe_4q": 5.54,
            "gross_profit": 332242,
            "gross_margin": 90.73,
            "gross_margin_4q_avg": 90.66,
            "net_income": 48051,
            "revenue": 366175,
            "common_shares": 1106410,
            "book_valuer_per_share": 15.44,
            "book_valuer_per_share_4q_avg": 18.49,
            "equity": 1707811,
            "current_ratio": 557.39,
            "debt_ratio": 19.15,
            "inventory_turnover_ratio": null,
            "account_receivable_turnover_ratio": 2.8,
            "reinvestment_rate": 3.28,
            "research_to_sale_ratio": 44.79,
            "price_fair": 221.3,
            "eps_avg_yearly": 6.32,
            "eps_latest_yearly": 1.04,
            "eps_growth_yearly": 46.84
        },
        "20154": {
            "year_quarter": 20154,
            "year": 2015,
            "quarter": 4,
            "eps": 0.03,
            "eps_growth_year": -95.6,
            "eps_4q": 0.27,
            "eps_4q_growth_year": -93.24,
            "roe": 0.22,
            "roe_4q": 1.7600000000000005,
            "gross_profit": 259680,
            "gross_margin": 91.5,
            "gross_margin_4q_avg": 90.75,
            "net_income": 3773,
            "revenue": 283813,
            "common_shares": 1106390,
            "book_valuer_per_share": 15.44,
            "book_valuer_per_share_4q_avg": 17.4,
            "equity": 1708306,
            "current_ratio": 643.46,
            "debt_ratio": 17.09,
            "inventory_turnover_ratio": null,
            "account_receivable_turnover_ratio": 2.21,
            "reinvestment_rate": 3.39,
            "research_to_sale_ratio": 46.56,
            "price_fair": 188.1,
            "eps_avg_yearly": 5.37,
            "eps_latest_yearly": 0.12,
            "eps_growth_yearly": 26.2
        },
        "20161": {
            "year_quarter": 20161,
            "year": 2016,
            "quarter": 1,
            "eps": -0.4,
            "eps_growth_year": -253.85,
            "eps_4q": -0.34,
            "eps_4q_growth_year": -112.02,
            "roe": -2.61,
            "roe_4q": -2.1699999999999995,
            "gross_profit": 243340,
            "gross_margin": 91.77,
            "gross_margin_4q_avg": 90.9,
            "net_income": -44148,
            "revenue": 265157,
            "common_shares": 1106390,
            "book_valuer_per_share": 15.11,
            "book_valuer_per_share_4q_avg": 16.15,
            "equity": 1672152,
            "current_ratio": 872.93,
            "debt_ratio": 12.76,
            "inventory_turnover_ratio": null,
            "account_receivable_turnover_ratio": 2.15,
            "reinvestment_rate": 2.76,
            "research_to_sale_ratio": 59.75,
            "price_fair": 106.4,
            "eps_avg_yearly": 4.3,
            "eps_latest_yearly": 0.12,
            "eps_growth_yearly": 14.72
        },
        "20162": {
            "year_quarter": 20162,
            "year": 2016,
            "quarter": 2,
            "eps": 0.07,
            "eps_growth_year": null,
            "eps_4q": 0.14,
            "eps_4q_growth_year": -89.8,
            "roe": 0.47,
            "roe_4q": 0.9500000000000004,
            "gross_profit": 234474,
            "gross_margin": 91.31,
            "gross_margin_4q_avg": 91.33,
            "net_income": 7904,
            "revenue": 256780,
            "common_shares": 1106390,
            "book_valuer_per_share": 15.07,
            "book_valuer_per_share_4q_avg": 15.27,
            "equity": 1667490,
            "current_ratio": 767.5,
            "debt_ratio": 14.01,
            "inventory_turnover_ratio": null,
            "account_receivable_turnover_ratio": 2.39,
            "reinvestment_rate": -8.2,
            "research_to_sale_ratio": 55.64,
            "price_fair": 154.82,
            "eps_avg_yearly": 4.42,
            "eps_latest_yearly": 0.12,
            "eps_growth_yearly": 44.3
        },
        "20163": {
            "year_quarter": 20163,
            "year": 2016,
            "quarter": 3,
            "eps": -0.53,
            "eps_growth_year": -223.26,
            "eps_4q": -0.83,
            "eps_4q_growth_year": -196.66,
            "roe": -3.6,
            "roe_4q": -5.5200000000000005,
            "gross_profit": 175902,
            "gross_margin": 91.86,
            "gross_margin_4q_avg": 91.61,
            "net_income": -59029,
            "revenue": 191486,
            "common_shares": 1107890,
            "book_valuer_per_share": 14.53,
            "book_valuer_per_share_4q_avg": 15.04,
            "equity": 1609228,
            "current_ratio": 740.3,
            "debt_ratio": 14.49,
            "inventory_turnover_ratio": 264.14,
            "account_receivable_turnover_ratio": 2.03,
            "reinvestment_rate": -9.52,
            "research_to_sale_ratio": 75.69,
            "price_fair": 12.05,
            "eps_avg_yearly": 4.02,
            "eps_latest_yearly": 0.12,
            "eps_growth_yearly": -27.43
        },
        "20164": {
            "year_quarter": 20164,
            "year": 2016,
            "quarter": 4,
            "eps": -0.12,
            "eps_growth_year": -451.5,
            "eps_4q": -0.98,
            "eps_4q_growth_year": -465.18,
            "roe": -0.84,
            "roe_4q": -6.58,
            "gross_profit": 213136,
            "gross_margin": 84.96,
            "gross_margin_4q_avg": 89.98,
            "net_income": -13280,
            "revenue": 250859,
            "common_shares": 1107880,
            "book_valuer_per_share": 14.17,
            "book_valuer_per_share_4q_avg": 14.72,
            "equity": 1570204,
            "current_ratio": 656.5,
            "debt_ratio": 15.4,
            "inventory_turnover_ratio": 309.2,
            "account_receivable_turnover_ratio": 2.51,
            "reinvestment_rate": -10.2,
            "research_to_sale_ratio": 54.23,
            "price_fair": 11.41,
            "eps_avg_yearly": 3.8,
            "eps_latest_yearly": 0.12,
            "eps_growth_yearly": -17.92
        },
        "20171": {
            "year_quarter": 20171,
            "year": 2017,
            "quarter": 1,
            "eps": -0.58,
            "eps_growth_year": null,
            "eps_4q": -1.16,
            "eps_4q_growth_year": null,
            "roe": -4.18,
            "roe_4q": -8.149999999999999,
            "gross_profit": 185172,
            "gross_margin": 86.36,
            "gross_margin_4q_avg": 88.62,
            "net_income": -64304,
            "revenue": 214411,
            "common_shares": 1106390,
            "book_valuer_per_share": 13.59,
            "book_valuer_per_share_4q_avg": 14.34,
            "equity": 1503999,
            "current_ratio": 912.43,
            "debt_ratio": 11.06,
            "inventory_turnover_ratio": 312.72,
            "account_receivable_turnover_ratio": 2.12,
            "reinvestment_rate": -0.11,
            "research_to_sale_ratio": 64.87,
            "price_fair": 11.52,
            "eps_avg_yearly": 3.84,
            "eps_latest_yearly": 0.12,
            "eps_growth_yearly": -0.58
        },
        "20172": {
            "year_quarter": 20172,
            "year": 2017,
            "quarter": 2,
            "eps": -0.5,
            "eps_growth_year": -814.29,
            "eps_4q": -1.74,
            "eps_4q_growth_year": -1334.4,
            "roe": -3.78,
            "roe_4q": -12.399999999999999,
            "gross_profit": 198142,
            "gross_margin": 78.81,
            "gross_margin_4q_avg": 85.5,
            "net_income": -55706,
            "revenue": 251416,
            "common_shares": 1106390,
            "book_valuer_per_share": 13.08,
            "book_valuer_per_share_4q_avg": 13.84,
            "equity": 1447123,
            "current_ratio": 716.6,
            "debt_ratio": 13.54,
            "inventory_turnover_ratio": 710.32,
            "account_receivable_turnover_ratio": 2.53,
            "reinvestment_rate": -0.31,
            "research_to_sale_ratio": 54.88,
            "price_fair": 102.4,
            "eps_avg_yearly": 4.03,
            "eps_latest_yearly": 0.12,
            "eps_growth_yearly": 15.44
        },
        "20173": {
            "year_quarter": 20173,
            "year": 2017,
            "quarter": 3,
            "eps": -0.64,
            "eps_growth_year": null,
            "eps_4q": -1.84,
            "eps_4q_growth_year": null,
            "roe": -5.01,
            "roe_4q": -13.809999999999999,
            "gross_profit": 189834,
            "gross_margin": 83.85,
            "gross_margin_4q_avg": 83.5,
            "net_income": -70723,
            "revenue": 226386,
            "common_shares": 1106390,
            "book_valuer_per_share": 12.42,
            "book_valuer_per_share_4q_avg": 13.32,
            "equity": 1374353,
            "current_ratio": 665.75,
            "debt_ratio": 14.11,
            "inventory_turnover_ratio": 821.39,
            "account_receivable_turnover_ratio": 2.34,
            "reinvestment_rate": -1.05,
            "research_to_sale_ratio": 60.82,
            "price_fair": 12.46,
            "eps_avg_yearly": 4.15,
            "eps_latest_yearly": 0.12,
            "eps_growth_yearly": -0.75
        },
        "20174": {
            "year_quarter": 20174,
            "year": 2017,
            "quarter": 4,
            "eps": -0.84,
            "eps_growth_year": null,
            "eps_4q": -2.56,
            "eps_4q_growth_year": null,
            "roe": -6.96,
            "roe_4q": -19.93,
            "gross_profit": 141653,
            "gross_margin": 83.93,
            "gross_margin_4q_avg": 83.24,
            "net_income": -92417,
            "revenue": 168768,
            "common_shares": 1106390,
            "book_valuer_per_share": 11.58,
            "book_valuer_per_share_4q_avg": 12.67,
            "equity": 1281203,
            "current_ratio": 585.17,
            "debt_ratio": 16.09,
            "inventory_turnover_ratio": null,
            "account_receivable_turnover_ratio": 2.08,
            "reinvestment_rate": null,
            "research_to_sale_ratio": 75.63,
            "price_fair": 9.54,
            "eps_avg_yearly": 3.18,
            "eps_latest_yearly": 0.12,
            "eps_growth_yearly": -147.89
        },
        "20181": {
            "year_quarter": 20181,
            "year": 2018,
            "quarter": 1,
            "eps": -0.74,
            "eps_growth_year": null,
            "eps_4q": -2.71,
            "eps_4q_growth_year": null,
            "roe": -6.57,
            "roe_4q": -22.32,
            "gross_profit": 152191,
            "gross_margin": 81.35,
            "gross_margin_4q_avg": 81.99,
            "net_income": -81684,
            "revenue": 187083,
            "common_shares": 1109390,
            "book_valuer_per_share": 10.87,
            "book_valuer_per_share_4q_avg": 11.99,
            "equity": 1205660,
            "current_ratio": 682.53,
            "debt_ratio": 13.73,
            "inventory_turnover_ratio": null,
            "account_receivable_turnover_ratio": 2.3,
            "reinvestment_rate": null,
            "research_to_sale_ratio": 67.19,
            "price_fair": 7.25,
            "eps_avg_yearly": 2.42,
            "eps_latest_yearly": 0.12,
            "eps_growth_yearly": -153.47
        },
        "20182": {
            "year_quarter": 20182,
            "year": 2018,
            "quarter": 2,
            "eps": -0.44,
            "eps_growth_year": null,
            "eps_4q": -2.65,
            "eps_4q_growth_year": null,
            "roe": -4.12,
            "roe_4q": -22.660000000000004,
            "gross_profit": 189146,
            "gross_margin": 79.6,
            "gross_margin_4q_avg": 82.18,
            "net_income": -48769,
            "revenue": 237625,
            "common_shares": 1109390,
            "book_valuer_per_share": 10.47,
            "book_valuer_per_share_4q_avg": 11.34,
            "equity": 1161405,
            "current_ratio": 708.64,
            "debt_ratio": 13.45,
            "inventory_turnover_ratio": null,
            "account_receivable_turnover_ratio": 3,
            "reinvestment_rate": null,
            "research_to_sale_ratio": 50.6,
            "price_fair": 6.81,
            "eps_avg_yearly": 2.27,
            "eps_latest_yearly": 0.12,
            "eps_growth_yearly": -134.69
        },
        "20183": {
            "year_quarter": 20183,
            "year": 2018,
            "quarter": 3,
            "eps": -0.53,
            "eps_growth_year": null,
            "eps_4q": -2.53,
            "eps_4q_growth_year": null,
            "roe": -5.15,
            "roe_4q": -22.8,
            "gross_profit": 183531,
            "gross_margin": 73.96,
            "gross_margin_4q_avg": 79.71,
            "net_income": -58283,
            "revenue": 248142,
            "common_shares": 1109285,
            "book_valuer_per_share": 9.94,
            "book_valuer_per_share_4q_avg": 10.72,
            "equity": 1102685,
            "current_ratio": 643.37,
            "debt_ratio": 15.14,
            "inventory_turnover_ratio": null,
            "account_receivable_turnover_ratio": 2.62,
            "reinvestment_rate": null,
            "research_to_sale_ratio": 42.64,
            "price_fair": 4.28,
            "eps_avg_yearly": 1.43,
            "eps_latest_yearly": 0.12,
            "eps_growth_yearly": -259.59
        },
        "20184": {
            "year_quarter": 20184,
            "year": 2018,
            "quarter": 4,
            "eps": -0.89,
            "eps_growth_year": null,
            "eps_4q": -2.59,
            "eps_4q_growth_year": null,
            "roe": -9.37,
            "roe_4q": -25.21,
            "gross_profit": 204836,
            "gross_margin": 54.91,
            "gross_margin_4q_avg": 72.46,
            "net_income": -98657,
            "revenue": 373046,
            "common_shares": 1109285,
            "book_valuer_per_share": 9.04,
            "book_valuer_per_share_4q_avg": 10.08,
            "equity": 1002780,
            "current_ratio": 324.88,
            "debt_ratio": 29.28,
            "inventory_turnover_ratio": null,
            "account_receivable_turnover_ratio": 1.85,
            "reinvestment_rate": null,
            "research_to_sale_ratio": 24.41,
            "price_fair": 1.74,
            "eps_avg_yearly": 0.58,
            "eps_latest_yearly": 0.12,
            "eps_growth_yearly": -319.38
        },
        "20191": {
            "year_quarter": 20191,
            "year": 2019,
            "quarter": 1,
            "eps": 1.52,
            "eps_growth_year": null,
            "eps_4q": -0.34,
            "eps_4q_growth_year": null,
            "roe": 15.47,
            "roe_4q": -3.169999999999999,
            "gross_profit": 424094,
            "gross_margin": 51.99,
            "gross_margin_4q_avg": 65.12,
            "net_income": 167988,
            "revenue": 815750,
            "common_shares": 1106390,
            "book_valuer_per_share": 10.57,
            "book_valuer_per_share_4q_avg": 10.01,
            "equity": 1169393,
            "current_ratio": 310.64,
            "debt_ratio": 29.86,
            "inventory_turnover_ratio": null,
            "account_receivable_turnover_ratio": 2.62,
            "reinvestment_rate": null,
            "research_to_sale_ratio": 11.1,
            "price_fair": 0.36,
            "eps_avg_yearly": 0.12,
            "eps_latest_yearly": 0.12,
            "eps_growth_yearly": -372.09
        },
        "20192": {
            "year_quarter": 20192,
            "year": 2019,
            "quarter": 2,
            "eps": 0.47,
            "eps_growth_year": null,
            "eps_4q": 0.57,
            "eps_4q_growth_year": null,
            "roe": 4.35,
            "roe_4q": 5.300000000000001,
            "gross_profit": 386396,
            "gross_margin": 42.04,
            "gross_margin_4q_avg": 55.73,
            "net_income": 52117,
            "revenue": 919077,
            "common_shares": 1106390,
            "book_valuer_per_share": 11.1,
            "book_valuer_per_share_4q_avg": 10.16,
            "equity": 1228257,
            "current_ratio": 254.46,
            "debt_ratio": 37.11,
            "inventory_turnover_ratio": null,
            "account_receivable_turnover_ratio": 2.14,
            "reinvestment_rate": null,
            "research_to_sale_ratio": 10.94,
            "price_fair": 3,
            "eps_avg_yearly": 1,
            "eps_latest_yearly": 1.88,
            "eps_growth_yearly": -324.2
        },
        "20193": {
            "year_quarter": 20193,
            "year": 2019,
            "quarter": 3,
            "eps": 1.35,
            "eps_growth_year": null,
            "eps_4q": 2.45,
            "eps_4q_growth_year": null,
            "roe": 11.46,
            "roe_4q": 21.910000000000004,
            "gross_profit": 594309,
            "gross_margin": 52.54,
            "gross_margin_4q_avg": 50.37,
            "net_income": 149181,
            "revenue": 1131207,
            "common_shares": 1106390,
            "book_valuer_per_share": 12.43,
            "book_valuer_per_share_4q_avg": 10.79,
            "equity": 1375730,
            "current_ratio": 247.79,
            "debt_ratio": 36.42,
            "inventory_turnover_ratio": null,
            "account_receivable_turnover_ratio": 2.23,
            "reinvestment_rate": null,
            "research_to_sale_ratio": 9.43,
            "price_fair": 86.33,
            "eps_avg_yearly": 2.47,
            "eps_latest_yearly": 5.4,
            "eps_growth_yearly": 33.51
        },
        "20194": {
            "year_quarter": 20194,
            "year": 2019,
            "quarter": 4,
            "eps": 1.14,
            "eps_growth_year": null,
            "eps_4q": 4.48,
            "eps_4q_growth_year": null,
            "roe": 8.95,
            "roe_4q": 40.23,
            "gross_profit": 456621,
            "gross_margin": 53.99,
            "gross_margin_4q_avg": 50.14,
            "net_income": 126548,
            "revenue": 845805,
            "common_shares": 1106390,
            "book_valuer_per_share": 13.13,
            "book_valuer_per_share_4q_avg": 11.81,
            "equity": 1452292,
            "current_ratio": 277.07,
            "debt_ratio": 33.84,
            "inventory_turnover_ratio": null,
            "account_receivable_turnover_ratio": 2.21,
            "reinvestment_rate": null,
            "research_to_sale_ratio": 12.91,
            "price_fair": 138.13,
            "eps_avg_yearly": 3.95,
            "eps_latest_yearly": 4.56,
            "eps_growth_yearly": 136.8
        },
        "20201": {
            "year_quarter": 20201,
            "year": 2020,
            "quarter": 1,
            "eps": 0.91,
            "eps_growth_year": -40.13,
            "eps_4q": 3.87,
            "eps_4q_growth_year": null,
            "roe": 6.7,
            "roe_4q": 31.46,
            "gross_profit": 380364,
            "gross_margin": 49.24,
            "gross_margin_4q_avg": 49.45,
            "net_income": 100636,
            "revenue": 772391,
            "common_shares": 1106390,
            "book_valuer_per_share": 14.04,
            "book_valuer_per_share_4q_avg": 12.68,
            "equity": 1552837,
            "current_ratio": 355.82,
            "debt_ratio": 35.99,
            "inventory_turnover_ratio": null,
            "account_receivable_turnover_ratio": 2.63,
            "reinvestment_rate": null,
            "research_to_sale_ratio": 15.17,
            "price_fair": 135.45,
            "eps_avg_yearly": 3.87,
            "eps_latest_yearly": 3.64,
            "eps_growth_yearly": 82.42
        },
        "20202": {
            "year_quarter": 20202,
            "year": 2020,
            "quarter": 2,
            "eps": 0.41,
            "eps_growth_year": -12.77,
            "eps_4q": 3.81,
            "eps_4q_growth_year": 567.15,
            "roe": 2.97,
            "roe_4q": 30.08,
            "gross_profit": 421979,
            "gross_margin": 51.46,
            "gross_margin_4q_avg": 51.81,
            "net_income": 45040,
            "revenue": 819980,
            "common_shares": 1106390,
            "book_valuer_per_share": 13.41,
            "book_valuer_per_share_4q_avg": 13.25,
            "equity": 1484035,
            "current_ratio": 279.5,
            "debt_ratio": 41.64,
            "inventory_turnover_ratio": null,
            "account_receivable_turnover_ratio": 2.42,
            "reinvestment_rate": null,
            "research_to_sale_ratio": 14.25,
            "price_fair": 109.51,
            "eps_avg_yearly": 3.42,
            "eps_latest_yearly": 1.64,
            "eps_growth_yearly": 21.98
        },
        "20203": {
            "year_quarter": 20203,
            "year": 2020,
            "quarter": 3,
            "eps": 1.26,
            "eps_growth_year": -6.67,
            "eps_4q": 3.72,
            "eps_4q_growth_year": 52.26,
            "roe": 9,
            "roe_4q": 27.62,
            "gross_profit": 484500,
            "gross_margin": 54.17,
            "gross_margin_4q_avg": 52.22,
            "net_income": 139826,
            "revenue": 894340,
            "common_shares": 1106390,
            "book_valuer_per_share": 14.68,
            "book_valuer_per_share_4q_avg": 13.82,
            "equity": 1624606,
            "current_ratio": 354.03,
            "debt_ratio": 35.05,
            "inventory_turnover_ratio": null,
            "account_receivable_turnover_ratio": 2.6,
            "reinvestment_rate": 13.66,
            "research_to_sale_ratio": 13.59,
            "price_fair": 129.27,
            "eps_avg_yearly": 3.69,
            "eps_latest_yearly": 5.04,
            "eps_growth_yearly": 156.53
        },
        "20204": {
            "year_quarter": 20204,
            "year": 2020,
            "quarter": 4,
            "eps": 1.33,
            "eps_growth_year": 16.49,
            "eps_4q": 3.91,
            "eps_4q_growth_year": -12.69,
            "roe": 8.65,
            "roe_4q": 27.319999999999997,
            "gross_profit": 437982,
            "gross_margin": 57.65,
            "gross_margin_4q_avg": 53.13,
            "net_income": 147421,
            "revenue": 759726,
            "common_shares": 1106390,
            "book_valuer_per_share": 16.14,
            "book_valuer_per_share_4q_avg": 14.57,
            "equity": 1785162,
            "current_ratio": 422.56,
            "debt_ratio": 30.67,
            "inventory_turnover_ratio": null,
            "account_receivable_turnover_ratio": 2.93,
            "reinvestment_rate": 10.84,
            "research_to_sale_ratio": 15.96,
            "price_fair": 137.4,
            "eps_avg_yearly": 3.93,
            "eps_latest_yearly": 5.32,
            "eps_growth_yearly": 137.34
        },
        "20211": {
            "year_quarter": 20211,
            "year": 2021,
            "quarter": 1,
            "eps": -0.01,
            "eps_growth_year": -101.1,
            "eps_4q": 2.99,
            "eps_4q_growth_year": -22.82,
            "roe": -0.09,
            "roe_4q": 20.53,
            "gross_profit": 423658,
            "gross_margin": 57.02,
            "gross_margin_4q_avg": 55.08,
            "net_income": -1599,
            "revenue": 742944,
            "common_shares": 1106390,
            "book_valuer_per_share": 16.32,
            "book_valuer_per_share_4q_avg": 15.14,
            "equity": 1806033,
            "current_ratio": 343.49,
            "debt_ratio": 34.43,
            "inventory_turnover_ratio": null,
            "account_receivable_turnover_ratio": 3.01,
            "reinvestment_rate": 10.88,
            "research_to_sale_ratio": 14.94,
            "price_fair": 137.4,
            "eps_avg_yearly": 3.93,
            "eps_latest_yearly": 5.32,
            "eps_growth_yearly": 137.34
        },
        "20212": {
            "year_quarter": 20212,
            "year": 2021,
            "quarter": 2,
            "eps": 0.33,
            "eps_growth_year": -19.51,
            "eps_4q": 2.92,
            "eps_4q_growth_year": -23.41,
            "roe": 2.23,
            "roe_4q": 19.79,
            "gross_profit": 404705,
            "gross_margin": 57.38,
            "gross_margin_4q_avg": 56.56,
            "net_income": 37124,
            "revenue": 705301,
            "common_shares": 1106390,
            "book_valuer_per_share": 13.72,
            "book_valuer_per_share_4q_avg": 15.22,
            "equity": 1517884,
            "current_ratio": 228.02,
            "debt_ratio": 46.51,
            "inventory_turnover_ratio": null,
            "account_receivable_turnover_ratio": 2.47,
            "reinvestment_rate": 9.34,
            "research_to_sale_ratio": 15.13,
            "price_fair": 137.4,
            "eps_avg_yearly": 3.93,
            "eps_latest_yearly": 5.32,
            "eps_growth_yearly": 137.34
        },
        "20213": {
            "year_quarter": 20213,
            "year": 2021,
            "quarter": 3,
            "eps": 0.84,
            "eps_growth_year": -33.33,
            "eps_4q": 2.49,
            "eps_4q_growth_year": -33.04,
            "roe": 5.94,
            "roe_4q": 16.73,
            "gross_profit": 441048,
            "gross_margin": 58.01,
            "gross_margin_4q_avg": 57.52,
            "net_income": 92946,
            "revenue": 760290,
            "common_shares": 1106390,
            "book_valuer_per_share": 14.56,
            "book_valuer_per_share_4q_avg": 15.19,
            "equity": 1610833,
            "current_ratio": 375.24,
            "debt_ratio": 32.16,
            "inventory_turnover_ratio": null,
            "account_receivable_turnover_ratio": 2.71,
            "reinvestment_rate": 7.2,
            "research_to_sale_ratio": 13.86,
            "price_fair": 134.93,
            "eps_avg_yearly": 3.86,
            "eps_latest_yearly": 3.36,
            "eps_growth_yearly": 197.45
        },
        "20214": {
            "year_quarter": 20214,
            "year": 2021,
            "quarter": 4,
            "eps": 0.07,
            "eps_growth_year": -94.54,
            "eps_4q": 1.23,
            "eps_4q_growth_year": -68.47,
            "roe": 0.5,
            "roe_4q": 8.58,
            "gross_profit": 378209,
            "gross_margin": 54.88,
            "gross_margin_4q_avg": 56.82,
            "net_income": 8048,
            "revenue": 689127,
            "common_shares": 1106390,
            "book_valuer_per_share": 14.69,
            "book_valuer_per_share_4q_avg": 14.82,
            "equity": 1625484,
            "current_ratio": 438.4,
            "debt_ratio": 28.35,
            "inventory_turnover_ratio": null,
            "account_receivable_turnover_ratio": 2.38,
            "reinvestment_rate": 6.23,
            "research_to_sale_ratio": 13.85,
            "price_fair": 121.02,
            "eps_avg_yearly": 3.46,
            "eps_latest_yearly": 0.28,
            "eps_growth_yearly": 134.77
        },
        "20221": {
            "year_quarter": 20221,
            "year": 2022,
            "quarter": 1,
            "eps": 0.49,
            "eps_growth_year": null,
            "eps_4q": 1.74,
            "eps_4q_growth_year": -41.78,
            "roe": 3.29,
            "roe_4q": 11.96,
            "gross_profit": 304473,
            "gross_margin": 54.19,
            "gross_margin_4q_avg": 56.12,
            "net_income": 54419,
            "revenue": 561817,
            "common_shares": 1106390,
            "book_valuer_per_share": 15.19,
            "book_valuer_per_share_4q_avg": 14.54,
            "equity": 1680138,
            "current_ratio": 406.66,
            "debt_ratio": 29.04,
            "inventory_turnover_ratio": null,
            "account_receivable_turnover_ratio": 2.28,
            "reinvestment_rate": 5.76,
            "research_to_sale_ratio": 18.98,
            "price_fair": 115.78,
            "eps_avg_yearly": 3.31,
            "eps_latest_yearly": 1.96,
            "eps_growth_yearly": 361.29
        },
        "20222": {
            "year_quarter": 20222,
            "year": 2022,
            "quarter": 2,
            "eps": 0.02,
            "eps_growth_year": -93.94,
            "eps_4q": 1.42,
            "eps_4q_growth_year": -51.32,
            "roe": 0.11,
            "roe_4q": 9.84,
            "gross_profit": 285991,
            "gross_margin": 55.91,
            "gross_margin_4q_avg": 55.75,
            "net_income": 1708,
            "revenue": 511502,
            "common_shares": 1106390,
            "book_valuer_per_share": 13.7,
            "book_valuer_per_share_4q_avg": 14.54,
            "equity": 1515890,
            "current_ratio": 321.16,
            "debt_ratio": 34.06,
            "inventory_turnover_ratio": null,
            "account_receivable_turnover_ratio": 2.64,
            "reinvestment_rate": 6.19,
            "research_to_sale_ratio": 21.06,
            "price_fair": 105.51,
            "eps_avg_yearly": 3.01,
            "eps_latest_yearly": 0.08,
            "eps_growth_yearly": 293.57
        },
        "20223": {
            "year_quarter": 20223,
            "year": 2022,
            "quarter": 3,
            "eps": 0.07,
            "eps_growth_year": -91.67,
            "eps_4q": 0.66,
            "eps_4q_growth_year": -73.63,
            "roe": 0.56,
            "roe_4q": 4.46,
            "gross_profit": 244199,
            "gross_margin": 54.36,
            "gross_margin_4q_avg": 54.84,
            "net_income": 8575,
            "revenue": 449246,
            "common_shares": 1106390,
            "book_valuer_per_share": 13.78,
            "book_valuer_per_share_4q_avg": 14.34,
            "equity": 1524653,
            "current_ratio": 378.19,
            "debt_ratio": 29.67,
            "inventory_turnover_ratio": null,
            "account_receivable_turnover_ratio": 2.87,
            "reinvestment_rate": 6.78,
            "research_to_sale_ratio": 24.34,
            "price_fair": 97.53,
            "eps_avg_yearly": 2.79,
            "eps_latest_yearly": 0.28,
            "eps_growth_yearly": 352.44
        },
        "20224": {
            "year_quarter": 20224,
            "year": 2022,
            "quarter": 4,
            "eps": -0.11,
            "eps_growth_year": -247.63,
            "eps_4q": 0.48,
            "eps_4q_growth_year": -61.31,
            "roe": -0.78,
            "roe_4q": 3.18,
            "gross_profit": 171096,
            "gross_margin": 50.72,
            "gross_margin_4q_avg": 53.8,
            "net_income": -11881,
            "revenue": 337324,
            "common_shares": 1106390,
            "book_valuer_per_share": 13.67,
            "book_valuer_per_share_4q_avg": 14.09,
            "equity": 1512744,
            "current_ratio": 322.3,
            "debt_ratio": 31.63,
            "inventory_turnover_ratio": null,
            "account_receivable_turnover_ratio": 2.53,
            "reinvestment_rate": 6.45,
            "research_to_sale_ratio": 25.96,
            "price_fair": 97.53,
            "eps_avg_yearly": 2.79,
            "eps_latest_yearly": 0.28,
            "eps_growth_yearly": 352.44
        },
        "20231": {
            "year_quarter": 20231,
            "year": 2023,
            "quarter": 1,
            "eps": 0.4,
            "eps_growth_year": -18.37,
            "eps_4q": 0.38,
            "eps_4q_growth_year": -77.98,
            "roe": 2.87,
            "roe_4q": 2.76,
            "gross_profit": 226896,
            "gross_margin": 58.03,
            "gross_margin_4q_avg": 54.76,
            "net_income": 43996,
            "revenue": 390991,
            "common_shares": 1106390,
            "book_valuer_per_share": 14.07,
            "book_valuer_per_share_4q_avg": 13.81,
            "equity": 1556735,
            "current_ratio": 419.88,
            "debt_ratio": 24.88,
            "inventory_turnover_ratio": null,
            "account_receivable_turnover_ratio": 2.56,
            "reinvestment_rate": 7.71,
            "research_to_sale_ratio": 23.56,
            "price_fair": 97.53,
            "eps_avg_yearly": 2.79,
            "eps_latest_yearly": 0.28,
            "eps_growth_yearly": 352.44
        }
    },
    "months": {
        "2010-12": {
            "month": "2010-12",
            "price": "234.93",
            "revenue": 56799
        },
        "2011-01": {
            "month": "2011-01",
            "price": "300.27",
            "revenue": 61848
        },
        "2011-02": {
            "month": "2011-02",
            "price": "287.58",
            "revenue": 77281
        },
        "2011-03": {
            "month": "2011-03",
            "price": "275.70",
            "revenue": 65756
        },
        "2011-04": {
            "month": "2011-04",
            "price": "307.59",
            "revenue": 51764
        },
        "2011-05": {
            "month": "2011-05",
            "price": "308.52",
            "revenue": 57596
        },
        "2011-06": {
            "month": "2011-06",
            "price": "346.96",
            "revenue": 51998
        },
        "2011-07": {
            "month": "2011-07",
            "price": "332.51",
            "revenue": 91222
        },
        "2011-08": {
            "month": "2011-08",
            "price": "315.62",
            "revenue": 94708
        },
        "2011-09": {
            "month": "2011-09",
            "price": "275.74",
            "revenue": 79528
        },
        "2011-10": {
            "month": "2011-10",
            "price": "256.98",
            "revenue": 79485
        },
        "2011-11": {
            "month": "2011-11",
            "price": "210.83",
            "revenue": 69892
        },
        "2011-12": {
            "month": "2011-12",
            "price": "159.46",
            "revenue": 93580
        },
        "2012-01": {
            "month": "2012-01",
            "price": "160.17",
            "revenue": 108511
        },
        "2012-02": {
            "month": "2012-02",
            "price": "232.62",
            "revenue": 74377
        },
        "2012-03": {
            "month": "2012-03",
            "price": "285.28",
            "revenue": 77473
        },
        "2012-04": {
            "month": "2012-04",
            "price": "301.48",
            "revenue": 68052
        },
        "2012-05": {
            "month": "2012-05",
            "price": "379.95",
            "revenue": 58870
        },
        "2012-06": {
            "month": "2012-06",
            "price": "351.52",
            "revenue": 52946
        },
        "2012-07": {
            "month": "2012-07",
            "price": "351.27",
            "revenue": 104699
        },
        "2012-08": {
            "month": "2012-08",
            "price": "254.23",
            "revenue": 113392
        },
        "2012-09": {
            "month": "2012-09",
            "price": "201.85",
            "revenue": 88878
        },
        "2012-10": {
            "month": "2012-10",
            "price": "188.41",
            "revenue": 83507
        },
        "2012-11": {
            "month": "2012-11",
            "price": "180.41",
            "revenue": 85661
        },
        "2012-12": {
            "month": "2012-12",
            "price": "201.81",
            "revenue": 96152
        },
        "2013-01": {
            "month": "2013-01",
            "price": "204.66",
            "revenue": 82033
        },
        "2013-02": {
            "month": "2013-02",
            "price": "191.69",
            "revenue": 97590
        },
        "2013-03": {
            "month": "2013-03",
            "price": "192.64",
            "revenue": 71122
        },
        "2013-04": {
            "month": "2013-04",
            "price": "184.95",
            "revenue": 64672
        },
        "2013-05": {
            "month": "2013-05",
            "price": "178.07",
            "revenue": 73153
        },
        "2013-06": {
            "month": "2013-06",
            "price": "178.11",
            "revenue": 64317
        },
        "2013-07": {
            "month": "2013-07",
            "price": "174.89",
            "revenue": 57990
        },
        "2013-08": {
            "month": "2013-08",
            "price": "173.76",
            "revenue": 114265
        },
        "2013-09": {
            "month": "2013-09",
            "price": "149.38",
            "revenue": 155988
        },
        "2013-10": {
            "month": "2013-10",
            "price": "140.45",
            "revenue": 151451
        },
        "2013-11": {
            "month": "2013-11",
            "price": "123.76",
            "revenue": 135708
        },
        "2013-12": {
            "month": "2013-12",
            "price": "135.50",
            "revenue": 134672
        },
        "2014-01": {
            "month": "2014-01",
            "price": "132.56",
            "revenue": 131852
        },
        "2014-02": {
            "month": "2014-02",
            "price": "126.97",
            "revenue": 125072
        },
        "2014-03": {
            "month": "2014-03",
            "price": "155.52",
            "revenue": 116859
        },
        "2014-04": {
            "month": "2014-04",
            "price": "171.14",
            "revenue": 104193
        },
        "2014-05": {
            "month": "2014-05",
            "price": "172.57",
            "revenue": 98955
        },
        "2014-06": {
            "month": "2014-06",
            "price": "210.32",
            "revenue": 93624
        },
        "2014-07": {
            "month": "2014-07",
            "price": "222.86",
            "revenue": 132613
        },
        "2014-08": {
            "month": "2014-08",
            "price": "205.38",
            "revenue": 139221
        },
        "2014-09": {
            "month": "2014-09",
            "price": "173.57",
            "revenue": 158500
        },
        "2014-10": {
            "month": "2014-10",
            "price": "153.14",
            "revenue": 117745
        },
        "2014-11": {
            "month": "2014-11",
            "price": "144.78",
            "revenue": 147177
        },
        "2014-12": {
            "month": "2014-12",
            "price": "163.40",
            "revenue": 108226
        },
        "2015-01": {
            "month": "2015-01",
            "price": "167.05",
            "revenue": 92874
        },
        "2015-02": {
            "month": "2015-02",
            "price": "162.35",
            "revenue": 112345
        },
        "2015-03": {
            "month": "2015-03",
            "price": "162.75",
            "revenue": 85753
        },
        "2015-04": {
            "month": "2015-04",
            "price": "159.78",
            "revenue": 85837
        },
        "2015-05": {
            "month": "2015-05",
            "price": "146.20",
            "revenue": 97118
        },
        "2015-06": {
            "month": "2015-06",
            "price": "144.10",
            "revenue": 115467
        },
        "2015-07": {
            "month": "2015-07",
            "price": "138.70",
            "revenue": 146247
        },
        "2015-08": {
            "month": "2015-08",
            "price": "127.83",
            "revenue": 125382
        },
        "2015-09": {
            "month": "2015-09",
            "price": "100.38",
            "revenue": 94546
        },
        "2015-10": {
            "month": "2015-10",
            "price": "85.00",
            "revenue": 97611
        },
        "2015-11": {
            "month": "2015-11",
            "price": "83.34",
            "revenue": 90403
        },
        "2015-12": {
            "month": "2015-12",
            "price": "73.96",
            "revenue": 95799
        },
        "2016-01": {
            "month": "2016-01",
            "price": "65.28",
            "revenue": 77217
        },
        "2016-02": {
            "month": "2016-02",
            "price": "67.34",
            "revenue": 106235
        },
        "2016-03": {
            "month": "2016-03",
            "price": "71.60",
            "revenue": 81705
        },
        "2016-04": {
            "month": "2016-04",
            "price": "61.69",
            "revenue": 99537
        },
        "2016-05": {
            "month": "2016-05",
            "price": "51.89",
            "revenue": 79710
        },
        "2016-06": {
            "month": "2016-06",
            "price": "56.31",
            "revenue": 77533
        },
        "2016-07": {
            "month": "2016-07",
            "price": "57.86",
            "revenue": 60976
        },
        "2016-08": {
            "month": "2016-08",
            "price": "53.20",
            "revenue": 64539
        },
        "2016-09": {
            "month": "2016-09",
            "price": "48.57",
            "revenue": 65971
        },
        "2016-10": {
            "month": "2016-10",
            "price": "51.56",
            "revenue": 66759
        },
        "2016-11": {
            "month": "2016-11",
            "price": "71.46",
            "revenue": 105544
        },
        "2016-12": {
            "month": "2016-12",
            "price": "69.33",
            "revenue": 78556
        },
        "2017-01": {
            "month": "2017-01",
            "price": "69.43",
            "revenue": 78056
        },
        "2017-02": {
            "month": "2017-02",
            "price": "68.32",
            "revenue": 60163
        },
        "2017-03": {
            "month": "2017-03",
            "price": "66.00",
            "revenue": 76192
        },
        "2017-04": {
            "month": "2017-04",
            "price": "65.29",
            "revenue": 90785
        },
        "2017-05": {
            "month": "2017-05",
            "price": "70.90",
            "revenue": 86362
        },
        "2017-06": {
            "month": "2017-06",
            "price": "70.62",
            "revenue": 74269
        },
        "2017-07": {
            "month": "2017-07",
            "price": "64.54",
            "revenue": 62626
        },
        "2017-08": {
            "month": "2017-08",
            "price": "57.51",
            "revenue": 86348
        },
        "2017-09": {
            "month": "2017-09",
            "price": "57.71",
            "revenue": 77412
        },
        "2017-10": {
            "month": "2017-10",
            "price": "54.15",
            "revenue": 64357
        },
        "2017-11": {
            "month": "2017-11",
            "price": "52.71",
            "revenue": 55299
        },
        "2017-12": {
            "month": "2017-12",
            "price": "52.17",
            "revenue": 49112
        },
        "2018-01": {
            "month": "2018-01",
            "price": "53.94",
            "revenue": 52716
        },
        "2018-02": {
            "month": "2018-02",
            "price": "51.06",
            "revenue": 66544
        },
        "2018-03": {
            "month": "2018-03",
            "price": "51.24",
            "revenue": 67823
        },
        "2018-04": {
            "month": "2018-04",
            "price": "49.19",
            "revenue": 96226
        },
        "2018-05": {
            "month": "2018-05",
            "price": "48.47",
            "revenue": 84597
        },
        "2018-06": {
            "month": "2018-06",
            "price": "46.93",
            "revenue": 56802
        },
        "2018-07": {
            "month": "2018-07",
            "price": "44.28",
            "revenue": 70867
        },
        "2018-08": {
            "month": "2018-08",
            "price": "51.25",
            "revenue": 101022
        },
        "2018-09": {
            "month": "2018-09",
            "price": "50.99",
            "revenue": 76253
        },
        "2018-10": {
            "month": "2018-10",
            "price": "43.63",
            "revenue": 70965
        },
        "2018-11": {
            "month": "2018-11",
            "price": "41.87",
            "revenue": 54264
        },
        "2018-12": {
            "month": "2018-12",
            "price": "52.88",
            "revenue": 247817
        },
        "2019-01": {
            "month": "2019-01",
            "price": "60.52",
            "revenue": 295873
        },
        "2019-02": {
            "month": "2019-02",
            "price": "60.99",
            "revenue": 292548
        },
        "2019-03": {
            "month": "2019-03",
            "price": "65.68",
            "revenue": 227329
        },
        "2019-04": {
            "month": "2019-04",
            "price": "65.86",
            "revenue": 223779
        },
        "2019-05": {
            "month": "2019-05",
            "price": "74.80",
            "revenue": 301559
        },
        "2019-06": {
            "month": "2019-06",
            "price": "82.42",
            "revenue": 393739
        },
        "2019-07": {
            "month": "2019-07",
            "price": "91.75",
            "revenue": 394769
        },
        "2019-08": {
            "month": "2019-08",
            "price": "95.57",
            "revenue": 389066
        },
        "2019-09": {
            "month": "2019-09",
            "price": "101.16",
            "revenue": 347372
        },
        "2019-10": {
            "month": "2019-10",
            "price": "95.79",
            "revenue": 286491
        },
        "2019-11": {
            "month": "2019-11",
            "price": "87.35",
            "revenue": 285352
        },
        "2019-12": {
            "month": "2019-12",
            "price": "84.75",
            "revenue": 273962
        },
        "2020-01": {
            "month": "2020-01",
            "price": "84.19",
            "revenue": 298628
        },
        "2020-02": {
            "month": "2020-02",
            "price": "75.95",
            "revenue": 257244
        },
        "2020-03": {
            "month": "2020-03",
            "price": "54.10",
            "revenue": 216519
        },
        "2020-04": {
            "month": "2020-04",
            "price": "57.30",
            "revenue": 255388
        },
        "2020-05": {
            "month": "2020-05",
            "price": "64.47",
            "revenue": 294433
        },
        "2020-06": {
            "month": "2020-06",
            "price": "67.25",
            "revenue": 270159
        },
        "2020-07": {
            "month": "2020-07",
            "price": "68.58",
            "revenue": 354865
        },
        "2020-08": {
            "month": "2020-08",
            "price": "63.50",
            "revenue": 296617
        },
        "2020-09": {
            "month": "2020-09",
            "price": "62.02",
            "revenue": 242858
        },
        "2020-10": {
            "month": "2020-10",
            "price": "60.22",
            "revenue": 294508
        },
        "2020-11": {
            "month": "2020-11",
            "price": "68.24",
            "revenue": 226290
        },
        "2020-12": {
            "month": "2020-12",
            "price": "71.91",
            "revenue": 238928
        },
        "2021-01": {
            "month": "2021-01",
            "price": "74.83",
            "revenue": 248635
        },
        "2021-02": {
            "month": "2021-02",
            "price": "74.38",
            "revenue": 217973
        },
        "2021-03": {
            "month": "2021-03",
            "price": "77.36",
            "revenue": 276336
        },
        "2021-04": {
            "month": "2021-04",
            "price": "80.13",
            "revenue": 235398
        },
        "2021-05": {
            "month": "2021-05",
            "price": "66.31",
            "revenue": 243547
        },
        "2021-06": {
            "month": "2021-06",
            "price": "64.43",
            "revenue": 226356
        },
        "2021-07": {
            "month": "2021-07",
            "price": "62.15",
            "revenue": 270558
        },
        "2021-08": {
            "month": "2021-08",
            "price": "54.70",
            "revenue": 255402
        },
        "2021-09": {
            "month": "2021-09",
            "price": "54.96",
            "revenue": 234330
        },
        "2021-10": {
            "month": "2021-10",
            "price": "54.66",
            "revenue": 249295
        },
        "2021-11": {
            "month": "2021-11",
            "price": "53.26",
            "revenue": 225830
        },
        "2021-12": {
            "month": "2021-12",
            "price": "58.38",
            "revenue": 214002
        },
        "2022-01": {
            "month": "2022-01",
            "price": "56.32",
            "revenue": 223112
        },
        "2022-02": {
            "month": "2022-02",
            "price": "49.65",
            "revenue": 174379
        },
        "2022-03": {
            "month": "2022-03",
            "price": "45.18",
            "revenue": 164326
        },
        "2022-04": {
            "month": "2022-04",
            "price": "50.67",
            "revenue": 171231
        },
        "2022-05": {
            "month": "2022-05",
            "price": "45.00",
            "revenue": 182756
        },
        "2022-06": {
            "month": "2022-06",
            "price": "45.81",
            "revenue": 157515
        },
        "2022-07": {
            "month": "2022-07",
            "price": "41.33",
            "revenue": 172737
        },
        "2022-08": {
            "month": "2022-08",
            "price": "41.42",
            "revenue": 137315
        },
        "2022-09": {
            "month": "2022-09",
            "price": "39.42",
            "revenue": 139194
        },
        "2022-10": {
            "month": "2022-10",
            "price": "38.51",
            "revenue": 115690
        },
        "2022-11": {
            "month": "2022-11",
            "price": "41.19",
            "revenue": 109376
        },
        "2022-12": {
            "month": "2022-12",
            "price": "41.00",
            "revenue": 112258
        },
        "2023-01": {
            "month": "2023-01",
            "price": "41.25",
            "revenue": 127353
        },
        "2023-02": {
            "month": "2023-02",
            "price": "41.37",
            "revenue": 128357
        },
        "2023-03": {
            "month": "2023-03",
            "price": "46.06",
            "revenue": 135281
        },
        "2023-04": {
            "month": "2023-04",
            "price": "46.31",
            "revenue": 140675
        },
        "2023-05": {
            "month": "2023-05",
            "price": "47.19",
            "revenue": 161613
        }
    }
}
