{
    "summary": {
        "stock_name": "晶達",
        "stock_id": "4995",
        "category": "光電",
        "main_business": "高亮度液晶面板模組及顯示器<br>特殊應用系統平台",
        "website_url": "http://www.litemax.com.tw",
        "ceo": "金仲仁",
        "pe_ratio": 11,
        "report_year_from": 2009,
        "report_year_to": 2023,
        "age": 14,
        "eps_negative_percentage": 0,
        "eps_growth_avg": {
            "last_all": 25.19,
            "last_2y": 29.62,
            "last_4y": 29.27,
            "last_8y": 26.24,
            "last_12y": null,
            "last_16y": null,
            "last_20y": null,
            "at_2006_last_3y": null,
            "at_2007_last_3y": null,
            "at_2008_last_3y": null,
            "at_2009_last_3y": null,
            "at_2010_last_3y": null,
            "at_2011_last_3y": null,
            "at_2012_last_3y": null,
            "at_2013_last_3y": null,
            "at_2014_last_3y": 41.53,
            "at_2015_last_3y": 40.54,
            "at_2016_last_3y": 21.69,
            "at_2017_last_3y": 22.46,
            "at_2018_last_3y": -2.82,
            "at_2019_last_3y": 15.74,
            "at_2020_last_3y": 8.59,
            "at_2021_last_3y": 14.76,
            "at_2022_last_3y": 36.87,
            "at_2023_last_3y": 36.87,
            "at_2006_last_all": null,
            "at_2007_last_all": null,
            "at_2008_last_all": null,
            "at_2009_last_all": null,
            "at_2010_last_all": null,
            "at_2011_last_all": null,
            "at_2012_last_all": 16.21,
            "at_2013_last_all": 22.03,
            "at_2014_last_all": 41.53,
            "at_2015_last_all": 30.1,
            "at_2016_last_all": 19.86,
            "at_2017_last_all": 22.28,
            "at_2018_last_all": 19.35,
            "at_2019_last_all": 23.72,
            "at_2020_last_all": 15.35,
            "at_2021_last_all": 19.54,
            "at_2022_last_all": 25.19,
            "at_2023_last_all": 25.19
        },
        "latest_eps": 4.71,
        "latest_price": 49.9,
        "latest_roe": 24.58,
        "latest_gross_margin": 34.42,
        "latest_equity": 816021,
        "latest_revenue": 299265,
        "latest_gross_profit": 103011,
        "latest_net_income": 30643,
        "latest_debt_ratio": 53.26,
        "latest_current_ratio": 143.73,
        "latest_account_receivable_turnover_ratio": 1.11,
        "latest_inventory_turnover_ratio": 1.11,
        "latest_reinvestment_rate": 86.62,
        "latest_research_to_sale_ratio": 6.53
    },
    "eps_dividends": {
        "2001": {
            "cash": 0,
            "stock": 0,
            "eps": 0
        },
        "2002": {
            "cash": 0,
            "stock": 0,
            "eps": 0
        },
        "2003": {
            "cash": 0,
            "stock": 0,
            "eps": 0
        },
        "2004": {
            "cash": 0,
            "stock": 0,
            "eps": 0
        },
        "2005": {
            "cash": 0,
            "stock": 0,
            "eps": 0
        },
        "2006": {
            "cash": 0,
            "stock": 0,
            "eps": 0
        },
        "2007": {
            "cash": 0,
            "stock": 0,
            "eps": 0
        },
        "2008": {
            "cash": 0,
            "stock": 0,
            "eps": 0
        },
        "2009": {
            "cash": 0,
            "stock": 0,
            "eps": 0
        },
        "2010": {
            "cash": 0,
            "stock": 0,
            "eps": 0.77
        },
        "2011": {
            "cash": 2,
            "stock": 0,
            "eps": 0.68
        },
        "2012": {
            "cash": 1,
            "stock": 0,
            "eps": 0.98
        },
        "2013": {
            "cash": 1,
            "stock": 0,
            "eps": 1.31
        },
        "2014": {
            "cash": 1,
            "stock": 0,
            "eps": 3.33
        },
        "2015": {
            "cash": 3,
            "stock": 0,
            "eps": 2.81
        },
        "2016": {
            "cash": 3,
            "stock": 0,
            "eps": 1.93
        },
        "2017": {
            "cash": 2,
            "stock": 0,
            "eps": 2.64
        },
        "2018": {
            "cash": 2,
            "stock": 0,
            "eps": 2.61
        },
        "2019": {
            "cash": 2,
            "stock": 0,
            "eps": 4.14
        },
        "2020": {
            "cash": 4,
            "stock": 0,
            "eps": 1.66
        },
        "2021": {
            "cash": 2,
            "stock": 0,
            "eps": 2.68
        },
        "2022": {
            "cash": 3,
            "stock": 0,
            "eps": 5.02
        },
        "2023": {
            "cash": 4,
            "stock": 0,
            "eps": 0.73
        }
    },
    "dividends": {
        "2011-03-15": {
            "cash": 2,
            "stock": 0
        },
        "2012-06-28": {
            "cash": 1.2,
            "stock": 0
        },
        "2013-06-13": {
            "cash": 1,
            "stock": 0
        },
        "2014-09-19": {
            "cash": 1.2,
            "stock": 0
        },
        "2015-08-14": {
            "cash": 3,
            "stock": 0
        },
        "2016-08-03": {
            "cash": 2.52,
            "stock": 0
        },
        "2017-07-18": {
            "cash": 1.8,
            "stock": 0
        },
        "2018-08-10": {
            "cash": 2.41,
            "stock": 0
        },
        "2019-07-12": {
            "cash": 2.15,
            "stock": 0
        },
        "2020-07-24": {
            "cash": 3.7,
            "stock": 0
        },
        "2021-06-29": {
            "cash": 1.8,
            "stock": 0
        },
        "2022-06-24": {
            "cash": 2.5,
            "stock": 0
        },
        "2023-06-21": {
            "cash": 4.2,
            "stock": 0
        }
    },
    "prices": {
        "200101": "無",
        "200102": "無",
        "200103": "無",
        "200104": "無",
        "200105": "無",
        "200106": "無",
        "200107": "無",
        "200108": "無",
        "200109": "無",
        "200110": "無",
        "200111": "無",
        "200112": "無",
        "200201": "無",
        "200202": "無",
        "200203": "無",
        "200204": "無",
        "200205": "無",
        "200206": "無",
        "200207": "無",
        "200208": "無",
        "200209": "無",
        "200210": "無",
        "200211": "無",
        "200212": "無",
        "200301": "無",
        "200302": "無",
        "200303": "無",
        "200304": "無",
        "200305": "無",
        "200306": "無",
        "200307": "無",
        "200308": "無",
        "200309": "無",
        "200310": "無",
        "200311": "無",
        "200312": "無",
        "200401": "無",
        "200402": "無",
        "200403": "無",
        "200404": "無",
        "200405": "無",
        "200406": "無",
        "200407": "無",
        "200408": "無",
        "200409": "無",
        "200410": "無",
        "200411": "無",
        "200412": "無",
        "200501": "無",
        "200502": "無",
        "200503": "無",
        "200504": "無",
        "200505": "無",
        "200506": "無",
        "200507": "無",
        "200508": "無",
        "200509": "無",
        "200510": "無",
        "200511": "無",
        "200512": "無",
        "200601": "無",
        "200602": "無",
        "200603": "無",
        "200604": "無",
        "200605": "無",
        "200606": "無",
        "200607": "無",
        "200608": "無",
        "200609": "無",
        "200610": "無",
        "200611": "無",
        "200612": "無",
        "200701": "無",
        "200702": "無",
        "200703": "無",
        "200704": "無",
        "200705": "無",
        "200706": "無",
        "200707": "無",
        "200708": "無",
        "200709": "無",
        "200710": "無",
        "200711": "無",
        "200712": "無",
        "200801": "無",
        "200802": "無",
        "200803": "無",
        "200804": "無",
        "200805": "無",
        "200806": "無",
        "200807": "無",
        "200808": "無",
        "200809": "無",
        "200810": "無",
        "200811": "無",
        "200812": "無",
        "200901": "無",
        "200902": "無",
        "200903": "無",
        "200904": "無",
        "200905": "無",
        "200906": "無",
        "200907": "無",
        "200908": "無",
        "200909": "無",
        "200910": "無",
        "200911": "無",
        "200912": "無",
        "201001": "無",
        "201002": "無",
        "201003": "無",
        "201004": "無",
        "201005": "無",
        "201006": "無",
        "201007": "無",
        "201008": "無",
        "201009": "無",
        "201010": "無",
        "201011": "無",
        "201012": "26.74",
        "201101": "30.25",
        "201102": "31.73",
        "201103": "29.30",
        "201104": "30.61",
        "201105": "33.68",
        "201106": "34.77",
        "201107": "33.26",
        "201108": "29.65",
        "201109": "26.13",
        "201110": "21.59",
        "201111": "21.53",
        "201112": "21.40",
        "201201": "21.74",
        "201202": "23.64",
        "201203": "25.09",
        "201204": "24.36",
        "201205": "20.49",
        "201206": "19.89",
        "201207": "19.72",
        "201208": "20.38",
        "201209": "18.75",
        "201210": "17.39",
        "201211": "16.03",
        "201212": "16.68",
        "201301": "16.68",
        "201302": "17.07",
        "201303": "17.36",
        "201304": "17.70",
        "201305": "18.69",
        "201306": "19.00",
        "201307": "19.28",
        "201308": "19.22",
        "201309": "20.05",
        "201310": "20.73",
        "201311": "20.18",
        "201312": "21.07",
        "201401": "23.32",
        "201402": "33.76",
        "201403": "51.29",
        "201404": "46.75",
        "201405": "44.12",
        "201406": "47.60",
        "201407": "42.94",
        "201408": "42.61",
        "201409": "45.78",
        "201410": "50.53",
        "201411": "50.28",
        "201412": "49.60",
        "201501": "49.50",
        "201502": "49.11",
        "201503": "49.22",
        "201504": "54.99",
        "201505": "48.82",
        "201506": "41.56",
        "201507": "41.66",
        "201508": "36.92",
        "201509": "39.30",
        "201510": "39.74",
        "201511": "39.30",
        "201512": "38.80",
        "201601": "37.38",
        "201602": "39.38",
        "201603": "40.44",
        "201604": "40.01",
        "201605": "37.02",
        "201606": "34.78",
        "201607": "32.96",
        "201608": "31.72",
        "201609": "31.36",
        "201610": "30.46",
        "201611": "29.54",
        "201612": "30.55",
        "201701": "30.86",
        "201702": "32.97",
        "201703": "34.98",
        "201704": "36.36",
        "201705": "38.08",
        "201706": "41.26",
        "201707": "40.02",
        "201708": "41.58",
        "201709": "42.17",
        "201710": "39.95",
        "201711": "38.31",
        "201712": "37.44",
        "201801": "38.28",
        "201802": "39.53",
        "201803": "43.17",
        "201804": "39.70",
        "201805": "36.07",
        "201806": "35.30",
        "201807": "34.18",
        "201808": "33.58",
        "201809": "33.71",
        "201810": "32.64",
        "201811": "32.07",
        "201812": "32.91",
        "201901": "33.63",
        "201902": "39.13",
        "201903": "39.79",
        "201904": "41.98",
        "201905": "42.16",
        "201906": "41.48",
        "201907": "45.07",
        "201908": "52.14",
        "201909": "52.92",
        "201910": "50.84",
        "201911": "51.66",
        "201912": "49.39",
        "202001": "49.03",
        "202002": "47.10",
        "202003": "42.70",
        "202004": "43.07",
        "202005": "45.14",
        "202006": "45.96",
        "202007": "41.60",
        "202008": "39.98",
        "202009": "39.88",
        "202010": "39.73",
        "202011": "39.50",
        "202012": "38.53",
        "202101": "37.92",
        "202102": "37.85",
        "202103": "36.74",
        "202104": "36.29",
        "202105": "33.58",
        "202106": "34.22",
        "202107": "33.91",
        "202108": "33.94",
        "202109": "34.15",
        "202110": "33.89",
        "202111": "34.35",
        "202112": "36.08",
        "202201": "37.00",
        "202202": "38.89",
        "202203": "39.55",
        "202204": "41.35",
        "202205": "40.08",
        "202206": "35.78",
        "202207": "34.47",
        "202208": "37.26",
        "202209": "36.67",
        "202210": "35.85",
        "202211": "37.15",
        "202212": "37.91",
        "202301": "38.27",
        "202302": "40.78",
        "202303": "49.13",
        "202304": "51.51",
        "202305": "50.02"
    },
    "quarters": {
        "20011": {
            "year_quarter": 20011,
            "year": 2001,
            "quarter": 1,
            "eps": null,
            "eps_growth_year": null,
            "eps_4q": null,
            "eps_4q_growth_year": null,
            "roe": null,
            "roe_4q": 0,
            "gross_profit": null,
            "gross_margin": null,
            "gross_margin_4q_avg": 0,
            "net_income": null,
            "revenue": null,
            "common_shares": null,
            "book_valuer_per_share": null,
            "book_valuer_per_share_4q_avg": 0,
            "equity": null,
            "current_ratio": null,
            "debt_ratio": null,
            "inventory_turnover_ratio": null,
            "account_receivable_turnover_ratio": null,
            "reinvestment_rate": null,
            "research_to_sale_ratio": null,
            "price_fair": 0,
            "eps_avg_yearly": 0,
            "eps_latest_yearly": 0,
            "eps_growth_yearly": 0
        },
        "20012": {
            "year_quarter": 20012,
            "year": 2001,
            "quarter": 2,
            "eps": null,
            "eps_growth_year": null,
            "eps_4q": null,
            "eps_4q_growth_year": null,
            "roe": null,
            "roe_4q": 0,
            "gross_profit": null,
            "gross_margin": null,
            "gross_margin_4q_avg": 0,
            "net_income": null,
            "revenue": null,
            "common_shares": null,
            "book_valuer_per_share": null,
            "book_valuer_per_share_4q_avg": 0,
            "equity": null,
            "current_ratio": null,
            "debt_ratio": null,
            "inventory_turnover_ratio": null,
            "account_receivable_turnover_ratio": null,
            "reinvestment_rate": null,
            "research_to_sale_ratio": null,
            "price_fair": 0,
            "eps_avg_yearly": 0,
            "eps_latest_yearly": 0,
            "eps_growth_yearly": 0
        },
        "20013": {
            "year_quarter": 20013,
            "year": 2001,
            "quarter": 3,
            "eps": null,
            "eps_growth_year": null,
            "eps_4q": null,
            "eps_4q_growth_year": null,
            "roe": null,
            "roe_4q": 0,
            "gross_profit": null,
            "gross_margin": null,
            "gross_margin_4q_avg": 0,
            "net_income": null,
            "revenue": null,
            "common_shares": null,
            "book_valuer_per_share": null,
            "book_valuer_per_share_4q_avg": 0,
            "equity": null,
            "current_ratio": null,
            "debt_ratio": null,
            "inventory_turnover_ratio": null,
            "account_receivable_turnover_ratio": null,
            "reinvestment_rate": null,
            "research_to_sale_ratio": null,
            "price_fair": 0,
            "eps_avg_yearly": 0,
            "eps_latest_yearly": 0,
            "eps_growth_yearly": 0
        },
        "20014": {
            "year_quarter": 20014,
            "year": 2001,
            "quarter": 4,
            "eps": null,
            "eps_growth_year": null,
            "eps_4q": null,
            "eps_4q_growth_year": null,
            "roe": null,
            "roe_4q": 0,
            "gross_profit": null,
            "gross_margin": null,
            "gross_margin_4q_avg": 0,
            "net_income": null,
            "revenue": null,
            "common_shares": null,
            "book_valuer_per_share": null,
            "book_valuer_per_share_4q_avg": 0,
            "equity": null,
            "current_ratio": null,
            "debt_ratio": null,
            "inventory_turnover_ratio": null,
            "account_receivable_turnover_ratio": null,
            "reinvestment_rate": null,
            "research_to_sale_ratio": null,
            "price_fair": 0,
            "eps_avg_yearly": 0,
            "eps_latest_yearly": 0,
            "eps_growth_yearly": 0
        },
        "20021": {
            "year_quarter": 20021,
            "year": 2002,
            "quarter": 1,
            "eps": null,
            "eps_growth_year": null,
            "eps_4q": null,
            "eps_4q_growth_year": null,
            "roe": null,
            "roe_4q": 0,
            "gross_profit": null,
            "gross_margin": null,
            "gross_margin_4q_avg": 0,
            "net_income": null,
            "revenue": null,
            "common_shares": null,
            "book_valuer_per_share": null,
            "book_valuer_per_share_4q_avg": 0,
            "equity": null,
            "current_ratio": null,
            "debt_ratio": null,
            "inventory_turnover_ratio": null,
            "account_receivable_turnover_ratio": null,
            "reinvestment_rate": null,
            "research_to_sale_ratio": null,
            "price_fair": 0,
            "eps_avg_yearly": 0,
            "eps_latest_yearly": 0,
            "eps_growth_yearly": 0
        },
        "20022": {
            "year_quarter": 20022,
            "year": 2002,
            "quarter": 2,
            "eps": null,
            "eps_growth_year": null,
            "eps_4q": null,
            "eps_4q_growth_year": null,
            "roe": null,
            "roe_4q": 0,
            "gross_profit": null,
            "gross_margin": null,
            "gross_margin_4q_avg": 0,
            "net_income": null,
            "revenue": null,
            "common_shares": null,
            "book_valuer_per_share": null,
            "book_valuer_per_share_4q_avg": 0,
            "equity": null,
            "current_ratio": null,
            "debt_ratio": null,
            "inventory_turnover_ratio": null,
            "account_receivable_turnover_ratio": null,
            "reinvestment_rate": null,
            "research_to_sale_ratio": null,
            "price_fair": 0,
            "eps_avg_yearly": 0,
            "eps_latest_yearly": 0,
            "eps_growth_yearly": 0
        },
        "20023": {
            "year_quarter": 20023,
            "year": 2002,
            "quarter": 3,
            "eps": null,
            "eps_growth_year": null,
            "eps_4q": null,
            "eps_4q_growth_year": null,
            "roe": null,
            "roe_4q": 0,
            "gross_profit": null,
            "gross_margin": null,
            "gross_margin_4q_avg": 0,
            "net_income": null,
            "revenue": null,
            "common_shares": null,
            "book_valuer_per_share": null,
            "book_valuer_per_share_4q_avg": 0,
            "equity": null,
            "current_ratio": null,
            "debt_ratio": null,
            "inventory_turnover_ratio": null,
            "account_receivable_turnover_ratio": null,
            "reinvestment_rate": null,
            "research_to_sale_ratio": null,
            "price_fair": 0,
            "eps_avg_yearly": 0,
            "eps_latest_yearly": 0,
            "eps_growth_yearly": 0
        },
        "20024": {
            "year_quarter": 20024,
            "year": 2002,
            "quarter": 4,
            "eps": null,
            "eps_growth_year": null,
            "eps_4q": null,
            "eps_4q_growth_year": null,
            "roe": null,
            "roe_4q": 0,
            "gross_profit": null,
            "gross_margin": null,
            "gross_margin_4q_avg": 0,
            "net_income": null,
            "revenue": null,
            "common_shares": null,
            "book_valuer_per_share": null,
            "book_valuer_per_share_4q_avg": 0,
            "equity": null,
            "current_ratio": null,
            "debt_ratio": null,
            "inventory_turnover_ratio": null,
            "account_receivable_turnover_ratio": null,
            "reinvestment_rate": null,
            "research_to_sale_ratio": null,
            "price_fair": 0,
            "eps_avg_yearly": 0,
            "eps_latest_yearly": 0,
            "eps_growth_yearly": 0
        },
        "20031": {
            "year_quarter": 20031,
            "year": 2003,
            "quarter": 1,
            "eps": null,
            "eps_growth_year": null,
            "eps_4q": null,
            "eps_4q_growth_year": null,
            "roe": null,
            "roe_4q": 0,
            "gross_profit": null,
            "gross_margin": null,
            "gross_margin_4q_avg": 0,
            "net_income": null,
            "revenue": null,
            "common_shares": null,
            "book_valuer_per_share": null,
            "book_valuer_per_share_4q_avg": 0,
            "equity": null,
            "current_ratio": null,
            "debt_ratio": null,
            "inventory_turnover_ratio": null,
            "account_receivable_turnover_ratio": null,
            "reinvestment_rate": null,
            "research_to_sale_ratio": null,
            "price_fair": 0,
            "eps_avg_yearly": 0,
            "eps_latest_yearly": 0,
            "eps_growth_yearly": 0
        },
        "20032": {
            "year_quarter": 20032,
            "year": 2003,
            "quarter": 2,
            "eps": null,
            "eps_growth_year": null,
            "eps_4q": null,
            "eps_4q_growth_year": null,
            "roe": null,
            "roe_4q": 0,
            "gross_profit": null,
            "gross_margin": null,
            "gross_margin_4q_avg": 0,
            "net_income": null,
            "revenue": null,
            "common_shares": null,
            "book_valuer_per_share": null,
            "book_valuer_per_share_4q_avg": 0,
            "equity": null,
            "current_ratio": null,
            "debt_ratio": null,
            "inventory_turnover_ratio": null,
            "account_receivable_turnover_ratio": null,
            "reinvestment_rate": null,
            "research_to_sale_ratio": null,
            "price_fair": 0,
            "eps_avg_yearly": 0,
            "eps_latest_yearly": 0,
            "eps_growth_yearly": 0
        },
        "20033": {
            "year_quarter": 20033,
            "year": 2003,
            "quarter": 3,
            "eps": null,
            "eps_growth_year": null,
            "eps_4q": null,
            "eps_4q_growth_year": null,
            "roe": null,
            "roe_4q": 0,
            "gross_profit": null,
            "gross_margin": null,
            "gross_margin_4q_avg": 0,
            "net_income": null,
            "revenue": null,
            "common_shares": null,
            "book_valuer_per_share": null,
            "book_valuer_per_share_4q_avg": 0,
            "equity": null,
            "current_ratio": null,
            "debt_ratio": null,
            "inventory_turnover_ratio": null,
            "account_receivable_turnover_ratio": null,
            "reinvestment_rate": null,
            "research_to_sale_ratio": null,
            "price_fair": 0,
            "eps_avg_yearly": 0,
            "eps_latest_yearly": 0,
            "eps_growth_yearly": 0
        },
        "20034": {
            "year_quarter": 20034,
            "year": 2003,
            "quarter": 4,
            "eps": null,
            "eps_growth_year": null,
            "eps_4q": null,
            "eps_4q_growth_year": null,
            "roe": null,
            "roe_4q": 0,
            "gross_profit": null,
            "gross_margin": null,
            "gross_margin_4q_avg": 0,
            "net_income": null,
            "revenue": null,
            "common_shares": null,
            "book_valuer_per_share": null,
            "book_valuer_per_share_4q_avg": 0,
            "equity": null,
            "current_ratio": null,
            "debt_ratio": null,
            "inventory_turnover_ratio": null,
            "account_receivable_turnover_ratio": null,
            "reinvestment_rate": null,
            "research_to_sale_ratio": null,
            "price_fair": 0,
            "eps_avg_yearly": 0,
            "eps_latest_yearly": 0,
            "eps_growth_yearly": 0
        },
        "20041": {
            "year_quarter": 20041,
            "year": 2004,
            "quarter": 1,
            "eps": null,
            "eps_growth_year": null,
            "eps_4q": null,
            "eps_4q_growth_year": null,
            "roe": null,
            "roe_4q": 0,
            "gross_profit": null,
            "gross_margin": null,
            "gross_margin_4q_avg": 0,
            "net_income": null,
            "revenue": null,
            "common_shares": null,
            "book_valuer_per_share": null,
            "book_valuer_per_share_4q_avg": 0,
            "equity": null,
            "current_ratio": null,
            "debt_ratio": null,
            "inventory_turnover_ratio": null,
            "account_receivable_turnover_ratio": null,
            "reinvestment_rate": null,
            "research_to_sale_ratio": null,
            "price_fair": 0,
            "eps_avg_yearly": 0,
            "eps_latest_yearly": 0,
            "eps_growth_yearly": 0
        },
        "20042": {
            "year_quarter": 20042,
            "year": 2004,
            "quarter": 2,
            "eps": null,
            "eps_growth_year": null,
            "eps_4q": null,
            "eps_4q_growth_year": null,
            "roe": null,
            "roe_4q": 0,
            "gross_profit": null,
            "gross_margin": null,
            "gross_margin_4q_avg": 0,
            "net_income": null,
            "revenue": null,
            "common_shares": null,
            "book_valuer_per_share": null,
            "book_valuer_per_share_4q_avg": 0,
            "equity": null,
            "current_ratio": null,
            "debt_ratio": null,
            "inventory_turnover_ratio": null,
            "account_receivable_turnover_ratio": null,
            "reinvestment_rate": null,
            "research_to_sale_ratio": null,
            "price_fair": 0,
            "eps_avg_yearly": 0,
            "eps_latest_yearly": 0,
            "eps_growth_yearly": 0
        },
        "20043": {
            "year_quarter": 20043,
            "year": 2004,
            "quarter": 3,
            "eps": null,
            "eps_growth_year": null,
            "eps_4q": null,
            "eps_4q_growth_year": null,
            "roe": null,
            "roe_4q": 0,
            "gross_profit": null,
            "gross_margin": null,
            "gross_margin_4q_avg": 0,
            "net_income": null,
            "revenue": null,
            "common_shares": null,
            "book_valuer_per_share": null,
            "book_valuer_per_share_4q_avg": 0,
            "equity": null,
            "current_ratio": null,
            "debt_ratio": null,
            "inventory_turnover_ratio": null,
            "account_receivable_turnover_ratio": null,
            "reinvestment_rate": null,
            "research_to_sale_ratio": null,
            "price_fair": 0,
            "eps_avg_yearly": 0,
            "eps_latest_yearly": 0,
            "eps_growth_yearly": 0
        },
        "20044": {
            "year_quarter": 20044,
            "year": 2004,
            "quarter": 4,
            "eps": null,
            "eps_growth_year": null,
            "eps_4q": null,
            "eps_4q_growth_year": null,
            "roe": null,
            "roe_4q": 0,
            "gross_profit": null,
            "gross_margin": null,
            "gross_margin_4q_avg": 0,
            "net_income": null,
            "revenue": null,
            "common_shares": null,
            "book_valuer_per_share": null,
            "book_valuer_per_share_4q_avg": 0,
            "equity": null,
            "current_ratio": null,
            "debt_ratio": null,
            "inventory_turnover_ratio": null,
            "account_receivable_turnover_ratio": null,
            "reinvestment_rate": null,
            "research_to_sale_ratio": null,
            "price_fair": 0,
            "eps_avg_yearly": 0,
            "eps_latest_yearly": 0,
            "eps_growth_yearly": 0
        },
        "20051": {
            "year_quarter": 20051,
            "year": 2005,
            "quarter": 1,
            "eps": null,
            "eps_growth_year": null,
            "eps_4q": null,
            "eps_4q_growth_year": null,
            "roe": null,
            "roe_4q": 0,
            "gross_profit": null,
            "gross_margin": null,
            "gross_margin_4q_avg": 0,
            "net_income": null,
            "revenue": null,
            "common_shares": null,
            "book_valuer_per_share": null,
            "book_valuer_per_share_4q_avg": 0,
            "equity": null,
            "current_ratio": null,
            "debt_ratio": null,
            "inventory_turnover_ratio": null,
            "account_receivable_turnover_ratio": null,
            "reinvestment_rate": null,
            "research_to_sale_ratio": null,
            "price_fair": 0,
            "eps_avg_yearly": 0,
            "eps_latest_yearly": 0,
            "eps_growth_yearly": 0
        },
        "20052": {
            "year_quarter": 20052,
            "year": 2005,
            "quarter": 2,
            "eps": null,
            "eps_growth_year": null,
            "eps_4q": null,
            "eps_4q_growth_year": null,
            "roe": null,
            "roe_4q": 0,
            "gross_profit": null,
            "gross_margin": null,
            "gross_margin_4q_avg": 0,
            "net_income": null,
            "revenue": null,
            "common_shares": null,
            "book_valuer_per_share": null,
            "book_valuer_per_share_4q_avg": 0,
            "equity": null,
            "current_ratio": null,
            "debt_ratio": null,
            "inventory_turnover_ratio": null,
            "account_receivable_turnover_ratio": null,
            "reinvestment_rate": null,
            "research_to_sale_ratio": null,
            "price_fair": 0,
            "eps_avg_yearly": 0,
            "eps_latest_yearly": 0,
            "eps_growth_yearly": 0
        },
        "20053": {
            "year_quarter": 20053,
            "year": 2005,
            "quarter": 3,
            "eps": null,
            "eps_growth_year": null,
            "eps_4q": null,
            "eps_4q_growth_year": null,
            "roe": null,
            "roe_4q": 0,
            "gross_profit": null,
            "gross_margin": null,
            "gross_margin_4q_avg": 0,
            "net_income": null,
            "revenue": null,
            "common_shares": null,
            "book_valuer_per_share": null,
            "book_valuer_per_share_4q_avg": 0,
            "equity": null,
            "current_ratio": null,
            "debt_ratio": null,
            "inventory_turnover_ratio": null,
            "account_receivable_turnover_ratio": null,
            "reinvestment_rate": null,
            "research_to_sale_ratio": null,
            "price_fair": 0,
            "eps_avg_yearly": 0,
            "eps_latest_yearly": 0,
            "eps_growth_yearly": 0
        },
        "20054": {
            "year_quarter": 20054,
            "year": 2005,
            "quarter": 4,
            "eps": null,
            "eps_growth_year": null,
            "eps_4q": null,
            "eps_4q_growth_year": null,
            "roe": null,
            "roe_4q": 0,
            "gross_profit": null,
            "gross_margin": null,
            "gross_margin_4q_avg": 0,
            "net_income": null,
            "revenue": null,
            "common_shares": null,
            "book_valuer_per_share": null,
            "book_valuer_per_share_4q_avg": 0,
            "equity": null,
            "current_ratio": null,
            "debt_ratio": null,
            "inventory_turnover_ratio": null,
            "account_receivable_turnover_ratio": null,
            "reinvestment_rate": null,
            "research_to_sale_ratio": null,
            "price_fair": 0,
            "eps_avg_yearly": 0,
            "eps_latest_yearly": 0,
            "eps_growth_yearly": 0
        },
        "20061": {
            "year_quarter": 20061,
            "year": 2006,
            "quarter": 1,
            "eps": null,
            "eps_growth_year": null,
            "eps_4q": null,
            "eps_4q_growth_year": null,
            "roe": null,
            "roe_4q": 0,
            "gross_profit": null,
            "gross_margin": null,
            "gross_margin_4q_avg": 0,
            "net_income": null,
            "revenue": null,
            "common_shares": null,
            "book_valuer_per_share": null,
            "book_valuer_per_share_4q_avg": 0,
            "equity": null,
            "current_ratio": null,
            "debt_ratio": null,
            "inventory_turnover_ratio": null,
            "account_receivable_turnover_ratio": null,
            "reinvestment_rate": null,
            "research_to_sale_ratio": null,
            "price_fair": 0,
            "eps_avg_yearly": 0,
            "eps_latest_yearly": 0,
            "eps_growth_yearly": 0
        },
        "20062": {
            "year_quarter": 20062,
            "year": 2006,
            "quarter": 2,
            "eps": null,
            "eps_growth_year": null,
            "eps_4q": null,
            "eps_4q_growth_year": null,
            "roe": null,
            "roe_4q": 0,
            "gross_profit": null,
            "gross_margin": null,
            "gross_margin_4q_avg": 0,
            "net_income": null,
            "revenue": null,
            "common_shares": null,
            "book_valuer_per_share": null,
            "book_valuer_per_share_4q_avg": 0,
            "equity": null,
            "current_ratio": null,
            "debt_ratio": null,
            "inventory_turnover_ratio": null,
            "account_receivable_turnover_ratio": null,
            "reinvestment_rate": null,
            "research_to_sale_ratio": null,
            "price_fair": 0,
            "eps_avg_yearly": 0,
            "eps_latest_yearly": 0,
            "eps_growth_yearly": 0
        },
        "20063": {
            "year_quarter": 20063,
            "year": 2006,
            "quarter": 3,
            "eps": null,
            "eps_growth_year": null,
            "eps_4q": null,
            "eps_4q_growth_year": null,
            "roe": null,
            "roe_4q": 0,
            "gross_profit": null,
            "gross_margin": null,
            "gross_margin_4q_avg": 0,
            "net_income": null,
            "revenue": null,
            "common_shares": null,
            "book_valuer_per_share": null,
            "book_valuer_per_share_4q_avg": 0,
            "equity": null,
            "current_ratio": null,
            "debt_ratio": null,
            "inventory_turnover_ratio": null,
            "account_receivable_turnover_ratio": null,
            "reinvestment_rate": null,
            "research_to_sale_ratio": null,
            "price_fair": 0,
            "eps_avg_yearly": 0,
            "eps_latest_yearly": 0,
            "eps_growth_yearly": 0
        },
        "20064": {
            "year_quarter": 20064,
            "year": 2006,
            "quarter": 4,
            "eps": null,
            "eps_growth_year": null,
            "eps_4q": null,
            "eps_4q_growth_year": null,
            "roe": null,
            "roe_4q": 0,
            "gross_profit": null,
            "gross_margin": null,
            "gross_margin_4q_avg": 0,
            "net_income": null,
            "revenue": null,
            "common_shares": null,
            "book_valuer_per_share": null,
            "book_valuer_per_share_4q_avg": 0,
            "equity": null,
            "current_ratio": null,
            "debt_ratio": null,
            "inventory_turnover_ratio": null,
            "account_receivable_turnover_ratio": null,
            "reinvestment_rate": null,
            "research_to_sale_ratio": null,
            "price_fair": 0,
            "eps_avg_yearly": 0,
            "eps_latest_yearly": 0,
            "eps_growth_yearly": 0
        },
        "20071": {
            "year_quarter": 20071,
            "year": 2007,
            "quarter": 1,
            "eps": null,
            "eps_growth_year": null,
            "eps_4q": null,
            "eps_4q_growth_year": null,
            "roe": null,
            "roe_4q": 0,
            "gross_profit": null,
            "gross_margin": null,
            "gross_margin_4q_avg": 0,
            "net_income": null,
            "revenue": null,
            "common_shares": null,
            "book_valuer_per_share": null,
            "book_valuer_per_share_4q_avg": 0,
            "equity": null,
            "current_ratio": null,
            "debt_ratio": null,
            "inventory_turnover_ratio": null,
            "account_receivable_turnover_ratio": null,
            "reinvestment_rate": null,
            "research_to_sale_ratio": null,
            "price_fair": 0,
            "eps_avg_yearly": 0,
            "eps_latest_yearly": 0,
            "eps_growth_yearly": 0
        },
        "20072": {
            "year_quarter": 20072,
            "year": 2007,
            "quarter": 2,
            "eps": null,
            "eps_growth_year": null,
            "eps_4q": null,
            "eps_4q_growth_year": null,
            "roe": null,
            "roe_4q": 0,
            "gross_profit": null,
            "gross_margin": null,
            "gross_margin_4q_avg": 0,
            "net_income": null,
            "revenue": null,
            "common_shares": null,
            "book_valuer_per_share": null,
            "book_valuer_per_share_4q_avg": 0,
            "equity": null,
            "current_ratio": null,
            "debt_ratio": null,
            "inventory_turnover_ratio": null,
            "account_receivable_turnover_ratio": null,
            "reinvestment_rate": null,
            "research_to_sale_ratio": null,
            "price_fair": 0,
            "eps_avg_yearly": 0,
            "eps_latest_yearly": 0,
            "eps_growth_yearly": 0
        },
        "20073": {
            "year_quarter": 20073,
            "year": 2007,
            "quarter": 3,
            "eps": null,
            "eps_growth_year": null,
            "eps_4q": null,
            "eps_4q_growth_year": null,
            "roe": null,
            "roe_4q": 0,
            "gross_profit": null,
            "gross_margin": null,
            "gross_margin_4q_avg": 0,
            "net_income": null,
            "revenue": null,
            "common_shares": null,
            "book_valuer_per_share": null,
            "book_valuer_per_share_4q_avg": 0,
            "equity": null,
            "current_ratio": null,
            "debt_ratio": null,
            "inventory_turnover_ratio": null,
            "account_receivable_turnover_ratio": null,
            "reinvestment_rate": null,
            "research_to_sale_ratio": null,
            "price_fair": 0,
            "eps_avg_yearly": 0,
            "eps_latest_yearly": 0,
            "eps_growth_yearly": 0
        },
        "20074": {
            "year_quarter": 20074,
            "year": 2007,
            "quarter": 4,
            "eps": null,
            "eps_growth_year": null,
            "eps_4q": null,
            "eps_4q_growth_year": null,
            "roe": null,
            "roe_4q": 0,
            "gross_profit": null,
            "gross_margin": null,
            "gross_margin_4q_avg": 0,
            "net_income": null,
            "revenue": null,
            "common_shares": 296380,
            "book_valuer_per_share": 10.96,
            "book_valuer_per_share_4q_avg": 2.74,
            "equity": 324869,
            "current_ratio": 706.63,
            "debt_ratio": 10.83,
            "inventory_turnover_ratio": null,
            "account_receivable_turnover_ratio": null,
            "reinvestment_rate": null,
            "research_to_sale_ratio": null,
            "price_fair": 0,
            "eps_avg_yearly": 0,
            "eps_latest_yearly": 0,
            "eps_growth_yearly": 0
        },
        "20081": {
            "year_quarter": 20081,
            "year": 2008,
            "quarter": 1,
            "eps": null,
            "eps_growth_year": null,
            "eps_4q": null,
            "eps_4q_growth_year": null,
            "roe": null,
            "roe_4q": 0,
            "gross_profit": null,
            "gross_margin": null,
            "gross_margin_4q_avg": 0,
            "net_income": null,
            "revenue": null,
            "common_shares": null,
            "book_valuer_per_share": null,
            "book_valuer_per_share_4q_avg": 2.74,
            "equity": null,
            "current_ratio": null,
            "debt_ratio": null,
            "inventory_turnover_ratio": null,
            "account_receivable_turnover_ratio": null,
            "reinvestment_rate": null,
            "research_to_sale_ratio": null,
            "price_fair": 0,
            "eps_avg_yearly": 0,
            "eps_latest_yearly": 0,
            "eps_growth_yearly": 0
        },
        "20082": {
            "year_quarter": 20082,
            "year": 2008,
            "quarter": 2,
            "eps": null,
            "eps_growth_year": null,
            "eps_4q": null,
            "eps_4q_growth_year": null,
            "roe": null,
            "roe_4q": 0,
            "gross_profit": null,
            "gross_margin": null,
            "gross_margin_4q_avg": 0,
            "net_income": null,
            "revenue": null,
            "common_shares": null,
            "book_valuer_per_share": null,
            "book_valuer_per_share_4q_avg": 2.74,
            "equity": null,
            "current_ratio": null,
            "debt_ratio": null,
            "inventory_turnover_ratio": null,
            "account_receivable_turnover_ratio": null,
            "reinvestment_rate": null,
            "research_to_sale_ratio": null,
            "price_fair": 0,
            "eps_avg_yearly": 0,
            "eps_latest_yearly": 0,
            "eps_growth_yearly": 0
        },
        "20083": {
            "year_quarter": 20083,
            "year": 2008,
            "quarter": 3,
            "eps": null,
            "eps_growth_year": null,
            "eps_4q": null,
            "eps_4q_growth_year": null,
            "roe": null,
            "roe_4q": 0,
            "gross_profit": null,
            "gross_margin": null,
            "gross_margin_4q_avg": 0,
            "net_income": null,
            "revenue": null,
            "common_shares": null,
            "book_valuer_per_share": null,
            "book_valuer_per_share_4q_avg": 2.74,
            "equity": null,
            "current_ratio": null,
            "debt_ratio": null,
            "inventory_turnover_ratio": null,
            "account_receivable_turnover_ratio": null,
            "reinvestment_rate": null,
            "research_to_sale_ratio": null,
            "price_fair": 0,
            "eps_avg_yearly": 0,
            "eps_latest_yearly": 0,
            "eps_growth_yearly": 0
        },
        "20084": {
            "year_quarter": 20084,
            "year": 2008,
            "quarter": 4,
            "eps": null,
            "eps_growth_year": null,
            "eps_4q": null,
            "eps_4q_growth_year": null,
            "roe": null,
            "roe_4q": 0,
            "gross_profit": null,
            "gross_margin": null,
            "gross_margin_4q_avg": 0,
            "net_income": null,
            "revenue": null,
            "common_shares": 296380,
            "book_valuer_per_share": 10.86,
            "book_valuer_per_share_4q_avg": 2.72,
            "equity": 321821,
            "current_ratio": 571.65,
            "debt_ratio": 12.88,
            "inventory_turnover_ratio": null,
            "account_receivable_turnover_ratio": null,
            "reinvestment_rate": null,
            "research_to_sale_ratio": null,
            "price_fair": 0,
            "eps_avg_yearly": 0,
            "eps_latest_yearly": 0,
            "eps_growth_yearly": 0
        },
        "20091": {
            "year_quarter": 20091,
            "year": 2009,
            "quarter": 1,
            "eps": null,
            "eps_growth_year": null,
            "eps_4q": null,
            "eps_4q_growth_year": null,
            "roe": null,
            "roe_4q": 0,
            "gross_profit": null,
            "gross_margin": null,
            "gross_margin_4q_avg": 0,
            "net_income": null,
            "revenue": null,
            "common_shares": null,
            "book_valuer_per_share": null,
            "book_valuer_per_share_4q_avg": 2.72,
            "equity": null,
            "current_ratio": null,
            "debt_ratio": null,
            "inventory_turnover_ratio": null,
            "account_receivable_turnover_ratio": null,
            "reinvestment_rate": null,
            "research_to_sale_ratio": null,
            "price_fair": 0,
            "eps_avg_yearly": 0,
            "eps_latest_yearly": 0,
            "eps_growth_yearly": 0
        },
        "20092": {
            "year_quarter": 20092,
            "year": 2009,
            "quarter": 2,
            "eps": null,
            "eps_growth_year": null,
            "eps_4q": null,
            "eps_4q_growth_year": null,
            "roe": null,
            "roe_4q": 0,
            "gross_profit": null,
            "gross_margin": null,
            "gross_margin_4q_avg": 0,
            "net_income": null,
            "revenue": null,
            "common_shares": 296380,
            "book_valuer_per_share": null,
            "book_valuer_per_share_4q_avg": 2.72,
            "equity": 317877,
            "current_ratio": null,
            "debt_ratio": null,
            "inventory_turnover_ratio": null,
            "account_receivable_turnover_ratio": null,
            "reinvestment_rate": null,
            "research_to_sale_ratio": null,
            "price_fair": 0,
            "eps_avg_yearly": 0,
            "eps_latest_yearly": 0,
            "eps_growth_yearly": 0
        },
        "20093": {
            "year_quarter": 20093,
            "year": 2009,
            "quarter": 3,
            "eps": null,
            "eps_growth_year": null,
            "eps_4q": null,
            "eps_4q_growth_year": null,
            "roe": null,
            "roe_4q": 0,
            "gross_profit": null,
            "gross_margin": null,
            "gross_margin_4q_avg": 0,
            "net_income": null,
            "revenue": null,
            "common_shares": null,
            "book_valuer_per_share": null,
            "book_valuer_per_share_4q_avg": 2.72,
            "equity": null,
            "current_ratio": null,
            "debt_ratio": null,
            "inventory_turnover_ratio": null,
            "account_receivable_turnover_ratio": null,
            "reinvestment_rate": null,
            "research_to_sale_ratio": null,
            "price_fair": 0,
            "eps_avg_yearly": 0,
            "eps_latest_yearly": 0,
            "eps_growth_yearly": 0
        },
        "20094": {
            "year_quarter": 20094,
            "year": 2009,
            "quarter": 4,
            "eps": null,
            "eps_growth_year": null,
            "eps_4q": null,
            "eps_4q_growth_year": null,
            "roe": null,
            "roe_4q": 0,
            "gross_profit": null,
            "gross_margin": null,
            "gross_margin_4q_avg": 0,
            "net_income": null,
            "revenue": null,
            "common_shares": 300000,
            "book_valuer_per_share": 10.98,
            "book_valuer_per_share_4q_avg": 2.75,
            "equity": 329435,
            "current_ratio": 598.64,
            "debt_ratio": 12.67,
            "inventory_turnover_ratio": null,
            "account_receivable_turnover_ratio": null,
            "reinvestment_rate": null,
            "research_to_sale_ratio": null,
            "price_fair": 0,
            "eps_avg_yearly": 0,
            "eps_latest_yearly": 0,
            "eps_growth_yearly": 0
        },
        "20101": {
            "year_quarter": 20101,
            "year": 2010,
            "quarter": 1,
            "eps": null,
            "eps_growth_year": null,
            "eps_4q": null,
            "eps_4q_growth_year": null,
            "roe": null,
            "roe_4q": 0,
            "gross_profit": 39997,
            "gross_margin": null,
            "gross_margin_4q_avg": 0,
            "net_income": 20689,
            "revenue": 116201,
            "common_shares": 300000,
            "book_valuer_per_share": 11.67,
            "book_valuer_per_share_4q_avg": 5.66,
            "equity": 350124,
            "current_ratio": 473.16,
            "debt_ratio": 16.49,
            "inventory_turnover_ratio": null,
            "account_receivable_turnover_ratio": null,
            "reinvestment_rate": null,
            "research_to_sale_ratio": null,
            "price_fair": 0,
            "eps_avg_yearly": 0,
            "eps_latest_yearly": 0,
            "eps_growth_yearly": 0
        },
        "20102": {
            "year_quarter": 20102,
            "year": 2010,
            "quarter": 2,
            "eps": 0.77,
            "eps_growth_year": null,
            "eps_4q": null,
            "eps_4q_growth_year": null,
            "roe": 6.51,
            "roe_4q": 6.51,
            "gross_profit": 53384,
            "gross_margin": 33.92,
            "gross_margin_4q_avg": 8.48,
            "net_income": 23061,
            "revenue": 157374,
            "common_shares": 300000,
            "book_valuer_per_share": 0,
            "book_valuer_per_share_4q_avg": 5.66,
            "equity": 358785,
            "current_ratio": 304.59,
            "debt_ratio": 26.37,
            "inventory_turnover_ratio": 1.19,
            "account_receivable_turnover_ratio": 4.25,
            "reinvestment_rate": null,
            "research_to_sale_ratio": null,
            "price_fair": 0,
            "eps_avg_yearly": 0,
            "eps_latest_yearly": 0,
            "eps_growth_yearly": 0
        },
        "20103": {
            "year_quarter": 20103,
            "year": 2010,
            "quarter": 3,
            "eps": null,
            "eps_growth_year": null,
            "eps_4q": null,
            "eps_4q_growth_year": null,
            "roe": null,
            "roe_4q": 6.51,
            "gross_profit": 57085,
            "gross_margin": null,
            "gross_margin_4q_avg": 8.48,
            "net_income": 24232,
            "revenue": 144458,
            "common_shares": 300000,
            "book_valuer_per_share": 12.76,
            "book_valuer_per_share_4q_avg": 8.85,
            "equity": 382793,
            "current_ratio": 385.12,
            "debt_ratio": 20.95,
            "inventory_turnover_ratio": null,
            "account_receivable_turnover_ratio": null,
            "reinvestment_rate": null,
            "research_to_sale_ratio": null,
            "price_fair": 0,
            "eps_avg_yearly": 0,
            "eps_latest_yearly": 0,
            "eps_growth_yearly": 0
        },
        "20104": {
            "year_quarter": 20104,
            "year": 2010,
            "quarter": 4,
            "eps": null,
            "eps_growth_year": null,
            "eps_4q": null,
            "eps_4q_growth_year": null,
            "roe": null,
            "roe_4q": 6.51,
            "gross_profit": 48890,
            "gross_margin": null,
            "gross_margin_4q_avg": 8.48,
            "net_income": 5581,
            "revenue": 135597,
            "common_shares": 300000,
            "book_valuer_per_share": 12.94,
            "book_valuer_per_share_4q_avg": 9.34,
            "equity": 388222,
            "current_ratio": 413.16,
            "debt_ratio": 19.44,
            "inventory_turnover_ratio": null,
            "account_receivable_turnover_ratio": null,
            "reinvestment_rate": null,
            "research_to_sale_ratio": null,
            "price_fair": 0,
            "eps_avg_yearly": 0,
            "eps_latest_yearly": 0,
            "eps_growth_yearly": 0
        },
        "20111": {
            "year_quarter": 20111,
            "year": 2011,
            "quarter": 1,
            "eps": null,
            "eps_growth_year": null,
            "eps_4q": null,
            "eps_4q_growth_year": null,
            "roe": null,
            "roe_4q": 6.51,
            "gross_profit": 50992,
            "gross_margin": null,
            "gross_margin_4q_avg": 8.48,
            "net_income": 19403,
            "revenue": 148053,
            "common_shares": 300748,
            "book_valuer_per_share": 13.58,
            "book_valuer_per_share_4q_avg": 9.82,
            "equity": 408467,
            "current_ratio": 377.8,
            "debt_ratio": 21.96,
            "inventory_turnover_ratio": null,
            "account_receivable_turnover_ratio": null,
            "reinvestment_rate": null,
            "research_to_sale_ratio": null,
            "price_fair": 0,
            "eps_avg_yearly": 0,
            "eps_latest_yearly": 0,
            "eps_growth_yearly": 0
        },
        "20112": {
            "year_quarter": 20112,
            "year": 2011,
            "quarter": 2,
            "eps": 0.15,
            "eps_growth_year": -81.12,
            "eps_4q": 0.15,
            "eps_4q_growth_year": null,
            "roe": 1.15,
            "roe_4q": 1.15,
            "gross_profit": 41684,
            "gross_margin": 34.06,
            "gross_margin_4q_avg": 8.52,
            "net_income": 4369,
            "revenue": 122396,
            "common_shares": 300748,
            "book_valuer_per_share": 11.74,
            "book_valuer_per_share_4q_avg": 12.76,
            "equity": 352996,
            "current_ratio": 241.16,
            "debt_ratio": 32.9,
            "inventory_turnover_ratio": 0.67,
            "account_receivable_turnover_ratio": 4.93,
            "reinvestment_rate": null,
            "research_to_sale_ratio": null,
            "price_fair": 0,
            "eps_avg_yearly": 0,
            "eps_latest_yearly": 0,
            "eps_growth_yearly": 0
        },
        "20113": {
            "year_quarter": 20113,
            "year": 2011,
            "quarter": 3,
            "eps": 0.05,
            "eps_growth_year": null,
            "eps_4q": 0.19,
            "eps_4q_growth_year": null,
            "roe": 0.41,
            "roe_4q": 1.5599999999999998,
            "gross_profit": 48271,
            "gross_margin": 32.29,
            "gross_margin_4q_avg": 16.59,
            "net_income": 1452,
            "revenue": 149507,
            "common_shares": 301072,
            "book_valuer_per_share": 11.79,
            "book_valuer_per_share_4q_avg": 12.51,
            "equity": 355465,
            "current_ratio": 352.09,
            "debt_ratio": 22.89,
            "inventory_turnover_ratio": 0.78,
            "account_receivable_turnover_ratio": 2.31,
            "reinvestment_rate": null,
            "research_to_sale_ratio": 5.35,
            "price_fair": 0.6,
            "eps_avg_yearly": 0.2,
            "eps_latest_yearly": 0.2,
            "eps_growth_yearly": -266.67
        },
        "20114": {
            "year_quarter": 20114,
            "year": 2011,
            "quarter": 4,
            "eps": 0.48,
            "eps_growth_year": null,
            "eps_4q": 0.68,
            "eps_4q_growth_year": null,
            "roe": 4.04,
            "roe_4q": 5.6,
            "gross_profit": 44274,
            "gross_margin": 33.26,
            "gross_margin_4q_avg": 24.9,
            "net_income": 14686,
            "revenue": 133111,
            "common_shares": 301624,
            "book_valuer_per_share": 12.26,
            "book_valuer_per_share_4q_avg": 12.34,
            "equity": 371420,
            "current_ratio": 458.7,
            "debt_ratio": 17.67,
            "inventory_turnover_ratio": 0.71,
            "account_receivable_turnover_ratio": 1.97,
            "reinvestment_rate": null,
            "research_to_sale_ratio": 7.11,
            "price_fair": 37.1,
            "eps_avg_yearly": 1.06,
            "eps_latest_yearly": 1.92,
            "eps_growth_yearly": 1586.67
        },
        "20121": {
            "year_quarter": 20121,
            "year": 2012,
            "quarter": 1,
            "eps": 0.28,
            "eps_growth_year": null,
            "eps_4q": 0.95,
            "eps_4q_growth_year": null,
            "roe": 2.22,
            "roe_4q": 7.82,
            "gross_profit": 38655,
            "gross_margin": 32.22,
            "gross_margin_4q_avg": 32.96,
            "net_income": 8328,
            "revenue": 119974,
            "common_shares": 303413,
            "book_valuer_per_share": 12.53,
            "book_valuer_per_share_4q_avg": 12.08,
            "equity": 380159,
            "current_ratio": 480.65,
            "debt_ratio": 16.98,
            "inventory_turnover_ratio": 0.7,
            "account_receivable_turnover_ratio": 2.14,
            "reinvestment_rate": null,
            "research_to_sale_ratio": 6.83,
            "price_fair": 37.8,
            "eps_avg_yearly": 1.08,
            "eps_latest_yearly": 1.12,
            "eps_growth_yearly": 1002.22
        },
        "20122": {
            "year_quarter": 20122,
            "year": 2012,
            "quarter": 2,
            "eps": 0.08,
            "eps_growth_year": -43.02,
            "eps_4q": 0.81,
            "eps_4q_growth_year": 455.72,
            "roe": 0.71,
            "roe_4q": 7.380000000000001,
            "gross_profit": 37500,
            "gross_margin": 30.08,
            "gross_margin_4q_avg": 31.96,
            "net_income": 2795,
            "revenue": 124686,
            "common_shares": 338083,
            "book_valuer_per_share": 12.07,
            "book_valuer_per_share_4q_avg": 12.16,
            "equity": 408144,
            "current_ratio": 366.92,
            "debt_ratio": 23.03,
            "inventory_turnover_ratio": 0.79,
            "account_receivable_turnover_ratio": 2.04,
            "reinvestment_rate": null,
            "research_to_sale_ratio": 8.31,
            "price_fair": 31.15,
            "eps_avg_yearly": 0.89,
            "eps_latest_yearly": 0.32,
            "eps_growth_yearly": 680.24
        },
        "20123": {
            "year_quarter": 20123,
            "year": 2012,
            "quarter": 3,
            "eps": 0.29,
            "eps_growth_year": 508.45,
            "eps_4q": 1.05,
            "eps_4q_growth_year": 446.4,
            "roe": 2.4,
            "roe_4q": 9.370000000000001,
            "gross_profit": 43089,
            "gross_margin": 28.37,
            "gross_margin_4q_avg": 30.98,
            "net_income": 9926,
            "revenue": 151857,
            "common_shares": 338848,
            "book_valuer_per_share": 12.36,
            "book_valuer_per_share_4q_avg": 12.31,
            "equity": 418947,
            "current_ratio": 434.34,
            "debt_ratio": 19.6,
            "inventory_turnover_ratio": 1,
            "account_receivable_turnover_ratio": 2.13,
            "reinvestment_rate": null,
            "research_to_sale_ratio": 6.95,
            "price_fair": 33.04,
            "eps_avg_yearly": 0.94,
            "eps_latest_yearly": 1.16,
            "eps_growth_yearly": 754.19
        },
        "20124": {
            "year_quarter": 20124,
            "year": 2012,
            "quarter": 4,
            "eps": 0.33,
            "eps_growth_year": -32.18,
            "eps_4q": 0.95,
            "eps_4q_growth_year": 40.31,
            "roe": 2.62,
            "roe_4q": 7.949999999999999,
            "gross_profit": 41991,
            "gross_margin": 32.43,
            "gross_margin_4q_avg": 30.78,
            "net_income": 11143,
            "revenue": 129468,
            "common_shares": 339060,
            "book_valuer_per_share": 12.69,
            "book_valuer_per_share_4q_avg": 12.41,
            "equity": 430203,
            "current_ratio": 530.4,
            "debt_ratio": 15.99,
            "inventory_turnover_ratio": 0.8,
            "account_receivable_turnover_ratio": 1.82,
            "reinvestment_rate": null,
            "research_to_sale_ratio": 7.45,
            "price_fair": 35.23,
            "eps_avg_yearly": 1.01,
            "eps_latest_yearly": 1.32,
            "eps_growth_yearly": 637.69
        },
        "20131": {
            "year_quarter": 20131,
            "year": 2013,
            "quarter": 1,
            "eps": 0.23,
            "eps_growth_year": -17.86,
            "eps_4q": 0.93,
            "eps_4q_growth_year": -1.8,
            "roe": 1.79,
            "roe_4q": 7.5200000000000005,
            "gross_profit": 36981,
            "gross_margin": 28.91,
            "gross_margin_4q_avg": 29.95,
            "net_income": 7787,
            "revenue": 127924,
            "common_shares": 339237,
            "book_valuer_per_share": 12.94,
            "book_valuer_per_share_4q_avg": 12.52,
            "equity": 438932,
            "current_ratio": 450.91,
            "debt_ratio": 18.07,
            "inventory_turnover_ratio": 0.86,
            "account_receivable_turnover_ratio": 2.09,
            "reinvestment_rate": null,
            "research_to_sale_ratio": 8.51,
            "price_fair": 34.8,
            "eps_avg_yearly": 0.99,
            "eps_latest_yearly": 0.92,
            "eps_growth_yearly": 529.27
        },
        "20132": {
            "year_quarter": 20132,
            "year": 2013,
            "quarter": 2,
            "eps": 0.49,
            "eps_growth_year": 492.7,
            "eps_4q": 1.34,
            "eps_4q_growth_year": 66.26,
            "roe": 3.87,
            "roe_4q": 10.680000000000001,
            "gross_profit": 52530,
            "gross_margin": 36.46,
            "gross_margin_4q_avg": 31.54,
            "net_income": 16639,
            "revenue": 144057,
            "common_shares": 339237,
            "book_valuer_per_share": 12.43,
            "book_valuer_per_share_4q_avg": 12.61,
            "equity": 421779,
            "current_ratio": 324.7,
            "debt_ratio": 25.03,
            "inventory_turnover_ratio": 0.94,
            "account_receivable_turnover_ratio": 1.98,
            "reinvestment_rate": null,
            "research_to_sale_ratio": 7.99,
            "price_fair": 39.03,
            "eps_avg_yearly": 1.12,
            "eps_latest_yearly": 1.96,
            "eps_growth_yearly": 519.64
        },
        "20133": {
            "year_quarter": 20133,
            "year": 2013,
            "quarter": 3,
            "eps": 0.16,
            "eps_growth_year": -45.36,
            "eps_4q": 1.21,
            "eps_4q_growth_year": 14.55,
            "roe": 1.28,
            "roe_4q": 9.56,
            "gross_profit": 39385,
            "gross_margin": 33.8,
            "gross_margin_4q_avg": 32.9,
            "net_income": 5444,
            "revenue": 116535,
            "common_shares": 339567,
            "book_valuer_per_share": 12.59,
            "book_valuer_per_share_4q_avg": 12.66,
            "equity": 427416,
            "current_ratio": 341.32,
            "debt_ratio": 24.05,
            "inventory_turnover_ratio": 0.83,
            "account_receivable_turnover_ratio": 1.55,
            "reinvestment_rate": null,
            "research_to_sale_ratio": 8.48,
            "price_fair": 37.18,
            "eps_avg_yearly": 1.06,
            "eps_latest_yearly": 0.64,
            "eps_growth_yearly": 431.97
        },
        "20134": {
            "year_quarter": 20134,
            "year": 2013,
            "quarter": 4,
            "eps": 0.43,
            "eps_growth_year": 30.18,
            "eps_4q": 1.3,
            "eps_4q_growth_year": 37.29,
            "roe": 3.35,
            "roe_4q": 10.29,
            "gross_profit": 49553,
            "gross_margin": 31.93,
            "gross_margin_4q_avg": 32.78,
            "net_income": 14594,
            "revenue": 155188,
            "common_shares": 340110,
            "book_valuer_per_share": 13.01,
            "book_valuer_per_share_4q_avg": 12.74,
            "equity": 443611,
            "current_ratio": 352.73,
            "debt_ratio": 23.67,
            "inventory_turnover_ratio": 1.1,
            "account_receivable_turnover_ratio": 2.42,
            "reinvestment_rate": -8.83,
            "research_to_sale_ratio": 6.65,
            "price_fair": 39.48,
            "eps_avg_yearly": 1.13,
            "eps_latest_yearly": 1.72,
            "eps_growth_yearly": 456.27
        },
        "20141": {
            "year_quarter": 20141,
            "year": 2014,
            "quarter": 1,
            "eps": 0.69,
            "eps_growth_year": 200,
            "eps_4q": 1.77,
            "eps_4q_growth_year": 89.59,
            "roe": 5.19,
            "roe_4q": 13.690000000000001,
            "gross_profit": 62529,
            "gross_margin": 27.43,
            "gross_margin_4q_avg": 32.41,
            "net_income": 23662,
            "revenue": 227966,
            "common_shares": 340110,
            "book_valuer_per_share": 13.71,
            "book_valuer_per_share_4q_avg": 12.94,
            "equity": 467516,
            "current_ratio": 370.59,
            "debt_ratio": 22.48,
            "inventory_turnover_ratio": 1.47,
            "account_receivable_turnover_ratio": 3.2,
            "reinvestment_rate": 0.21,
            "research_to_sale_ratio": 5.19,
            "price_fair": 44.67,
            "eps_avg_yearly": 1.28,
            "eps_latest_yearly": 2.76,
            "eps_growth_yearly": 436.78
        },
        "20142": {
            "year_quarter": 20142,
            "year": 2014,
            "quarter": 2,
            "eps": 0.89,
            "eps_growth_year": 81.63,
            "eps_4q": 2.17,
            "eps_4q_growth_year": 61.99,
            "roe": 6.58,
            "roe_4q": 16.4,
            "gross_profit": 81558,
            "gross_margin": 36.94,
            "gross_margin_4q_avg": 32.53,
            "net_income": 30427,
            "revenue": 220789,
            "common_shares": 341057,
            "book_valuer_per_share": 13.39,
            "book_valuer_per_share_4q_avg": 13.18,
            "equity": 457058,
            "current_ratio": 290.64,
            "debt_ratio": 29,
            "inventory_turnover_ratio": 1.07,
            "account_receivable_turnover_ratio": 2.39,
            "reinvestment_rate": -6.42,
            "research_to_sale_ratio": 6.71,
            "price_fair": 51.33,
            "eps_avg_yearly": 1.47,
            "eps_latest_yearly": 3.56,
            "eps_growth_yearly": 410.04
        },
        "20143": {
            "year_quarter": 20143,
            "year": 2014,
            "quarter": 3,
            "eps": 0.72,
            "eps_growth_year": 350,
            "eps_4q": 2.73,
            "eps_4q_growth_year": 126.08,
            "roe": 5.22,
            "roe_4q": 20.340000000000003,
            "gross_profit": 66978,
            "gross_margin": 35.15,
            "gross_margin_4q_avg": 32.86,
            "net_income": 24506,
            "revenue": 190570,
            "common_shares": 341311,
            "book_valuer_per_share": 14.12,
            "book_valuer_per_share_4q_avg": 13.56,
            "equity": 481898,
            "current_ratio": 374.76,
            "debt_ratio": 22.4,
            "inventory_turnover_ratio": 0.87,
            "account_receivable_turnover_ratio": 1.8,
            "reinvestment_rate": 0.77,
            "research_to_sale_ratio": 6.31,
            "price_fair": 55.14,
            "eps_avg_yearly": 1.58,
            "eps_latest_yearly": 2.88,
            "eps_growth_yearly": 372.62
        },
        "20144": {
            "year_quarter": 20144,
            "year": 2014,
            "quarter": 4,
            "eps": 1.03,
            "eps_growth_year": 140.09,
            "eps_4q": 3.33,
            "eps_4q_growth_year": 155.46,
            "roe": 7.02,
            "roe_4q": 24.01,
            "gross_profit": 75794,
            "gross_margin": 38.19,
            "gross_margin_4q_avg": 34.43,
            "net_income": 35058,
            "revenue": 198475,
            "common_shares": 341311,
            "book_valuer_per_share": 15.15,
            "book_valuer_per_share_4q_avg": 14.09,
            "equity": 517077,
            "current_ratio": 373.94,
            "debt_ratio": 22.76,
            "inventory_turnover_ratio": 0.82,
            "account_receivable_turnover_ratio": 1.98,
            "reinvestment_rate": -7.38,
            "research_to_sale_ratio": 6.43,
            "price_fair": 61.5,
            "eps_avg_yearly": 1.76,
            "eps_latest_yearly": 4.12,
            "eps_growth_yearly": 358.31
        },
        "20151": {
            "year_quarter": 20151,
            "year": 2015,
            "quarter": 1,
            "eps": 0.86,
            "eps_growth_year": 24.64,
            "eps_4q": 3.49,
            "eps_4q_growth_year": 97.57,
            "roe": 5.51,
            "roe_4q": 24.33,
            "gross_profit": 79936,
            "gross_margin": 35.8,
            "gross_margin_4q_avg": 36.52,
            "net_income": 29276,
            "revenue": 223281,
            "common_shares": 341311,
            "book_valuer_per_share": 16,
            "book_valuer_per_share_4q_avg": 14.67,
            "equity": 546221,
            "current_ratio": 378.04,
            "debt_ratio": 22.59,
            "inventory_turnover_ratio": 0.98,
            "account_receivable_turnover_ratio": 2.35,
            "reinvestment_rate": 0.52,
            "research_to_sale_ratio": 6.21,
            "price_fair": 65.43,
            "eps_avg_yearly": 1.87,
            "eps_latest_yearly": 3.44,
            "eps_growth_yearly": 330.02
        },
        "20152": {
            "year_quarter": 20152,
            "year": 2015,
            "quarter": 2,
            "eps": 0.75,
            "eps_growth_year": -15.73,
            "eps_4q": 3.35,
            "eps_4q_growth_year": 54.44,
            "roe": 5.05,
            "roe_4q": 22.799999999999997,
            "gross_profit": 72311,
            "gross_margin": 34.29,
            "gross_margin_4q_avg": 35.86,
            "net_income": 25635,
            "revenue": 210873,
            "common_shares": 341311,
            "book_valuer_per_share": 13.75,
            "book_valuer_per_share_4q_avg": 14.76,
            "equity": 469317,
            "current_ratio": 224.87,
            "debt_ratio": 38.56,
            "inventory_turnover_ratio": 0.94,
            "account_receivable_turnover_ratio": 1.91,
            "reinvestment_rate": -0.8,
            "research_to_sale_ratio": 5.87,
            "price_fair": 67.9,
            "eps_avg_yearly": 1.94,
            "eps_latest_yearly": 3,
            "eps_growth_yearly": 306.2
        },
        "20153": {
            "year_quarter": 20153,
            "year": 2015,
            "quarter": 3,
            "eps": 0.75,
            "eps_growth_year": 4.17,
            "eps_4q": 3.39,
            "eps_4q_growth_year": 24.13,
            "roe": 5.33,
            "roe_4q": 22.909999999999997,
            "gross_profit": 62971,
            "gross_margin": 32.24,
            "gross_margin_4q_avg": 35.13,
            "net_income": 25709,
            "revenue": 195347,
            "common_shares": 341311,
            "book_valuer_per_share": 14.52,
            "book_valuer_per_share_4q_avg": 14.86,
            "equity": 495607,
            "current_ratio": 360.75,
            "debt_ratio": 23.51,
            "inventory_turnover_ratio": 0.82,
            "account_receivable_turnover_ratio": 1.61,
            "reinvestment_rate": -0.51,
            "research_to_sale_ratio": 6.57,
            "price_fair": 74.03,
            "eps_avg_yearly": 2.12,
            "eps_latest_yearly": 3,
            "eps_growth_yearly": 322.86
        },
        "20154": {
            "year_quarter": 20154,
            "year": 2015,
            "quarter": 4,
            "eps": 0.45,
            "eps_growth_year": -56.13,
            "eps_4q": 2.81,
            "eps_4q_growth_year": -15.53,
            "roe": 3.06,
            "roe_4q": 18.950000000000003,
            "gross_profit": 58057,
            "gross_margin": 33.38,
            "gross_margin_4q_avg": 33.93,
            "net_income": 15379,
            "revenue": 173917,
            "common_shares": 341311,
            "book_valuer_per_share": 14.97,
            "book_valuer_per_share_4q_avg": 14.81,
            "equity": 511042,
            "current_ratio": 545.06,
            "debt_ratio": 48.72,
            "inventory_turnover_ratio": 0.71,
            "account_receivable_turnover_ratio": 1.73,
            "reinvestment_rate": -3.89,
            "research_to_sale_ratio": 7.52,
            "price_fair": 73.76,
            "eps_avg_yearly": 2.11,
            "eps_latest_yearly": 1.8,
            "eps_growth_yearly": 97.86
        },
        "20161": {
            "year_quarter": 20161,
            "year": 2016,
            "quarter": 1,
            "eps": 0.56,
            "eps_growth_year": -34.88,
            "eps_4q": 2.52,
            "eps_4q_growth_year": -27.95,
            "roe": 3.63,
            "roe_4q": 17.07,
            "gross_profit": 70715,
            "gross_margin": 27.44,
            "gross_margin_4q_avg": 31.84,
            "net_income": 19203,
            "revenue": 257668,
            "common_shares": 341311,
            "book_valuer_per_share": 16.06,
            "book_valuer_per_share_4q_avg": 14.83,
            "equity": 548314,
            "current_ratio": 384.21,
            "debt_ratio": 52.23,
            "inventory_turnover_ratio": 1.07,
            "account_receivable_turnover_ratio": 2.31,
            "reinvestment_rate": 49.92,
            "research_to_sale_ratio": 6.82,
            "price_fair": 76.21,
            "eps_avg_yearly": 2.18,
            "eps_latest_yearly": 2.24,
            "eps_growth_yearly": 114.39
        },
        "20162": {
            "year_quarter": 20162,
            "year": 2016,
            "quarter": 2,
            "eps": 0.46,
            "eps_growth_year": -38.67,
            "eps_4q": 2.23,
            "eps_4q_growth_year": -33.47,
            "roe": 3.09,
            "roe_4q": 15.11,
            "gross_profit": 70263,
            "gross_margin": 35.62,
            "gross_margin_4q_avg": 32.17,
            "net_income": 15865,
            "revenue": 197280,
            "common_shares": 341311,
            "book_valuer_per_share": 14.03,
            "book_valuer_per_share_4q_avg": 14.9,
            "equity": 479019,
            "current_ratio": 272.4,
            "debt_ratio": 58.52,
            "inventory_turnover_ratio": 0.66,
            "account_receivable_turnover_ratio": 1.48,
            "reinvestment_rate": 47.83,
            "research_to_sale_ratio": 7.9,
            "price_fair": 79.54,
            "eps_avg_yearly": 2.27,
            "eps_latest_yearly": 1.84,
            "eps_growth_yearly": 127.78
        },
        "20163": {
            "year_quarter": 20163,
            "year": 2016,
            "quarter": 3,
            "eps": 0.51,
            "eps_growth_year": -32,
            "eps_4q": 1.98,
            "eps_4q_growth_year": -41.44,
            "roe": 3.54,
            "roe_4q": 13.32,
            "gross_profit": 75578,
            "gross_margin": 36.72,
            "gross_margin_4q_avg": 33.29,
            "net_income": 17289,
            "revenue": 205841,
            "common_shares": 341311,
            "book_valuer_per_share": 14.57,
            "book_valuer_per_share_4q_avg": 14.91,
            "equity": 497140,
            "current_ratio": 382.45,
            "debt_ratio": 53.93,
            "inventory_turnover_ratio": 0.7,
            "account_receivable_turnover_ratio": 1.61,
            "reinvestment_rate": 48.91,
            "research_to_sale_ratio": 7.58,
            "price_fair": 81.46,
            "eps_avg_yearly": 2.33,
            "eps_latest_yearly": 2.04,
            "eps_growth_yearly": 64.88
        },
        "20164": {
            "year_quarter": 20164,
            "year": 2016,
            "quarter": 4,
            "eps": 0.4,
            "eps_growth_year": -11.92,
            "eps_4q": 1.93,
            "eps_4q_growth_year": -31.35,
            "roe": 2.69,
            "roe_4q": 12.95,
            "gross_profit": 61306,
            "gross_margin": 27.42,
            "gross_margin_4q_avg": 31.8,
            "net_income": 13546,
            "revenue": 223588,
            "common_shares": 341311,
            "book_valuer_per_share": 14.97,
            "book_valuer_per_share_4q_avg": 14.91,
            "equity": 510870,
            "current_ratio": 366.51,
            "debt_ratio": 54.03,
            "inventory_turnover_ratio": 0.94,
            "account_receivable_turnover_ratio": 1.69,
            "reinvestment_rate": 0.59,
            "research_to_sale_ratio": 7.92,
            "price_fair": 82.08,
            "eps_avg_yearly": 2.35,
            "eps_latest_yearly": 1.6,
            "eps_growth_yearly": 56.04
        },
        "20171": {
            "year_quarter": 20171,
            "year": 2017,
            "quarter": 1,
            "eps": 0.54,
            "eps_growth_year": -3.57,
            "eps_4q": 1.9,
            "eps_4q_growth_year": -24.33,
            "roe": 3.52,
            "roe_4q": 12.84,
            "gross_profit": 82668,
            "gross_margin": 33.12,
            "gross_margin_4q_avg": 33.22,
            "net_income": 18317,
            "revenue": 249568,
            "common_shares": 341311,
            "book_valuer_per_share": 15.52,
            "book_valuer_per_share_4q_avg": 14.77,
            "equity": 529879,
            "current_ratio": 316.79,
            "debt_ratio": 54.73,
            "inventory_turnover_ratio": 0.96,
            "account_receivable_turnover_ratio": 1.79,
            "reinvestment_rate": 1.07,
            "research_to_sale_ratio": 7.6,
            "price_fair": 84.79,
            "eps_avg_yearly": 2.42,
            "eps_latest_yearly": 2.16,
            "eps_growth_yearly": 72.36
        },
        "20172": {
            "year_quarter": 20172,
            "year": 2017,
            "quarter": 2,
            "eps": 0.99,
            "eps_growth_year": 115.22,
            "eps_4q": 2.42,
            "eps_4q_growth_year": 8.65,
            "roe": 6.52,
            "roe_4q": 16.27,
            "gross_profit": 93169,
            "gross_margin": 32.81,
            "gross_margin_4q_avg": 32.52,
            "net_income": 33748,
            "revenue": 283957,
            "common_shares": 341963,
            "book_valuer_per_share": 14.77,
            "book_valuer_per_share_4q_avg": 14.96,
            "equity": 505160,
            "current_ratio": 121.33,
            "debt_ratio": 61.47,
            "inventory_turnover_ratio": 1.01,
            "account_receivable_turnover_ratio": 1.82,
            "reinvestment_rate": 38.84,
            "research_to_sale_ratio": 7.42,
            "price_fair": 89.16,
            "eps_avg_yearly": 2.55,
            "eps_latest_yearly": 3.96,
            "eps_growth_yearly": 64.93
        },
        "20173": {
            "year_quarter": 20173,
            "year": 2017,
            "quarter": 3,
            "eps": 0.65,
            "eps_growth_year": 27.45,
            "eps_4q": 2.55,
            "eps_4q_growth_year": 28.56,
            "roe": 4.26,
            "roe_4q": 16.99,
            "gross_profit": 88252,
            "gross_margin": 34.41,
            "gross_margin_4q_avg": 31.94,
            "net_income": 22168,
            "revenue": 256444,
            "common_shares": 341963,
            "book_valuer_per_share": 15.64,
            "book_valuer_per_share_4q_avg": 15.23,
            "equity": 535010,
            "current_ratio": 130.34,
            "debt_ratio": 57.38,
            "inventory_turnover_ratio": 0.87,
            "account_receivable_turnover_ratio": 1.57,
            "reinvestment_rate": 37.56,
            "research_to_sale_ratio": 8.39,
            "price_fair": 93.45,
            "eps_avg_yearly": 2.67,
            "eps_latest_yearly": 2.6,
            "eps_growth_yearly": 73.18
        },
        "20174": {
            "year_quarter": 20174,
            "year": 2017,
            "quarter": 4,
            "eps": 0.46,
            "eps_growth_year": 16.35,
            "eps_4q": 2.6,
            "eps_4q_growth_year": 34.69,
            "roe": 2.94,
            "roe_4q": 17.24,
            "gross_profit": 71794,
            "gross_margin": 32.11,
            "gross_margin_4q_avg": 33.11,
            "net_income": 16026,
            "revenue": 223590,
            "common_shares": 344043,
            "book_valuer_per_share": 16.1,
            "book_valuer_per_share_4q_avg": 15.51,
            "equity": 556526,
            "current_ratio": 136.03,
            "debt_ratio": 55.38,
            "inventory_turnover_ratio": 0.84,
            "account_receivable_turnover_ratio": 1.52,
            "reinvestment_rate": 37.53,
            "research_to_sale_ratio": 7.5,
            "price_fair": 90.2,
            "eps_avg_yearly": 2.68,
            "eps_latest_yearly": 1.84,
            "eps_growth_yearly": 23.69
        },
        "20181": {
            "year_quarter": 20181,
            "year": 2018,
            "quarter": 1,
            "eps": 0.45,
            "eps_growth_year": -16.67,
            "eps_4q": 2.37,
            "eps_4q_growth_year": 24.65,
            "roe": 2.58,
            "roe_4q": 16.299999999999997,
            "gross_profit": 73486,
            "gross_margin": 31.53,
            "gross_margin_4q_avg": 32.72,
            "net_income": 15563,
            "revenue": 233062,
            "common_shares": 345766,
            "book_valuer_per_share": 17.63,
            "book_valuer_per_share_4q_avg": 16.04,
            "equity": 649559,
            "current_ratio": 158.2,
            "debt_ratio": 50.08,
            "inventory_turnover_ratio": 0.86,
            "account_receivable_turnover_ratio": 1.59,
            "reinvestment_rate": 36.85,
            "research_to_sale_ratio": 8.45,
            "price_fair": 47.19,
            "eps_avg_yearly": 2.62,
            "eps_latest_yearly": 1.8,
            "eps_growth_yearly": 8.03
        },
        "20182": {
            "year_quarter": 20182,
            "year": 2018,
            "quarter": 2,
            "eps": 0.47,
            "eps_growth_year": -52.53,
            "eps_4q": 1.92,
            "eps_4q_growth_year": -20.66,
            "roe": 2.79,
            "roe_4q": 12.57,
            "gross_profit": 69386,
            "gross_margin": 31.47,
            "gross_margin_4q_avg": 32.38,
            "net_income": 17232,
            "revenue": 220516,
            "common_shares": 368394,
            "book_valuer_per_share": 15.86,
            "book_valuer_per_share_4q_avg": 16.31,
            "equity": 585389,
            "current_ratio": 137.93,
            "debt_ratio": 55.07,
            "inventory_turnover_ratio": 0.77,
            "account_receivable_turnover_ratio": 1.34,
            "reinvestment_rate": 37.24,
            "research_to_sale_ratio": 8.73,
            "price_fair": 29.88,
            "eps_avg_yearly": 2.51,
            "eps_latest_yearly": 1.88,
            "eps_growth_yearly": 1.89
        },
        "20183": {
            "year_quarter": 20183,
            "year": 2018,
            "quarter": 3,
            "eps": 0.45,
            "eps_growth_year": -30.77,
            "eps_4q": 1.76,
            "eps_4q_growth_year": -30.87,
            "roe": 2.77,
            "roe_4q": 11.08,
            "gross_profit": 77489,
            "gross_margin": 33.58,
            "gross_margin_4q_avg": 32.17,
            "net_income": 16487,
            "revenue": 230747,
            "common_shares": 369070,
            "book_valuer_per_share": 16.38,
            "book_valuer_per_share_4q_avg": 16.49,
            "equity": 606453,
            "current_ratio": 145.57,
            "debt_ratio": 52.2,
            "inventory_turnover_ratio": 0.68,
            "account_receivable_turnover_ratio": 1.38,
            "reinvestment_rate": 37.64,
            "research_to_sale_ratio": 8.26,
            "price_fair": 38.16,
            "eps_avg_yearly": 2.45,
            "eps_latest_yearly": 1.8,
            "eps_growth_yearly": 5.61
        },
        "20184": {
            "year_quarter": 20184,
            "year": 2018,
            "quarter": 4,
            "eps": 1.24,
            "eps_growth_year": 169.55,
            "eps_4q": 2.43,
            "eps_4q_growth_year": -6.4,
            "roe": 7.32,
            "roe_4q": 15.459999999999999,
            "gross_profit": 122109,
            "gross_margin": 35.1,
            "gross_margin_4q_avg": 32.92,
            "net_income": 51562,
            "revenue": 347883,
            "common_shares": 370269,
            "book_valuer_per_share": 19.36,
            "book_valuer_per_share_4q_avg": 17.31,
            "equity": 801987,
            "current_ratio": 218.98,
            "debt_ratio": 39.49,
            "inventory_turnover_ratio": 0.91,
            "account_receivable_turnover_ratio": 1.94,
            "reinvestment_rate": 37.17,
            "research_to_sale_ratio": 5.9,
            "price_fair": 87.41,
            "eps_avg_yearly": 2.5,
            "eps_latest_yearly": 4.96,
            "eps_growth_yearly": 38.73
        },
        "20191": {
            "year_quarter": 20191,
            "year": 2019,
            "quarter": 1,
            "eps": 1.03,
            "eps_growth_year": 128.89,
            "eps_4q": 3.08,
            "eps_4q_growth_year": 29.8,
            "roe": 5.16,
            "roe_4q": 18.04,
            "gross_profit": 112444,
            "gross_margin": 35.68,
            "gross_margin_4q_avg": 33.96,
            "net_income": 42543,
            "revenue": 315126,
            "common_shares": 414250,
            "book_valuer_per_share": 20.4,
            "book_valuer_per_share_4q_avg": 18,
            "equity": 845899,
            "current_ratio": 253.4,
            "debt_ratio": 35.59,
            "inventory_turnover_ratio": 0.89,
            "account_receivable_turnover_ratio": 1.61,
            "reinvestment_rate": 34.88,
            "research_to_sale_ratio": 6.46,
            "price_fair": 88.9,
            "eps_avg_yearly": 2.54,
            "eps_latest_yearly": 4.12,
            "eps_growth_yearly": 38.62
        },
        "20192": {
            "year_quarter": 20192,
            "year": 2019,
            "quarter": 2,
            "eps": 0.91,
            "eps_growth_year": 93.62,
            "eps_4q": 3.57,
            "eps_4q_growth_year": 85.65,
            "roe": 4.58,
            "roe_4q": 19.830000000000002,
            "gross_profit": 109367,
            "gross_margin": 37.13,
            "gross_margin_4q_avg": 35.37,
            "net_income": 37573,
            "revenue": 294516,
            "common_shares": 414720,
            "book_valuer_per_share": 19.17,
            "book_valuer_per_share_4q_avg": 18.83,
            "equity": 795283,
            "current_ratio": 197.64,
            "debt_ratio": 42.34,
            "inventory_turnover_ratio": 0.81,
            "account_receivable_turnover_ratio": 1.45,
            "reinvestment_rate": 34.81,
            "research_to_sale_ratio": 7.74,
            "price_fair": 90.3,
            "eps_avg_yearly": 2.58,
            "eps_latest_yearly": 3.64,
            "eps_growth_yearly": 38.91
        },
        "20193": {
            "year_quarter": 20193,
            "year": 2019,
            "quarter": 3,
            "eps": 1.03,
            "eps_growth_year": 128.89,
            "eps_4q": 4.21,
            "eps_4q_growth_year": 138.58,
            "roe": 5.26,
            "roe_4q": 22.32,
            "gross_profit": 124082,
            "gross_margin": 36.06,
            "gross_margin_4q_avg": 35.99,
            "net_income": 42938,
            "revenue": 344123,
            "common_shares": 414930,
            "book_valuer_per_share": 20.21,
            "book_valuer_per_share_4q_avg": 19.79,
            "equity": 838599,
            "current_ratio": 228.52,
            "debt_ratio": 38.16,
            "inventory_turnover_ratio": 0.81,
            "account_receivable_turnover_ratio": 1.66,
            "reinvestment_rate": 33.71,
            "research_to_sale_ratio": 5.34,
            "price_fair": 92.75,
            "eps_avg_yearly": 2.65,
            "eps_latest_yearly": 4.12,
            "eps_growth_yearly": 42.2
        },
        "20194": {
            "year_quarter": 20194,
            "year": 2019,
            "quarter": 4,
            "eps": 1.17,
            "eps_growth_year": -5.74,
            "eps_4q": 4.13,
            "eps_4q_growth_year": 69.5,
            "roe": 5.65,
            "roe_4q": 20.65,
            "gross_profit": 129167,
            "gross_margin": 35.49,
            "gross_margin_4q_avg": 36.09,
            "net_income": 48895,
            "revenue": 363909,
            "common_shares": 414960,
            "book_valuer_per_share": 21.38,
            "book_valuer_per_share_4q_avg": 20.29,
            "equity": 890969,
            "current_ratio": 257.38,
            "debt_ratio": 35.3,
            "inventory_turnover_ratio": 0.81,
            "account_receivable_turnover_ratio": 1.79,
            "reinvestment_rate": 30.91,
            "research_to_sale_ratio": 5.92,
            "price_fair": 99.05,
            "eps_avg_yearly": 2.83,
            "eps_latest_yearly": 4.68,
            "eps_growth_yearly": 55.6
        },
        "20201": {
            "year_quarter": 20201,
            "year": 2020,
            "quarter": 1,
            "eps": 0.62,
            "eps_growth_year": -39.81,
            "eps_4q": 3.71,
            "eps_4q_growth_year": 20.45,
            "roe": 2.84,
            "roe_4q": 18.33,
            "gross_profit": 92355,
            "gross_margin": 33.79,
            "gross_margin_4q_avg": 35.62,
            "net_income": 25682,
            "revenue": 273311,
            "common_shares": 416730,
            "book_valuer_per_share": 22,
            "book_valuer_per_share_4q_avg": 20.69,
            "equity": 919218,
            "current_ratio": 257.48,
            "debt_ratio": 35.21,
            "inventory_turnover_ratio": 0.65,
            "account_receivable_turnover_ratio": 1.36,
            "reinvestment_rate": -5.75,
            "research_to_sale_ratio": 7.43,
            "price_fair": 99.58,
            "eps_avg_yearly": 2.85,
            "eps_latest_yearly": 2.48,
            "eps_growth_yearly": 37.74
        },
        "20202": {
            "year_quarter": 20202,
            "year": 2020,
            "quarter": 2,
            "eps": 0.57,
            "eps_growth_year": -37.36,
            "eps_4q": 3.38,
            "eps_4q_growth_year": -5.29,
            "roe": 2.79,
            "roe_4q": 16.54,
            "gross_profit": 85362,
            "gross_margin": 33.22,
            "gross_margin_4q_avg": 34.64,
            "net_income": 23794,
            "revenue": 256940,
            "common_shares": 417740,
            "book_valuer_per_share": 18.87,
            "book_valuer_per_share_4q_avg": 20.62,
            "equity": 788529,
            "current_ratio": 184.71,
            "debt_ratio": 43.65,
            "inventory_turnover_ratio": 0.6,
            "account_receivable_turnover_ratio": 1.4,
            "reinvestment_rate": -4.72,
            "research_to_sale_ratio": 7.44,
            "price_fair": 100.54,
            "eps_avg_yearly": 2.87,
            "eps_latest_yearly": 2.28,
            "eps_growth_yearly": 40.19
        },
        "20203": {
            "year_quarter": 20203,
            "year": 2020,
            "quarter": 3,
            "eps": 0.21,
            "eps_growth_year": -79.61,
            "eps_4q": 2.57,
            "eps_4q_growth_year": -39.02,
            "roe": 1.12,
            "roe_4q": 12.4,
            "gross_profit": 64633,
            "gross_margin": 31.84,
            "gross_margin_4q_avg": 33.59,
            "net_income": 8856,
            "revenue": 202973,
            "common_shares": 417840,
            "book_valuer_per_share": 19.08,
            "book_valuer_per_share_4q_avg": 20.33,
            "equity": 797487,
            "current_ratio": 266.1,
            "debt_ratio": 32.98,
            "inventory_turnover_ratio": 0.53,
            "account_receivable_turnover_ratio": 1.25,
            "reinvestment_rate": -5.22,
            "research_to_sale_ratio": 7.72,
            "price_fair": 88.63,
            "eps_avg_yearly": 2.8,
            "eps_latest_yearly": 0.84,
            "eps_growth_yearly": 21.68
        },
        "20204": {
            "year_quarter": 20204,
            "year": 2020,
            "quarter": 4,
            "eps": 0.26,
            "eps_growth_year": -77.84,
            "eps_4q": 1.65,
            "eps_4q_growth_year": -59.9,
            "roe": 1.35,
            "roe_4q": 8.1,
            "gross_profit": 60970,
            "gross_margin": 26.51,
            "gross_margin_4q_avg": 31.34,
            "net_income": 10875,
            "revenue": 229981,
            "common_shares": 417870,
            "book_valuer_per_share": 19.37,
            "book_valuer_per_share_4q_avg": 19.83,
            "equity": 810185,
            "current_ratio": 256.44,
            "debt_ratio": 33.64,
            "inventory_turnover_ratio": 0.75,
            "account_receivable_turnover_ratio": 1.53,
            "reinvestment_rate": 30.29,
            "research_to_sale_ratio": 7.74,
            "price_fair": 96.69,
            "eps_avg_yearly": 2.76,
            "eps_latest_yearly": 1.04,
            "eps_growth_yearly": 33.03
        },
        "20211": {
            "year_quarter": 20211,
            "year": 2021,
            "quarter": 1,
            "eps": 0.24,
            "eps_growth_year": -61.29,
            "eps_4q": 1.28,
            "eps_4q_growth_year": -65.58,
            "roe": 1.22,
            "roe_4q": 6.48,
            "gross_profit": 65075,
            "gross_margin": 28.38,
            "gross_margin_4q_avg": 29.99,
            "net_income": 9947,
            "revenue": 229283,
            "common_shares": 417870,
            "book_valuer_per_share": 19.62,
            "book_valuer_per_share_4q_avg": 19.24,
            "equity": 820677,
            "current_ratio": 207.54,
            "debt_ratio": 36.36,
            "inventory_turnover_ratio": 0.78,
            "account_receivable_turnover_ratio": 1.55,
            "reinvestment_rate": 30.7,
            "research_to_sale_ratio": 7.76,
            "price_fair": 86.95,
            "eps_avg_yearly": 2.69,
            "eps_latest_yearly": 0.96,
            "eps_growth_yearly": 22.35
        },
        "20212": {
            "year_quarter": 20212,
            "year": 2021,
            "quarter": 2,
            "eps": 0.48,
            "eps_growth_year": -15.79,
            "eps_4q": 1.19,
            "eps_4q_growth_year": -64.87,
            "roe": 2.53,
            "roe_4q": 6.22,
            "gross_profit": 75924,
            "gross_margin": 26.35,
            "gross_margin_4q_avg": 28.27,
            "net_income": 20035,
            "revenue": 288100,
            "common_shares": 418390,
            "book_valuer_per_share": 18.31,
            "book_valuer_per_share_4q_avg": 19.1,
            "equity": 765922,
            "current_ratio": 124.88,
            "debt_ratio": 59.99,
            "inventory_turnover_ratio": 0.94,
            "account_receivable_turnover_ratio": 1.7,
            "reinvestment_rate": 158.03,
            "research_to_sale_ratio": 6.78,
            "price_fair": 89.6,
            "eps_avg_yearly": 2.56,
            "eps_latest_yearly": 1.92,
            "eps_growth_yearly": 26.52
        },
        "20213": {
            "year_quarter": 20213,
            "year": 2021,
            "quarter": 3,
            "eps": 0.7,
            "eps_growth_year": 233.33,
            "eps_4q": 1.68,
            "eps_4q_growth_year": -34.63,
            "roe": 3.76,
            "roe_4q": 8.86,
            "gross_profit": 94639,
            "gross_margin": 28.81,
            "gross_margin_4q_avg": 27.51,
            "net_income": 29325,
            "revenue": 328540,
            "common_shares": 418390,
            "book_valuer_per_share": 19.02,
            "book_valuer_per_share_4q_avg": 19.08,
            "equity": 795757,
            "current_ratio": 139.79,
            "debt_ratio": 57.92,
            "inventory_turnover_ratio": 0.93,
            "account_receivable_turnover_ratio": 1.51,
            "reinvestment_rate": 130.14,
            "research_to_sale_ratio": 5.86,
            "price_fair": 90.04,
            "eps_avg_yearly": 2.57,
            "eps_latest_yearly": 2.8,
            "eps_growth_yearly": 46.56
        },
        "20214": {
            "year_quarter": 20214,
            "year": 2021,
            "quarter": 4,
            "eps": 1.26,
            "eps_growth_year": 385.67,
            "eps_4q": 2.68,
            "eps_4q_growth_year": 61.97,
            "roe": 6.43,
            "roe_4q": 13.94,
            "gross_profit": 120287,
            "gross_margin": 33.26,
            "gross_margin_4q_avg": 29.2,
            "net_income": 52842,
            "revenue": 361704,
            "common_shares": 418390,
            "book_valuer_per_share": 20.29,
            "book_valuer_per_share_4q_avg": 19.31,
            "equity": 849091,
            "current_ratio": 154.91,
            "debt_ratio": 54.17,
            "inventory_turnover_ratio": 0.9,
            "account_receivable_turnover_ratio": 1.42,
            "reinvestment_rate": 113.85,
            "research_to_sale_ratio": 5,
            "price_fair": 97.04,
            "eps_avg_yearly": 2.77,
            "eps_latest_yearly": 5.04,
            "eps_growth_yearly": 73.87
        },
        "20221": {
            "year_quarter": 20221,
            "year": 2022,
            "quarter": 1,
            "eps": 1.04,
            "eps_growth_year": 333.33,
            "eps_4q": 3.48,
            "eps_4q_growth_year": 172.03,
            "roe": 5.3,
            "roe_4q": 18.02,
            "gross_profit": 104597,
            "gross_margin": 27.82,
            "gross_margin_4q_avg": 29.06,
            "net_income": 43464,
            "revenue": 375966,
            "common_shares": 418440,
            "book_valuer_per_share": 18.86,
            "book_valuer_per_share_4q_avg": 19.12,
            "equity": 790284,
            "current_ratio": 137.6,
            "debt_ratio": 57.63,
            "inventory_turnover_ratio": 1.07,
            "account_receivable_turnover_ratio": 1.35,
            "reinvestment_rate": 109.47,
            "research_to_sale_ratio": 5.24,
            "price_fair": 102.2,
            "eps_avg_yearly": 2.92,
            "eps_latest_yearly": 4.16,
            "eps_growth_yearly": 70.05
        },
        "20222": {
            "year_quarter": 20222,
            "year": 2022,
            "quarter": 2,
            "eps": 1.47,
            "eps_growth_year": 206.25,
            "eps_4q": 4.47,
            "eps_4q_growth_year": 276.02,
            "roe": 7.49,
            "roe_4q": 22.979999999999997,
            "gross_profit": 130616,
            "gross_margin": 34.04,
            "gross_margin_4q_avg": 30.98,
            "net_income": 61563,
            "revenue": 383703,
            "common_shares": 418980,
            "book_valuer_per_share": 20.35,
            "book_valuer_per_share_4q_avg": 19.63,
            "equity": 852719,
            "current_ratio": 154.89,
            "debt_ratio": 53.83,
            "inventory_turnover_ratio": 1.14,
            "account_receivable_turnover_ratio": 1.35,
            "reinvestment_rate": 91.92,
            "research_to_sale_ratio": 5.37,
            "price_fair": 110.95,
            "eps_avg_yearly": 3.17,
            "eps_latest_yearly": 5.88,
            "eps_growth_yearly": 79.27
        },
        "20223": {
            "year_quarter": 20223,
            "year": 2022,
            "quarter": 3,
            "eps": 1.42,
            "eps_growth_year": 102.86,
            "eps_4q": 5.19,
            "eps_4q_growth_year": 209.35,
            "roe": 6.75,
            "roe_4q": 25.97,
            "gross_profit": 97770,
            "gross_margin": 35.01,
            "gross_margin_4q_avg": 32.53,
            "net_income": 59597,
            "revenue": 279241,
            "common_shares": 418980,
            "book_valuer_per_share": 21.81,
            "book_valuer_per_share_4q_avg": 20.33,
            "equity": 913819,
            "current_ratio": 226.39,
            "debt_ratio": 45.34,
            "inventory_turnover_ratio": 0.95,
            "account_receivable_turnover_ratio": 1.05,
            "reinvestment_rate": 84.66,
            "research_to_sale_ratio": 6.79,
            "price_fair": 119.44,
            "eps_avg_yearly": 3.41,
            "eps_latest_yearly": 5.68,
            "eps_growth_yearly": 79.49
        },
        "20224": {
            "year_quarter": 20224,
            "year": 2022,
            "quarter": 4,
            "eps": 1.09,
            "eps_growth_year": -13.83,
            "eps_4q": 5.02,
            "eps_4q_growth_year": 87.17,
            "roe": 4.87,
            "roe_4q": 24.41,
            "gross_profit": 119381,
            "gross_margin": 36.34,
            "gross_margin_4q_avg": 33.3,
            "net_income": 45604,
            "revenue": 328534,
            "common_shares": 419080,
            "book_valuer_per_share": 22.91,
            "book_valuer_per_share_4q_avg": 20.98,
            "equity": 959940,
            "current_ratio": 210.69,
            "debt_ratio": 44.76,
            "inventory_turnover_ratio": 1.15,
            "account_receivable_turnover_ratio": 1.24,
            "reinvestment_rate": 84.9,
            "research_to_sale_ratio": 6.12,
            "price_fair": 118.13,
            "eps_avg_yearly": 3.38,
            "eps_latest_yearly": 4.36,
            "eps_growth_yearly": 29.79
        },
        "20231": {
            "year_quarter": 20231,
            "year": 2023,
            "quarter": 1,
            "eps": 0.73,
            "eps_growth_year": -29.81,
            "eps_4q": 4.71,
            "eps_4q_growth_year": 35.33,
            "roe": 3.45,
            "roe_4q": 22.560000000000002,
            "gross_profit": 103011,
            "gross_margin": 34.42,
            "gross_margin_4q_avg": 34.95,
            "net_income": 30643,
            "revenue": 299265,
            "common_shares": 419080,
            "book_valuer_per_share": 19.45,
            "book_valuer_per_share_4q_avg": 21.13,
            "equity": 816021,
            "current_ratio": 143.73,
            "debt_ratio": 53.26,
            "inventory_turnover_ratio": 1.11,
            "account_receivable_turnover_ratio": 1.11,
            "reinvestment_rate": 86.62,
            "research_to_sale_ratio": 6.53,
            "price_fair": 115.5,
            "eps_avg_yearly": 3.3,
            "eps_latest_yearly": 2.92,
            "eps_growth_yearly": 25.77
        }
    },
    "months": {
        "2010-12": {
            "month": "2010-12",
            "price": "26.74",
            "revenue": 42139
        },
        "2011-01": {
            "month": "2011-01",
            "price": "30.25",
            "revenue": 45368
        },
        "2011-02": {
            "month": "2011-02",
            "price": "31.73",
            "revenue": 42974
        },
        "2011-03": {
            "month": "2011-03",
            "price": "29.30",
            "revenue": 55255
        },
        "2011-04": {
            "month": "2011-04",
            "price": "30.61",
            "revenue": 45783
        },
        "2011-05": {
            "month": "2011-05",
            "price": "33.68",
            "revenue": 43137
        },
        "2011-06": {
            "month": "2011-06",
            "price": "34.77",
            "revenue": 31717
        },
        "2011-07": {
            "month": "2011-07",
            "price": "33.26",
            "revenue": 37298
        },
        "2011-08": {
            "month": "2011-08",
            "price": "29.65",
            "revenue": 44143
        },
        "2011-09": {
            "month": "2011-09",
            "price": "26.13",
            "revenue": 67307
        },
        "2011-10": {
            "month": "2011-10",
            "price": "21.59",
            "revenue": 51068
        },
        "2011-11": {
            "month": "2011-11",
            "price": "21.53",
            "revenue": 44193
        },
        "2011-12": {
            "month": "2011-12",
            "price": "21.40",
            "revenue": 34385
        },
        "2012-01": {
            "month": "2012-01",
            "price": "21.74",
            "revenue": 37620
        },
        "2012-02": {
            "month": "2012-02",
            "price": "23.64",
            "revenue": 36893
        },
        "2012-03": {
            "month": "2012-03",
            "price": "25.09",
            "revenue": 40430
        },
        "2012-04": {
            "month": "2012-04",
            "price": "24.36",
            "revenue": 38601
        },
        "2012-05": {
            "month": "2012-05",
            "price": "20.49",
            "revenue": 53681
        },
        "2012-06": {
            "month": "2012-06",
            "price": "19.89",
            "revenue": 46592
        },
        "2012-07": {
            "month": "2012-07",
            "price": "19.72",
            "revenue": 35050
        },
        "2012-08": {
            "month": "2012-08",
            "price": "20.38",
            "revenue": 50847
        },
        "2012-09": {
            "month": "2012-09",
            "price": "18.75",
            "revenue": 56795
        },
        "2012-10": {
            "month": "2012-10",
            "price": "17.39",
            "revenue": 45589
        },
        "2012-11": {
            "month": "2012-11",
            "price": "16.03",
            "revenue": 34236
        },
        "2012-12": {
            "month": "2012-12",
            "price": "16.68",
            "revenue": 41418
        },
        "2013-01": {
            "month": "2013-01",
            "price": "16.68",
            "revenue": 47944
        },
        "2013-02": {
            "month": "2013-02",
            "price": "17.07",
            "revenue": 32250
        },
        "2013-03": {
            "month": "2013-03",
            "price": "17.36",
            "revenue": 47832
        },
        "2013-04": {
            "month": "2013-04",
            "price": "17.70",
            "revenue": 39840
        },
        "2013-05": {
            "month": "2013-05",
            "price": "18.69",
            "revenue": 54432
        },
        "2013-06": {
            "month": "2013-06",
            "price": "19.00",
            "revenue": 49779
        },
        "2013-07": {
            "month": "2013-07",
            "price": "19.28",
            "revenue": 34810
        },
        "2013-08": {
            "month": "2013-08",
            "price": "19.22",
            "revenue": 37641
        },
        "2013-09": {
            "month": "2013-09",
            "price": "20.05",
            "revenue": 43871
        },
        "2013-10": {
            "month": "2013-10",
            "price": "20.73",
            "revenue": 46342
        },
        "2013-11": {
            "month": "2013-11",
            "price": "20.18",
            "revenue": 39406
        },
        "2013-12": {
            "month": "2013-12",
            "price": "21.07",
            "revenue": 69875
        },
        "2014-01": {
            "month": "2014-01",
            "price": "23.32",
            "revenue": 88148
        },
        "2014-02": {
            "month": "2014-02",
            "price": "33.76",
            "revenue": 76154
        },
        "2014-03": {
            "month": "2014-03",
            "price": "51.29",
            "revenue": 63690
        },
        "2014-04": {
            "month": "2014-04",
            "price": "46.75",
            "revenue": 86013
        },
        "2014-05": {
            "month": "2014-05",
            "price": "44.12",
            "revenue": 68521
        },
        "2014-06": {
            "month": "2014-06",
            "price": "47.60",
            "revenue": 66280
        },
        "2014-07": {
            "month": "2014-07",
            "price": "42.94",
            "revenue": 63383
        },
        "2014-08": {
            "month": "2014-08",
            "price": "42.61",
            "revenue": 68515
        },
        "2014-09": {
            "month": "2014-09",
            "price": "45.78",
            "revenue": 58661
        },
        "2014-10": {
            "month": "2014-10",
            "price": "50.53",
            "revenue": 85019
        },
        "2014-11": {
            "month": "2014-11",
            "price": "50.28",
            "revenue": 64612
        },
        "2014-12": {
            "month": "2014-12",
            "price": "49.60",
            "revenue": 48559
        },
        "2015-01": {
            "month": "2015-01",
            "price": "49.50",
            "revenue": 73337
        },
        "2015-02": {
            "month": "2015-02",
            "price": "49.11",
            "revenue": 73447
        },
        "2015-03": {
            "month": "2015-03",
            "price": "49.22",
            "revenue": 76536
        },
        "2015-04": {
            "month": "2015-04",
            "price": "54.99",
            "revenue": 68327
        },
        "2015-05": {
            "month": "2015-05",
            "price": "48.82",
            "revenue": 60406
        },
        "2015-06": {
            "month": "2015-06",
            "price": "41.56",
            "revenue": 82162
        },
        "2015-07": {
            "month": "2015-07",
            "price": "41.66",
            "revenue": 77091
        },
        "2015-08": {
            "month": "2015-08",
            "price": "36.92",
            "revenue": 58279
        },
        "2015-09": {
            "month": "2015-09",
            "price": "39.30",
            "revenue": 60001
        },
        "2015-10": {
            "month": "2015-10",
            "price": "39.74",
            "revenue": 70829
        },
        "2015-11": {
            "month": "2015-11",
            "price": "39.30",
            "revenue": 57803
        },
        "2015-12": {
            "month": "2015-12",
            "price": "38.80",
            "revenue": 45325
        },
        "2016-01": {
            "month": "2016-01",
            "price": "37.38",
            "revenue": 90776
        },
        "2016-02": {
            "month": "2016-02",
            "price": "39.38",
            "revenue": 86487
        },
        "2016-03": {
            "month": "2016-03",
            "price": "40.44",
            "revenue": 80392
        },
        "2016-04": {
            "month": "2016-04",
            "price": "40.01",
            "revenue": 61238
        },
        "2016-05": {
            "month": "2016-05",
            "price": "37.02",
            "revenue": 55694
        },
        "2016-06": {
            "month": "2016-06",
            "price": "34.78",
            "revenue": 80339
        },
        "2016-07": {
            "month": "2016-07",
            "price": "32.96",
            "revenue": 55178
        },
        "2016-08": {
            "month": "2016-08",
            "price": "31.72",
            "revenue": 65844
        },
        "2016-09": {
            "month": "2016-09",
            "price": "31.36",
            "revenue": 84831
        },
        "2016-10": {
            "month": "2016-10",
            "price": "30.46",
            "revenue": 63993
        },
        "2016-11": {
            "month": "2016-11",
            "price": "29.54",
            "revenue": 75250
        },
        "2016-12": {
            "month": "2016-12",
            "price": "30.55",
            "revenue": 84314
        },
        "2017-01": {
            "month": "2017-01",
            "price": "30.86",
            "revenue": 81252
        },
        "2017-02": {
            "month": "2017-02",
            "price": "32.97",
            "revenue": 61416
        },
        "2017-03": {
            "month": "2017-03",
            "price": "34.98",
            "revenue": 106944
        },
        "2017-04": {
            "month": "2017-04",
            "price": "36.36",
            "revenue": 80168
        },
        "2017-05": {
            "month": "2017-05",
            "price": "38.08",
            "revenue": 106954
        },
        "2017-06": {
            "month": "2017-06",
            "price": "41.26",
            "revenue": 96790
        },
        "2017-07": {
            "month": "2017-07",
            "price": "40.02",
            "revenue": 90446
        },
        "2017-08": {
            "month": "2017-08",
            "price": "41.58",
            "revenue": 83566
        },
        "2017-09": {
            "month": "2017-09",
            "price": "42.17",
            "revenue": 82433
        },
        "2017-10": {
            "month": "2017-10",
            "price": "39.95",
            "revenue": 81129
        },
        "2017-11": {
            "month": "2017-11",
            "price": "38.31",
            "revenue": 74474
        },
        "2017-12": {
            "month": "2017-12",
            "price": "37.44",
            "revenue": 67987
        },
        "2018-01": {
            "month": "2018-01",
            "price": "38.28",
            "revenue": 76113
        },
        "2018-02": {
            "month": "2018-02",
            "price": "39.53",
            "revenue": 64486
        },
        "2018-03": {
            "month": "2018-03",
            "price": "43.17",
            "revenue": 92463
        },
        "2018-04": {
            "month": "2018-04",
            "price": "39.70",
            "revenue": 59721
        },
        "2018-05": {
            "month": "2018-05",
            "price": "36.07",
            "revenue": 64827
        },
        "2018-06": {
            "month": "2018-06",
            "price": "35.30",
            "revenue": 95967
        },
        "2018-07": {
            "month": "2018-07",
            "price": "34.18",
            "revenue": 67052
        },
        "2018-08": {
            "month": "2018-08",
            "price": "33.58",
            "revenue": 78093
        },
        "2018-09": {
            "month": "2018-09",
            "price": "33.71",
            "revenue": 85603
        },
        "2018-10": {
            "month": "2018-10",
            "price": "32.64",
            "revenue": 105719
        },
        "2018-11": {
            "month": "2018-11",
            "price": "32.07",
            "revenue": 111646
        },
        "2018-12": {
            "month": "2018-12",
            "price": "32.91",
            "revenue": 130518
        },
        "2019-01": {
            "month": "2019-01",
            "price": "33.63",
            "revenue": 119094
        },
        "2019-02": {
            "month": "2019-02",
            "price": "39.13",
            "revenue": 82354
        },
        "2019-03": {
            "month": "2019-03",
            "price": "39.79",
            "revenue": 113678
        },
        "2019-04": {
            "month": "2019-04",
            "price": "41.98",
            "revenue": 84469
        },
        "2019-05": {
            "month": "2019-05",
            "price": "42.16",
            "revenue": 88566
        },
        "2019-06": {
            "month": "2019-06",
            "price": "41.48",
            "revenue": 121481
        },
        "2019-07": {
            "month": "2019-07",
            "price": "45.07",
            "revenue": 115076
        },
        "2019-08": {
            "month": "2019-08",
            "price": "52.14",
            "revenue": 120485
        },
        "2019-09": {
            "month": "2019-09",
            "price": "52.92",
            "revenue": 108562
        },
        "2019-10": {
            "month": "2019-10",
            "price": "50.84",
            "revenue": 140533
        },
        "2019-11": {
            "month": "2019-11",
            "price": "51.66",
            "revenue": 101803
        },
        "2019-12": {
            "month": "2019-12",
            "price": "49.39",
            "revenue": 121573
        },
        "2020-01": {
            "month": "2020-01",
            "price": "49.03",
            "revenue": 84632
        },
        "2020-02": {
            "month": "2020-02",
            "price": "47.10",
            "revenue": 95932
        },
        "2020-03": {
            "month": "2020-03",
            "price": "42.70",
            "revenue": 92746
        },
        "2020-04": {
            "month": "2020-04",
            "price": "43.07",
            "revenue": 87783
        },
        "2020-05": {
            "month": "2020-05",
            "price": "45.14",
            "revenue": 82481
        },
        "2020-06": {
            "month": "2020-06",
            "price": "45.96",
            "revenue": 86676
        },
        "2020-07": {
            "month": "2020-07",
            "price": "41.60",
            "revenue": 61536
        },
        "2020-08": {
            "month": "2020-08",
            "price": "39.98",
            "revenue": 63526
        },
        "2020-09": {
            "month": "2020-09",
            "price": "39.88",
            "revenue": 77911
        },
        "2020-10": {
            "month": "2020-10",
            "price": "39.73",
            "revenue": 66914
        },
        "2020-11": {
            "month": "2020-11",
            "price": "39.50",
            "revenue": 69657
        },
        "2020-12": {
            "month": "2020-12",
            "price": "38.53",
            "revenue": 93410
        },
        "2021-01": {
            "month": "2021-01",
            "price": "37.92",
            "revenue": 69398
        },
        "2021-02": {
            "month": "2021-02",
            "price": "37.85",
            "revenue": 65846
        },
        "2021-03": {
            "month": "2021-03",
            "price": "36.74",
            "revenue": 94039
        },
        "2021-04": {
            "month": "2021-04",
            "price": "36.29",
            "revenue": 85859
        },
        "2021-05": {
            "month": "2021-05",
            "price": "33.58",
            "revenue": 102483
        },
        "2021-06": {
            "month": "2021-06",
            "price": "34.22",
            "revenue": 99758
        },
        "2021-07": {
            "month": "2021-07",
            "price": "33.91",
            "revenue": 113641
        },
        "2021-08": {
            "month": "2021-08",
            "price": "33.94",
            "revenue": 108313
        },
        "2021-09": {
            "month": "2021-09",
            "price": "34.15",
            "revenue": 106586
        },
        "2021-10": {
            "month": "2021-10",
            "price": "33.89",
            "revenue": 94246
        },
        "2021-11": {
            "month": "2021-11",
            "price": "34.35",
            "revenue": 115806
        },
        "2021-12": {
            "month": "2021-12",
            "price": "36.08",
            "revenue": 151651
        },
        "2022-01": {
            "month": "2022-01",
            "price": "37.00",
            "revenue": 141108
        },
        "2022-02": {
            "month": "2022-02",
            "price": "38.89",
            "revenue": 77392
        },
        "2022-03": {
            "month": "2022-03",
            "price": "39.55",
            "revenue": 157466
        },
        "2022-04": {
            "month": "2022-04",
            "price": "41.35",
            "revenue": 153783
        },
        "2022-05": {
            "month": "2022-05",
            "price": "40.08",
            "revenue": 97336
        },
        "2022-06": {
            "month": "2022-06",
            "price": "35.78",
            "revenue": 132584
        },
        "2022-07": {
            "month": "2022-07",
            "price": "34.47",
            "revenue": 94579
        },
        "2022-08": {
            "month": "2022-08",
            "price": "37.26",
            "revenue": 79557
        },
        "2022-09": {
            "month": "2022-09",
            "price": "36.67",
            "revenue": 105105
        },
        "2022-10": {
            "month": "2022-10",
            "price": "35.85",
            "revenue": 104830
        },
        "2022-11": {
            "month": "2022-11",
            "price": "37.15",
            "revenue": 106088
        },
        "2022-12": {
            "month": "2022-12",
            "price": "37.91",
            "revenue": 117615
        },
        "2023-01": {
            "month": "2023-01",
            "price": "38.27",
            "revenue": 91630
        },
        "2023-02": {
            "month": "2023-02",
            "price": "40.78",
            "revenue": 86078
        },
        "2023-03": {
            "month": "2023-03",
            "price": "49.13",
            "revenue": 121557
        },
        "2023-04": {
            "month": "2023-04",
            "price": "51.51",
            "revenue": 75422
        }
    }
}
