{
    "summary": {
        "stock_name": "鑫禾",
        "stock_id": "4999",
        "category": "電子零組件",
        "main_business": "樞紐組件",
        "website_url": "http://www.sinher.com.tw",
        "ceo": "蘇丁鴻",
        "pe_ratio": 100,
        "report_year_from": 2010,
        "report_year_to": 2023,
        "age": 14,
        "eps_negative_percentage": 0,
        "eps_growth_avg": {
            "last_all": -8.28,
            "last_2y": -47.42,
            "last_4y": -19.62,
            "last_8y": -11.16,
            "last_12y": null,
            "last_16y": null,
            "last_20y": null,
            "at_2006_last_3y": null,
            "at_2007_last_3y": null,
            "at_2008_last_3y": null,
            "at_2009_last_3y": null,
            "at_2010_last_3y": null,
            "at_2011_last_3y": null,
            "at_2012_last_3y": null,
            "at_2013_last_3y": null,
            "at_2014_last_3y": null,
            "at_2015_last_3y": null,
            "at_2016_last_3y": null,
            "at_2017_last_3y": -1.44,
            "at_2018_last_3y": -0.58,
            "at_2019_last_3y": -11.42,
            "at_2020_last_3y": 12.56,
            "at_2021_last_3y": 2.13,
            "at_2022_last_3y": 0.02,
            "at_2023_last_3y": -10.56,
            "at_2024_last_3y": -10.56,
            "at_2006_last_all": null,
            "at_2007_last_all": null,
            "at_2008_last_all": null,
            "at_2009_last_all": null,
            "at_2010_last_all": null,
            "at_2011_last_all": null,
            "at_2012_last_all": null,
            "at_2013_last_all": null,
            "at_2014_last_all": null,
            "at_2015_last_all": 2.58,
            "at_2016_last_all": 3.08,
            "at_2017_last_all": -1.44,
            "at_2018_last_all": 3.06,
            "at_2019_last_all": -6.76,
            "at_2020_last_all": 8.5,
            "at_2021_last_all": 0.34,
            "at_2022_last_all": 1.71,
            "at_2023_last_all": -8.28,
            "at_2024_last_all": -8.28
        },
        "latest_eps": 0.05,
        "latest_price": 33.5,
        "latest_roe": 0.11,
        "latest_gross_margin": 19.24,
        "latest_equity": 3388768,
        "latest_revenue": 469573,
        "latest_gross_profit": 90347,
        "latest_net_income": -28826,
        "latest_debt_ratio": 15,
        "latest_current_ratio": 510.6,
        "latest_account_receivable_turnover_ratio": 0.66,
        "latest_inventory_turnover_ratio": 1.35,
        "latest_reinvestment_rate": -6.63,
        "latest_research_to_sale_ratio": 5.09
    },
    "eps_dividends": {
        "2001": {
            "cash": 0,
            "stock": 0,
            "eps": 0
        },
        "2002": {
            "cash": 0,
            "stock": 0,
            "eps": 0
        },
        "2003": {
            "cash": 0,
            "stock": 0,
            "eps": 0
        },
        "2004": {
            "cash": 0,
            "stock": 0,
            "eps": 0
        },
        "2005": {
            "cash": 0,
            "stock": 0,
            "eps": 0
        },
        "2006": {
            "cash": 0,
            "stock": 0,
            "eps": 0
        },
        "2007": {
            "cash": 0,
            "stock": 0,
            "eps": 0
        },
        "2008": {
            "cash": 0,
            "stock": 0,
            "eps": 0
        },
        "2009": {
            "cash": 0,
            "stock": 0,
            "eps": 0
        },
        "2010": {
            "cash": 0,
            "stock": 0,
            "eps": 0
        },
        "2011": {
            "cash": 4,
            "stock": 8.5,
            "eps": 0
        },
        "2012": {
            "cash": 0,
            "stock": 0,
            "eps": 0
        },
        "2013": {
            "cash": 2.21,
            "stock": 1.11,
            "eps": 5.73
        },
        "2014": {
            "cash": 3,
            "stock": 0,
            "eps": 6.74
        },
        "2015": {
            "cash": 4,
            "stock": 0,
            "eps": 5.9
        },
        "2016": {
            "cash": 3,
            "stock": 0,
            "eps": 6.14
        },
        "2017": {
            "cash": 3.1,
            "stock": 0,
            "eps": 5.22
        },
        "2018": {
            "cash": 3,
            "stock": 0,
            "eps": 6.32
        },
        "2019": {
            "cash": 3.5,
            "stock": 0,
            "eps": 2.79
        },
        "2020": {
            "cash": 2.5,
            "stock": 0,
            "eps": 5.66
        },
        "2021": {
            "cash": 3,
            "stock": 0,
            "eps": 2.45
        },
        "2022": {
            "cash": 2,
            "stock": 0,
            "eps": 2.76
        },
        "2023": {
            "cash": 1.75,
            "stock": 0,
            "eps": 0.05
        },
        "2024": {
            "cash": 1,
            "stock": 0,
            "eps": 0
        }
    },
    "dividends": {
        "2011-01-01": {
            "cash": 2,
            "stock": 6.5
        },
        "2011-04-07": {
            "cash": 2,
            "stock": 2
        },
        "2013-05-10": {
            "cash": 2.21,
            "stock": 1.11
        },
        "2014-08-29": {
            "cash": 3,
            "stock": 0
        },
        "2015-08-12": {
            "cash": 4,
            "stock": 0
        },
        "2016-08-09": {
            "cash": 3,
            "stock": 0
        },
        "2017-08-11": {
            "cash": 3.1,
            "stock": 0
        },
        "2018-08-09": {
            "cash": 3,
            "stock": 0
        },
        "2019-08-09": {
            "cash": 3.5,
            "stock": 0
        },
        "2020-08-13": {
            "cash": 2.5,
            "stock": 0
        },
        "2021-07-30": {
            "cash": 3,
            "stock": 0
        },
        "2022-08-05": {
            "cash": 2,
            "stock": 0
        },
        "2023-08-11": {
            "cash": 1.75,
            "stock": 0
        },
        "2024-03-07": {
            "cash": 1,
            "stock": 0
        }
    },
    "prices": {
        "200101": "無",
        "200102": "無",
        "200103": "無",
        "200104": "無",
        "200105": "無",
        "200106": "無",
        "200107": "無",
        "200108": "無",
        "200109": "無",
        "200110": "無",
        "200111": "無",
        "200112": "無",
        "200201": "無",
        "200202": "無",
        "200203": "無",
        "200204": "無",
        "200205": "無",
        "200206": "無",
        "200207": "無",
        "200208": "無",
        "200209": "無",
        "200210": "無",
        "200211": "無",
        "200212": "無",
        "200301": "無",
        "200302": "無",
        "200303": "無",
        "200304": "無",
        "200305": "無",
        "200306": "無",
        "200307": "無",
        "200308": "無",
        "200309": "無",
        "200310": "無",
        "200311": "無",
        "200312": "無",
        "200401": "無",
        "200402": "無",
        "200403": "無",
        "200404": "無",
        "200405": "無",
        "200406": "無",
        "200407": "無",
        "200408": "無",
        "200409": "無",
        "200410": "無",
        "200411": "無",
        "200412": "無",
        "200501": "無",
        "200502": "無",
        "200503": "無",
        "200504": "無",
        "200505": "無",
        "200506": "無",
        "200507": "無",
        "200508": "無",
        "200509": "無",
        "200510": "無",
        "200511": "無",
        "200512": "無",
        "200601": "無",
        "200602": "無",
        "200603": "無",
        "200604": "無",
        "200605": "無",
        "200606": "無",
        "200607": "無",
        "200608": "無",
        "200609": "無",
        "200610": "無",
        "200611": "無",
        "200612": "無",
        "200701": "無",
        "200702": "無",
        "200703": "無",
        "200704": "無",
        "200705": "無",
        "200706": "無",
        "200707": "無",
        "200708": "無",
        "200709": "無",
        "200710": "無",
        "200711": "無",
        "200712": "無",
        "200801": "無",
        "200802": "無",
        "200803": "無",
        "200804": "無",
        "200805": "無",
        "200806": "無",
        "200807": "無",
        "200808": "無",
        "200809": "無",
        "200810": "無",
        "200811": "無",
        "200812": "無",
        "200901": "無",
        "200902": "無",
        "200903": "無",
        "200904": "無",
        "200905": "無",
        "200906": "無",
        "200907": "無",
        "200908": "無",
        "200909": "無",
        "200910": "無",
        "200911": "無",
        "200912": "無",
        "201001": "無",
        "201002": "無",
        "201003": "無",
        "201004": "無",
        "201005": "無",
        "201006": "無",
        "201007": "無",
        "201008": "無",
        "201009": "無",
        "201010": "無",
        "201011": "無",
        "201012": "無",
        "201101": "無",
        "201102": "無",
        "201103": "無",
        "201104": "無",
        "201105": "93.06",
        "201106": "84.54",
        "201107": "77.17",
        "201108": "71.67",
        "201109": "54.35",
        "201110": "51.16",
        "201111": "50.09",
        "201112": "49.03",
        "201201": "49.25",
        "201202": "52.69",
        "201203": "62.68",
        "201204": "60.70",
        "201205": "63.87",
        "201206": "66.13",
        "201207": "66.20",
        "201208": "69.51",
        "201209": "46.47",
        "201210": "45.60",
        "201211": "46.33",
        "201212": "59.84",
        "201301": "71.03",
        "201302": "75.50",
        "201303": "78.50",
        "201304": "78.05",
        "201305": "76.61",
        "201306": "70.65",
        "201307": "59.20",
        "201308": "54.04",
        "201309": "49.70",
        "201310": "52.74",
        "201311": "52.83",
        "201312": "56.81",
        "201401": "67.67",
        "201402": "62.58",
        "201403": "60.41",
        "201404": "61.74",
        "201405": "60.47",
        "201406": "63.48",
        "201407": "66.56",
        "201408": "69.05",
        "201409": "65.51",
        "201410": "57.93",
        "201411": "55.83",
        "201412": "60.22",
        "201501": "59.13",
        "201502": "59.32",
        "201503": "64.30",
        "201504": "63.44",
        "201505": "57.80",
        "201506": "51.47",
        "201507": "46.31",
        "201508": "36.71",
        "201509": "37.25",
        "201510": "42.52",
        "201511": "45.01",
        "201512": "42.50",
        "201601": "38.97",
        "201602": "40.01",
        "201603": "47.07",
        "201604": "44.73",
        "201605": "41.46",
        "201606": "43.39",
        "201607": "47.67",
        "201608": "56.49",
        "201609": "57.80",
        "201610": "58.86",
        "201611": "52.91",
        "201612": "52.74",
        "201701": "53.66",
        "201702": "53.51",
        "201703": "55.79",
        "201704": "53.76",
        "201705": "52.58",
        "201706": "55.20",
        "201707": "54.27",
        "201708": "51.40",
        "201709": "51.32",
        "201710": "50.07",
        "201711": "50.21",
        "201712": "49.72",
        "201801": "49.86",
        "201802": "48.19",
        "201803": "50.95",
        "201804": "50.15",
        "201805": "49.09",
        "201806": "49.69",
        "201807": "50.79",
        "201808": "50.64",
        "201809": "49.17",
        "201810": "47.53",
        "201811": "46.51",
        "201812": "46.41",
        "201901": "46.72",
        "201902": "49.14",
        "201903": "52.56",
        "201904": "51.42",
        "201905": "45.41",
        "201906": "44.64",
        "201907": "44.87",
        "201908": "42.51",
        "201909": "42.75",
        "201910": "42.13",
        "201911": "43.21",
        "201912": "42.67",
        "202001": "43.03",
        "202002": "40.05",
        "202003": "33.50",
        "202004": "35.79",
        "202005": "40.20",
        "202006": "42.84",
        "202007": "43.50",
        "202008": "47.15",
        "202009": "46.80",
        "202010": "46.32",
        "202011": "46.51",
        "202012": "47.14",
        "202101": "50.00",
        "202102": "50.76",
        "202103": "57.42",
        "202104": "58.13",
        "202105": "49.60",
        "202106": "49.66",
        "202107": "46.28",
        "202108": "41.30",
        "202109": "42.55",
        "202110": "41.54",
        "202111": "41.62",
        "202112": "41.03",
        "202201": "40.64",
        "202202": "40.33",
        "202203": "39.43",
        "202204": "38.44",
        "202205": "36.02",
        "202206": "36.62",
        "202207": "34.23",
        "202208": "37.86",
        "202209": "37.98",
        "202210": "35.54",
        "202211": "36.42",
        "202212": "37.01",
        "202301": "36.70",
        "202302": "37.68",
        "202303": "38.14",
        "202304": "37.96",
        "202305": "37.51",
        "202306": "37.50",
        "202307": "35.99",
        "202308": "34.79",
        "202309": "35.32",
        "202310": "34.84",
        "202311": "35.78",
        "202312": "35.74"
    },
    "quarters": {
        "20011": {
            "year_quarter": 20011,
            "year": 2001,
            "quarter": 1,
            "eps": null,
            "eps_growth_year": null,
            "eps_4q": null,
            "eps_4q_growth_year": null,
            "roe": null,
            "roe_4q": 0,
            "gross_profit": null,
            "gross_margin": null,
            "gross_margin_4q_avg": 0,
            "net_income": null,
            "net_income_4q": null,
            "revenue": null,
            "revenue_4q": null,
            "common_shares": null,
            "book_valuer_per_share": null,
            "book_valuer_per_share_4q_avg": 0,
            "equity": null,
            "current_ratio": null,
            "debt_ratio": null,
            "inventory_turnover_ratio": null,
            "account_receivable_turnover_ratio": null,
            "reinvestment_rate": null,
            "research_to_sale_ratio": null,
            "price_fair": 0,
            "eps_avg_yearly": 0,
            "eps_latest_yearly": 0,
            "eps_growth_yearly": 0
        },
        "20012": {
            "year_quarter": 20012,
            "year": 2001,
            "quarter": 2,
            "eps": null,
            "eps_growth_year": null,
            "eps_4q": null,
            "eps_4q_growth_year": null,
            "roe": null,
            "roe_4q": 0,
            "gross_profit": null,
            "gross_margin": null,
            "gross_margin_4q_avg": 0,
            "net_income": null,
            "net_income_4q": null,
            "revenue": null,
            "revenue_4q": null,
            "common_shares": null,
            "book_valuer_per_share": null,
            "book_valuer_per_share_4q_avg": 0,
            "equity": null,
            "current_ratio": null,
            "debt_ratio": null,
            "inventory_turnover_ratio": null,
            "account_receivable_turnover_ratio": null,
            "reinvestment_rate": null,
            "research_to_sale_ratio": null,
            "price_fair": 0,
            "eps_avg_yearly": 0,
            "eps_latest_yearly": 0,
            "eps_growth_yearly": 0
        },
        "20013": {
            "year_quarter": 20013,
            "year": 2001,
            "quarter": 3,
            "eps": null,
            "eps_growth_year": null,
            "eps_4q": null,
            "eps_4q_growth_year": null,
            "roe": null,
            "roe_4q": 0,
            "gross_profit": null,
            "gross_margin": null,
            "gross_margin_4q_avg": 0,
            "net_income": null,
            "net_income_4q": null,
            "revenue": null,
            "revenue_4q": null,
            "common_shares": null,
            "book_valuer_per_share": null,
            "book_valuer_per_share_4q_avg": 0,
            "equity": null,
            "current_ratio": null,
            "debt_ratio": null,
            "inventory_turnover_ratio": null,
            "account_receivable_turnover_ratio": null,
            "reinvestment_rate": null,
            "research_to_sale_ratio": null,
            "price_fair": 0,
            "eps_avg_yearly": 0,
            "eps_latest_yearly": 0,
            "eps_growth_yearly": 0
        },
        "20014": {
            "year_quarter": 20014,
            "year": 2001,
            "quarter": 4,
            "eps": null,
            "eps_growth_year": null,
            "eps_4q": null,
            "eps_4q_growth_year": null,
            "roe": null,
            "roe_4q": 0,
            "gross_profit": null,
            "gross_margin": null,
            "gross_margin_4q_avg": 0,
            "net_income": null,
            "net_income_4q": null,
            "revenue": null,
            "revenue_4q": null,
            "common_shares": null,
            "book_valuer_per_share": null,
            "book_valuer_per_share_4q_avg": 0,
            "equity": null,
            "current_ratio": null,
            "debt_ratio": null,
            "inventory_turnover_ratio": null,
            "account_receivable_turnover_ratio": null,
            "reinvestment_rate": null,
            "research_to_sale_ratio": null,
            "price_fair": 0,
            "eps_avg_yearly": 0,
            "eps_latest_yearly": 0,
            "eps_growth_yearly": 0
        },
        "20021": {
            "year_quarter": 20021,
            "year": 2002,
            "quarter": 1,
            "eps": null,
            "eps_growth_year": null,
            "eps_4q": null,
            "eps_4q_growth_year": null,
            "roe": null,
            "roe_4q": 0,
            "gross_profit": null,
            "gross_margin": null,
            "gross_margin_4q_avg": 0,
            "net_income": null,
            "net_income_4q": null,
            "revenue": null,
            "revenue_4q": null,
            "common_shares": null,
            "book_valuer_per_share": null,
            "book_valuer_per_share_4q_avg": 0,
            "equity": null,
            "current_ratio": null,
            "debt_ratio": null,
            "inventory_turnover_ratio": null,
            "account_receivable_turnover_ratio": null,
            "reinvestment_rate": null,
            "research_to_sale_ratio": null,
            "price_fair": 0,
            "eps_avg_yearly": 0,
            "eps_latest_yearly": 0,
            "eps_growth_yearly": 0
        },
        "20022": {
            "year_quarter": 20022,
            "year": 2002,
            "quarter": 2,
            "eps": null,
            "eps_growth_year": null,
            "eps_4q": null,
            "eps_4q_growth_year": null,
            "roe": null,
            "roe_4q": 0,
            "gross_profit": null,
            "gross_margin": null,
            "gross_margin_4q_avg": 0,
            "net_income": null,
            "net_income_4q": null,
            "revenue": null,
            "revenue_4q": null,
            "common_shares": null,
            "book_valuer_per_share": null,
            "book_valuer_per_share_4q_avg": 0,
            "equity": null,
            "current_ratio": null,
            "debt_ratio": null,
            "inventory_turnover_ratio": null,
            "account_receivable_turnover_ratio": null,
            "reinvestment_rate": null,
            "research_to_sale_ratio": null,
            "price_fair": 0,
            "eps_avg_yearly": 0,
            "eps_latest_yearly": 0,
            "eps_growth_yearly": 0
        },
        "20023": {
            "year_quarter": 20023,
            "year": 2002,
            "quarter": 3,
            "eps": null,
            "eps_growth_year": null,
            "eps_4q": null,
            "eps_4q_growth_year": null,
            "roe": null,
            "roe_4q": 0,
            "gross_profit": null,
            "gross_margin": null,
            "gross_margin_4q_avg": 0,
            "net_income": null,
            "net_income_4q": null,
            "revenue": null,
            "revenue_4q": null,
            "common_shares": null,
            "book_valuer_per_share": null,
            "book_valuer_per_share_4q_avg": 0,
            "equity": null,
            "current_ratio": null,
            "debt_ratio": null,
            "inventory_turnover_ratio": null,
            "account_receivable_turnover_ratio": null,
            "reinvestment_rate": null,
            "research_to_sale_ratio": null,
            "price_fair": 0,
            "eps_avg_yearly": 0,
            "eps_latest_yearly": 0,
            "eps_growth_yearly": 0
        },
        "20024": {
            "year_quarter": 20024,
            "year": 2002,
            "quarter": 4,
            "eps": null,
            "eps_growth_year": null,
            "eps_4q": null,
            "eps_4q_growth_year": null,
            "roe": null,
            "roe_4q": 0,
            "gross_profit": null,
            "gross_margin": null,
            "gross_margin_4q_avg": 0,
            "net_income": null,
            "net_income_4q": null,
            "revenue": null,
            "revenue_4q": null,
            "common_shares": null,
            "book_valuer_per_share": null,
            "book_valuer_per_share_4q_avg": 0,
            "equity": null,
            "current_ratio": null,
            "debt_ratio": null,
            "inventory_turnover_ratio": null,
            "account_receivable_turnover_ratio": null,
            "reinvestment_rate": null,
            "research_to_sale_ratio": null,
            "price_fair": 0,
            "eps_avg_yearly": 0,
            "eps_latest_yearly": 0,
            "eps_growth_yearly": 0
        },
        "20031": {
            "year_quarter": 20031,
            "year": 2003,
            "quarter": 1,
            "eps": null,
            "eps_growth_year": null,
            "eps_4q": null,
            "eps_4q_growth_year": null,
            "roe": null,
            "roe_4q": 0,
            "gross_profit": null,
            "gross_margin": null,
            "gross_margin_4q_avg": 0,
            "net_income": null,
            "net_income_4q": null,
            "revenue": null,
            "revenue_4q": null,
            "common_shares": null,
            "book_valuer_per_share": null,
            "book_valuer_per_share_4q_avg": 0,
            "equity": null,
            "current_ratio": null,
            "debt_ratio": null,
            "inventory_turnover_ratio": null,
            "account_receivable_turnover_ratio": null,
            "reinvestment_rate": null,
            "research_to_sale_ratio": null,
            "price_fair": 0,
            "eps_avg_yearly": 0,
            "eps_latest_yearly": 0,
            "eps_growth_yearly": 0
        },
        "20032": {
            "year_quarter": 20032,
            "year": 2003,
            "quarter": 2,
            "eps": null,
            "eps_growth_year": null,
            "eps_4q": null,
            "eps_4q_growth_year": null,
            "roe": null,
            "roe_4q": 0,
            "gross_profit": null,
            "gross_margin": null,
            "gross_margin_4q_avg": 0,
            "net_income": null,
            "net_income_4q": null,
            "revenue": null,
            "revenue_4q": null,
            "common_shares": null,
            "book_valuer_per_share": null,
            "book_valuer_per_share_4q_avg": 0,
            "equity": null,
            "current_ratio": null,
            "debt_ratio": null,
            "inventory_turnover_ratio": null,
            "account_receivable_turnover_ratio": null,
            "reinvestment_rate": null,
            "research_to_sale_ratio": null,
            "price_fair": 0,
            "eps_avg_yearly": 0,
            "eps_latest_yearly": 0,
            "eps_growth_yearly": 0
        },
        "20033": {
            "year_quarter": 20033,
            "year": 2003,
            "quarter": 3,
            "eps": null,
            "eps_growth_year": null,
            "eps_4q": null,
            "eps_4q_growth_year": null,
            "roe": null,
            "roe_4q": 0,
            "gross_profit": null,
            "gross_margin": null,
            "gross_margin_4q_avg": 0,
            "net_income": null,
            "net_income_4q": null,
            "revenue": null,
            "revenue_4q": null,
            "common_shares": null,
            "book_valuer_per_share": null,
            "book_valuer_per_share_4q_avg": 0,
            "equity": null,
            "current_ratio": null,
            "debt_ratio": null,
            "inventory_turnover_ratio": null,
            "account_receivable_turnover_ratio": null,
            "reinvestment_rate": null,
            "research_to_sale_ratio": null,
            "price_fair": 0,
            "eps_avg_yearly": 0,
            "eps_latest_yearly": 0,
            "eps_growth_yearly": 0
        },
        "20034": {
            "year_quarter": 20034,
            "year": 2003,
            "quarter": 4,
            "eps": null,
            "eps_growth_year": null,
            "eps_4q": null,
            "eps_4q_growth_year": null,
            "roe": null,
            "roe_4q": 0,
            "gross_profit": null,
            "gross_margin": null,
            "gross_margin_4q_avg": 0,
            "net_income": null,
            "net_income_4q": null,
            "revenue": null,
            "revenue_4q": null,
            "common_shares": null,
            "book_valuer_per_share": null,
            "book_valuer_per_share_4q_avg": 0,
            "equity": null,
            "current_ratio": null,
            "debt_ratio": null,
            "inventory_turnover_ratio": null,
            "account_receivable_turnover_ratio": null,
            "reinvestment_rate": null,
            "research_to_sale_ratio": null,
            "price_fair": 0,
            "eps_avg_yearly": 0,
            "eps_latest_yearly": 0,
            "eps_growth_yearly": 0
        },
        "20041": {
            "year_quarter": 20041,
            "year": 2004,
            "quarter": 1,
            "eps": null,
            "eps_growth_year": null,
            "eps_4q": null,
            "eps_4q_growth_year": null,
            "roe": null,
            "roe_4q": 0,
            "gross_profit": null,
            "gross_margin": null,
            "gross_margin_4q_avg": 0,
            "net_income": null,
            "net_income_4q": null,
            "revenue": null,
            "revenue_4q": null,
            "common_shares": null,
            "book_valuer_per_share": null,
            "book_valuer_per_share_4q_avg": 0,
            "equity": null,
            "current_ratio": null,
            "debt_ratio": null,
            "inventory_turnover_ratio": null,
            "account_receivable_turnover_ratio": null,
            "reinvestment_rate": null,
            "research_to_sale_ratio": null,
            "price_fair": 0,
            "eps_avg_yearly": 0,
            "eps_latest_yearly": 0,
            "eps_growth_yearly": 0
        },
        "20042": {
            "year_quarter": 20042,
            "year": 2004,
            "quarter": 2,
            "eps": null,
            "eps_growth_year": null,
            "eps_4q": null,
            "eps_4q_growth_year": null,
            "roe": null,
            "roe_4q": 0,
            "gross_profit": null,
            "gross_margin": null,
            "gross_margin_4q_avg": 0,
            "net_income": null,
            "net_income_4q": null,
            "revenue": null,
            "revenue_4q": null,
            "common_shares": null,
            "book_valuer_per_share": null,
            "book_valuer_per_share_4q_avg": 0,
            "equity": null,
            "current_ratio": null,
            "debt_ratio": null,
            "inventory_turnover_ratio": null,
            "account_receivable_turnover_ratio": null,
            "reinvestment_rate": null,
            "research_to_sale_ratio": null,
            "price_fair": 0,
            "eps_avg_yearly": 0,
            "eps_latest_yearly": 0,
            "eps_growth_yearly": 0
        },
        "20043": {
            "year_quarter": 20043,
            "year": 2004,
            "quarter": 3,
            "eps": null,
            "eps_growth_year": null,
            "eps_4q": null,
            "eps_4q_growth_year": null,
            "roe": null,
            "roe_4q": 0,
            "gross_profit": null,
            "gross_margin": null,
            "gross_margin_4q_avg": 0,
            "net_income": null,
            "net_income_4q": null,
            "revenue": null,
            "revenue_4q": null,
            "common_shares": null,
            "book_valuer_per_share": null,
            "book_valuer_per_share_4q_avg": 0,
            "equity": null,
            "current_ratio": null,
            "debt_ratio": null,
            "inventory_turnover_ratio": null,
            "account_receivable_turnover_ratio": null,
            "reinvestment_rate": null,
            "research_to_sale_ratio": null,
            "price_fair": 0,
            "eps_avg_yearly": 0,
            "eps_latest_yearly": 0,
            "eps_growth_yearly": 0
        },
        "20044": {
            "year_quarter": 20044,
            "year": 2004,
            "quarter": 4,
            "eps": null,
            "eps_growth_year": null,
            "eps_4q": null,
            "eps_4q_growth_year": null,
            "roe": null,
            "roe_4q": 0,
            "gross_profit": null,
            "gross_margin": null,
            "gross_margin_4q_avg": 0,
            "net_income": null,
            "net_income_4q": null,
            "revenue": null,
            "revenue_4q": null,
            "common_shares": null,
            "book_valuer_per_share": null,
            "book_valuer_per_share_4q_avg": 0,
            "equity": null,
            "current_ratio": null,
            "debt_ratio": null,
            "inventory_turnover_ratio": null,
            "account_receivable_turnover_ratio": null,
            "reinvestment_rate": null,
            "research_to_sale_ratio": null,
            "price_fair": 0,
            "eps_avg_yearly": 0,
            "eps_latest_yearly": 0,
            "eps_growth_yearly": 0
        },
        "20051": {
            "year_quarter": 20051,
            "year": 2005,
            "quarter": 1,
            "eps": null,
            "eps_growth_year": null,
            "eps_4q": null,
            "eps_4q_growth_year": null,
            "roe": null,
            "roe_4q": 0,
            "gross_profit": null,
            "gross_margin": null,
            "gross_margin_4q_avg": 0,
            "net_income": null,
            "net_income_4q": null,
            "revenue": null,
            "revenue_4q": null,
            "common_shares": null,
            "book_valuer_per_share": null,
            "book_valuer_per_share_4q_avg": 0,
            "equity": null,
            "current_ratio": null,
            "debt_ratio": null,
            "inventory_turnover_ratio": null,
            "account_receivable_turnover_ratio": null,
            "reinvestment_rate": null,
            "research_to_sale_ratio": null,
            "price_fair": 0,
            "eps_avg_yearly": 0,
            "eps_latest_yearly": 0,
            "eps_growth_yearly": 0
        },
        "20052": {
            "year_quarter": 20052,
            "year": 2005,
            "quarter": 2,
            "eps": null,
            "eps_growth_year": null,
            "eps_4q": null,
            "eps_4q_growth_year": null,
            "roe": null,
            "roe_4q": 0,
            "gross_profit": null,
            "gross_margin": null,
            "gross_margin_4q_avg": 0,
            "net_income": null,
            "net_income_4q": null,
            "revenue": null,
            "revenue_4q": null,
            "common_shares": null,
            "book_valuer_per_share": null,
            "book_valuer_per_share_4q_avg": 0,
            "equity": null,
            "current_ratio": null,
            "debt_ratio": null,
            "inventory_turnover_ratio": null,
            "account_receivable_turnover_ratio": null,
            "reinvestment_rate": null,
            "research_to_sale_ratio": null,
            "price_fair": 0,
            "eps_avg_yearly": 0,
            "eps_latest_yearly": 0,
            "eps_growth_yearly": 0
        },
        "20053": {
            "year_quarter": 20053,
            "year": 2005,
            "quarter": 3,
            "eps": null,
            "eps_growth_year": null,
            "eps_4q": null,
            "eps_4q_growth_year": null,
            "roe": null,
            "roe_4q": 0,
            "gross_profit": null,
            "gross_margin": null,
            "gross_margin_4q_avg": 0,
            "net_income": null,
            "net_income_4q": null,
            "revenue": null,
            "revenue_4q": null,
            "common_shares": null,
            "book_valuer_per_share": null,
            "book_valuer_per_share_4q_avg": 0,
            "equity": null,
            "current_ratio": null,
            "debt_ratio": null,
            "inventory_turnover_ratio": null,
            "account_receivable_turnover_ratio": null,
            "reinvestment_rate": null,
            "research_to_sale_ratio": null,
            "price_fair": 0,
            "eps_avg_yearly": 0,
            "eps_latest_yearly": 0,
            "eps_growth_yearly": 0
        },
        "20054": {
            "year_quarter": 20054,
            "year": 2005,
            "quarter": 4,
            "eps": null,
            "eps_growth_year": null,
            "eps_4q": null,
            "eps_4q_growth_year": null,
            "roe": null,
            "roe_4q": 0,
            "gross_profit": null,
            "gross_margin": null,
            "gross_margin_4q_avg": 0,
            "net_income": null,
            "net_income_4q": null,
            "revenue": null,
            "revenue_4q": null,
            "common_shares": null,
            "book_valuer_per_share": null,
            "book_valuer_per_share_4q_avg": 0,
            "equity": null,
            "current_ratio": null,
            "debt_ratio": null,
            "inventory_turnover_ratio": null,
            "account_receivable_turnover_ratio": null,
            "reinvestment_rate": null,
            "research_to_sale_ratio": null,
            "price_fair": 0,
            "eps_avg_yearly": 0,
            "eps_latest_yearly": 0,
            "eps_growth_yearly": 0
        },
        "20061": {
            "year_quarter": 20061,
            "year": 2006,
            "quarter": 1,
            "eps": null,
            "eps_growth_year": null,
            "eps_4q": null,
            "eps_4q_growth_year": null,
            "roe": null,
            "roe_4q": 0,
            "gross_profit": null,
            "gross_margin": null,
            "gross_margin_4q_avg": 0,
            "net_income": null,
            "net_income_4q": null,
            "revenue": null,
            "revenue_4q": null,
            "common_shares": null,
            "book_valuer_per_share": null,
            "book_valuer_per_share_4q_avg": 0,
            "equity": null,
            "current_ratio": null,
            "debt_ratio": null,
            "inventory_turnover_ratio": null,
            "account_receivable_turnover_ratio": null,
            "reinvestment_rate": null,
            "research_to_sale_ratio": null,
            "price_fair": 0,
            "eps_avg_yearly": 0,
            "eps_latest_yearly": 0,
            "eps_growth_yearly": 0
        },
        "20062": {
            "year_quarter": 20062,
            "year": 2006,
            "quarter": 2,
            "eps": null,
            "eps_growth_year": null,
            "eps_4q": null,
            "eps_4q_growth_year": null,
            "roe": null,
            "roe_4q": 0,
            "gross_profit": null,
            "gross_margin": null,
            "gross_margin_4q_avg": 0,
            "net_income": null,
            "net_income_4q": null,
            "revenue": null,
            "revenue_4q": null,
            "common_shares": null,
            "book_valuer_per_share": null,
            "book_valuer_per_share_4q_avg": 0,
            "equity": null,
            "current_ratio": null,
            "debt_ratio": null,
            "inventory_turnover_ratio": null,
            "account_receivable_turnover_ratio": null,
            "reinvestment_rate": null,
            "research_to_sale_ratio": null,
            "price_fair": 0,
            "eps_avg_yearly": 0,
            "eps_latest_yearly": 0,
            "eps_growth_yearly": 0
        },
        "20063": {
            "year_quarter": 20063,
            "year": 2006,
            "quarter": 3,
            "eps": null,
            "eps_growth_year": null,
            "eps_4q": null,
            "eps_4q_growth_year": null,
            "roe": null,
            "roe_4q": 0,
            "gross_profit": null,
            "gross_margin": null,
            "gross_margin_4q_avg": 0,
            "net_income": null,
            "net_income_4q": null,
            "revenue": null,
            "revenue_4q": null,
            "common_shares": null,
            "book_valuer_per_share": null,
            "book_valuer_per_share_4q_avg": 0,
            "equity": null,
            "current_ratio": null,
            "debt_ratio": null,
            "inventory_turnover_ratio": null,
            "account_receivable_turnover_ratio": null,
            "reinvestment_rate": null,
            "research_to_sale_ratio": null,
            "price_fair": 0,
            "eps_avg_yearly": 0,
            "eps_latest_yearly": 0,
            "eps_growth_yearly": 0
        },
        "20064": {
            "year_quarter": 20064,
            "year": 2006,
            "quarter": 4,
            "eps": null,
            "eps_growth_year": null,
            "eps_4q": null,
            "eps_4q_growth_year": null,
            "roe": null,
            "roe_4q": 0,
            "gross_profit": null,
            "gross_margin": null,
            "gross_margin_4q_avg": 0,
            "net_income": null,
            "net_income_4q": null,
            "revenue": null,
            "revenue_4q": null,
            "common_shares": null,
            "book_valuer_per_share": null,
            "book_valuer_per_share_4q_avg": 0,
            "equity": null,
            "current_ratio": null,
            "debt_ratio": null,
            "inventory_turnover_ratio": null,
            "account_receivable_turnover_ratio": null,
            "reinvestment_rate": null,
            "research_to_sale_ratio": null,
            "price_fair": 0,
            "eps_avg_yearly": 0,
            "eps_latest_yearly": 0,
            "eps_growth_yearly": 0
        },
        "20071": {
            "year_quarter": 20071,
            "year": 2007,
            "quarter": 1,
            "eps": null,
            "eps_growth_year": null,
            "eps_4q": null,
            "eps_4q_growth_year": null,
            "roe": null,
            "roe_4q": 0,
            "gross_profit": null,
            "gross_margin": null,
            "gross_margin_4q_avg": 0,
            "net_income": null,
            "net_income_4q": null,
            "revenue": null,
            "revenue_4q": null,
            "common_shares": null,
            "book_valuer_per_share": null,
            "book_valuer_per_share_4q_avg": 0,
            "equity": null,
            "current_ratio": null,
            "debt_ratio": null,
            "inventory_turnover_ratio": null,
            "account_receivable_turnover_ratio": null,
            "reinvestment_rate": null,
            "research_to_sale_ratio": null,
            "price_fair": 0,
            "eps_avg_yearly": 0,
            "eps_latest_yearly": 0,
            "eps_growth_yearly": 0
        },
        "20072": {
            "year_quarter": 20072,
            "year": 2007,
            "quarter": 2,
            "eps": null,
            "eps_growth_year": null,
            "eps_4q": null,
            "eps_4q_growth_year": null,
            "roe": null,
            "roe_4q": 0,
            "gross_profit": null,
            "gross_margin": null,
            "gross_margin_4q_avg": 0,
            "net_income": null,
            "net_income_4q": null,
            "revenue": null,
            "revenue_4q": null,
            "common_shares": null,
            "book_valuer_per_share": null,
            "book_valuer_per_share_4q_avg": 0,
            "equity": null,
            "current_ratio": null,
            "debt_ratio": null,
            "inventory_turnover_ratio": null,
            "account_receivable_turnover_ratio": null,
            "reinvestment_rate": null,
            "research_to_sale_ratio": null,
            "price_fair": 0,
            "eps_avg_yearly": 0,
            "eps_latest_yearly": 0,
            "eps_growth_yearly": 0
        },
        "20073": {
            "year_quarter": 20073,
            "year": 2007,
            "quarter": 3,
            "eps": null,
            "eps_growth_year": null,
            "eps_4q": null,
            "eps_4q_growth_year": null,
            "roe": null,
            "roe_4q": 0,
            "gross_profit": null,
            "gross_margin": null,
            "gross_margin_4q_avg": 0,
            "net_income": null,
            "net_income_4q": null,
            "revenue": null,
            "revenue_4q": null,
            "common_shares": null,
            "book_valuer_per_share": null,
            "book_valuer_per_share_4q_avg": 0,
            "equity": null,
            "current_ratio": null,
            "debt_ratio": null,
            "inventory_turnover_ratio": null,
            "account_receivable_turnover_ratio": null,
            "reinvestment_rate": null,
            "research_to_sale_ratio": null,
            "price_fair": 0,
            "eps_avg_yearly": 0,
            "eps_latest_yearly": 0,
            "eps_growth_yearly": 0
        },
        "20074": {
            "year_quarter": 20074,
            "year": 2007,
            "quarter": 4,
            "eps": null,
            "eps_growth_year": null,
            "eps_4q": null,
            "eps_4q_growth_year": null,
            "roe": null,
            "roe_4q": 0,
            "gross_profit": null,
            "gross_margin": null,
            "gross_margin_4q_avg": 0,
            "net_income": null,
            "net_income_4q": null,
            "revenue": null,
            "revenue_4q": null,
            "common_shares": 200000,
            "book_valuer_per_share": 18.66,
            "book_valuer_per_share_4q_avg": 4.67,
            "equity": 373217,
            "current_ratio": 336.43,
            "debt_ratio": 28.47,
            "inventory_turnover_ratio": null,
            "account_receivable_turnover_ratio": null,
            "reinvestment_rate": null,
            "research_to_sale_ratio": null,
            "price_fair": 0,
            "eps_avg_yearly": 0,
            "eps_latest_yearly": 0,
            "eps_growth_yearly": 0
        },
        "20081": {
            "year_quarter": 20081,
            "year": 2008,
            "quarter": 1,
            "eps": null,
            "eps_growth_year": null,
            "eps_4q": null,
            "eps_4q_growth_year": null,
            "roe": null,
            "roe_4q": 0,
            "gross_profit": null,
            "gross_margin": null,
            "gross_margin_4q_avg": 0,
            "net_income": null,
            "net_income_4q": null,
            "revenue": null,
            "revenue_4q": null,
            "common_shares": null,
            "book_valuer_per_share": null,
            "book_valuer_per_share_4q_avg": 4.67,
            "equity": null,
            "current_ratio": null,
            "debt_ratio": null,
            "inventory_turnover_ratio": null,
            "account_receivable_turnover_ratio": null,
            "reinvestment_rate": null,
            "research_to_sale_ratio": null,
            "price_fair": 0,
            "eps_avg_yearly": 0,
            "eps_latest_yearly": 0,
            "eps_growth_yearly": 0
        },
        "20082": {
            "year_quarter": 20082,
            "year": 2008,
            "quarter": 2,
            "eps": null,
            "eps_growth_year": null,
            "eps_4q": null,
            "eps_4q_growth_year": null,
            "roe": null,
            "roe_4q": 0,
            "gross_profit": null,
            "gross_margin": null,
            "gross_margin_4q_avg": 0,
            "net_income": null,
            "net_income_4q": null,
            "revenue": null,
            "revenue_4q": null,
            "common_shares": null,
            "book_valuer_per_share": null,
            "book_valuer_per_share_4q_avg": 4.67,
            "equity": null,
            "current_ratio": null,
            "debt_ratio": null,
            "inventory_turnover_ratio": null,
            "account_receivable_turnover_ratio": null,
            "reinvestment_rate": null,
            "research_to_sale_ratio": null,
            "price_fair": 0,
            "eps_avg_yearly": 0,
            "eps_latest_yearly": 0,
            "eps_growth_yearly": 0
        },
        "20083": {
            "year_quarter": 20083,
            "year": 2008,
            "quarter": 3,
            "eps": null,
            "eps_growth_year": null,
            "eps_4q": null,
            "eps_4q_growth_year": null,
            "roe": null,
            "roe_4q": 0,
            "gross_profit": null,
            "gross_margin": null,
            "gross_margin_4q_avg": 0,
            "net_income": null,
            "net_income_4q": null,
            "revenue": null,
            "revenue_4q": null,
            "common_shares": null,
            "book_valuer_per_share": null,
            "book_valuer_per_share_4q_avg": 4.67,
            "equity": null,
            "current_ratio": null,
            "debt_ratio": null,
            "inventory_turnover_ratio": null,
            "account_receivable_turnover_ratio": null,
            "reinvestment_rate": null,
            "research_to_sale_ratio": null,
            "price_fair": 0,
            "eps_avg_yearly": 0,
            "eps_latest_yearly": 0,
            "eps_growth_yearly": 0
        },
        "20084": {
            "year_quarter": 20084,
            "year": 2008,
            "quarter": 4,
            "eps": null,
            "eps_growth_year": null,
            "eps_4q": null,
            "eps_4q_growth_year": null,
            "roe": null,
            "roe_4q": 0,
            "gross_profit": null,
            "gross_margin": null,
            "gross_margin_4q_avg": 0,
            "net_income": null,
            "net_income_4q": null,
            "revenue": null,
            "revenue_4q": null,
            "common_shares": 210680,
            "book_valuer_per_share": 22.75,
            "book_valuer_per_share_4q_avg": 5.69,
            "equity": 479313,
            "current_ratio": 275.96,
            "debt_ratio": 33.81,
            "inventory_turnover_ratio": null,
            "account_receivable_turnover_ratio": null,
            "reinvestment_rate": null,
            "research_to_sale_ratio": null,
            "price_fair": 0,
            "eps_avg_yearly": 0,
            "eps_latest_yearly": 0,
            "eps_growth_yearly": 0
        },
        "20091": {
            "year_quarter": 20091,
            "year": 2009,
            "quarter": 1,
            "eps": null,
            "eps_growth_year": null,
            "eps_4q": null,
            "eps_4q_growth_year": null,
            "roe": null,
            "roe_4q": 0,
            "gross_profit": null,
            "gross_margin": null,
            "gross_margin_4q_avg": 0,
            "net_income": null,
            "net_income_4q": null,
            "revenue": null,
            "revenue_4q": null,
            "common_shares": null,
            "book_valuer_per_share": null,
            "book_valuer_per_share_4q_avg": 5.69,
            "equity": null,
            "current_ratio": null,
            "debt_ratio": null,
            "inventory_turnover_ratio": null,
            "account_receivable_turnover_ratio": null,
            "reinvestment_rate": null,
            "research_to_sale_ratio": null,
            "price_fair": 0,
            "eps_avg_yearly": 0,
            "eps_latest_yearly": 0,
            "eps_growth_yearly": 0
        },
        "20092": {
            "year_quarter": 20092,
            "year": 2009,
            "quarter": 2,
            "eps": null,
            "eps_growth_year": null,
            "eps_4q": null,
            "eps_4q_growth_year": null,
            "roe": null,
            "roe_4q": 0,
            "gross_profit": null,
            "gross_margin": null,
            "gross_margin_4q_avg": 0,
            "net_income": null,
            "net_income_4q": null,
            "revenue": null,
            "revenue_4q": null,
            "common_shares": null,
            "book_valuer_per_share": null,
            "book_valuer_per_share_4q_avg": 5.69,
            "equity": null,
            "current_ratio": null,
            "debt_ratio": null,
            "inventory_turnover_ratio": null,
            "account_receivable_turnover_ratio": null,
            "reinvestment_rate": null,
            "research_to_sale_ratio": null,
            "price_fair": 0,
            "eps_avg_yearly": 0,
            "eps_latest_yearly": 0,
            "eps_growth_yearly": 0
        },
        "20093": {
            "year_quarter": 20093,
            "year": 2009,
            "quarter": 3,
            "eps": null,
            "eps_growth_year": null,
            "eps_4q": null,
            "eps_4q_growth_year": null,
            "roe": null,
            "roe_4q": 0,
            "gross_profit": null,
            "gross_margin": null,
            "gross_margin_4q_avg": 0,
            "net_income": null,
            "net_income_4q": null,
            "revenue": null,
            "revenue_4q": null,
            "common_shares": null,
            "book_valuer_per_share": null,
            "book_valuer_per_share_4q_avg": 5.69,
            "equity": null,
            "current_ratio": null,
            "debt_ratio": null,
            "inventory_turnover_ratio": null,
            "account_receivable_turnover_ratio": null,
            "reinvestment_rate": null,
            "research_to_sale_ratio": null,
            "price_fair": 0,
            "eps_avg_yearly": 0,
            "eps_latest_yearly": 0,
            "eps_growth_yearly": 0
        },
        "20094": {
            "year_quarter": 20094,
            "year": 2009,
            "quarter": 4,
            "eps": null,
            "eps_growth_year": null,
            "eps_4q": null,
            "eps_4q_growth_year": null,
            "roe": null,
            "roe_4q": 0,
            "gross_profit": null,
            "gross_margin": null,
            "gross_margin_4q_avg": 0,
            "net_income": null,
            "net_income_4q": null,
            "revenue": null,
            "revenue_4q": null,
            "common_shares": 233788,
            "book_valuer_per_share": 35.61,
            "book_valuer_per_share_4q_avg": 8.9,
            "equity": 832484,
            "current_ratio": 312.52,
            "debt_ratio": 34.18,
            "inventory_turnover_ratio": null,
            "account_receivable_turnover_ratio": null,
            "reinvestment_rate": null,
            "research_to_sale_ratio": null,
            "price_fair": 0,
            "eps_avg_yearly": 0,
            "eps_latest_yearly": 0,
            "eps_growth_yearly": 0
        },
        "20101": {
            "year_quarter": 20101,
            "year": 2010,
            "quarter": 1,
            "eps": null,
            "eps_growth_year": null,
            "eps_4q": null,
            "eps_4q_growth_year": null,
            "roe": null,
            "roe_4q": 0,
            "gross_profit": null,
            "gross_margin": null,
            "gross_margin_4q_avg": 0,
            "net_income": null,
            "net_income_4q": null,
            "revenue": null,
            "revenue_4q": null,
            "common_shares": null,
            "book_valuer_per_share": null,
            "book_valuer_per_share_4q_avg": 8.9,
            "equity": null,
            "current_ratio": null,
            "debt_ratio": null,
            "inventory_turnover_ratio": null,
            "account_receivable_turnover_ratio": null,
            "reinvestment_rate": null,
            "research_to_sale_ratio": null,
            "price_fair": 0,
            "eps_avg_yearly": 0,
            "eps_latest_yearly": 0,
            "eps_growth_yearly": 0
        },
        "20102": {
            "year_quarter": 20102,
            "year": 2010,
            "quarter": 2,
            "eps": null,
            "eps_growth_year": null,
            "eps_4q": null,
            "eps_4q_growth_year": null,
            "roe": null,
            "roe_4q": 0,
            "gross_profit": null,
            "gross_margin": null,
            "gross_margin_4q_avg": 0,
            "net_income": null,
            "net_income_4q": null,
            "revenue": null,
            "revenue_4q": null,
            "common_shares": 284026,
            "book_valuer_per_share": null,
            "book_valuer_per_share_4q_avg": 8.9,
            "equity": 985214,
            "current_ratio": null,
            "debt_ratio": null,
            "inventory_turnover_ratio": null,
            "account_receivable_turnover_ratio": null,
            "reinvestment_rate": null,
            "research_to_sale_ratio": null,
            "price_fair": 0,
            "eps_avg_yearly": 0,
            "eps_latest_yearly": 0,
            "eps_growth_yearly": 0
        },
        "20103": {
            "year_quarter": 20103,
            "year": 2010,
            "quarter": 3,
            "eps": null,
            "eps_growth_year": null,
            "eps_4q": null,
            "eps_4q_growth_year": null,
            "roe": null,
            "roe_4q": 0,
            "gross_profit": null,
            "gross_margin": null,
            "gross_margin_4q_avg": 0,
            "net_income": null,
            "net_income_4q": null,
            "revenue": null,
            "revenue_4q": null,
            "common_shares": null,
            "book_valuer_per_share": null,
            "book_valuer_per_share_4q_avg": 8.9,
            "equity": null,
            "current_ratio": null,
            "debt_ratio": null,
            "inventory_turnover_ratio": null,
            "account_receivable_turnover_ratio": null,
            "reinvestment_rate": null,
            "research_to_sale_ratio": null,
            "price_fair": 0,
            "eps_avg_yearly": 0,
            "eps_latest_yearly": 0,
            "eps_growth_yearly": 0
        },
        "20104": {
            "year_quarter": 20104,
            "year": 2010,
            "quarter": 4,
            "eps": null,
            "eps_growth_year": null,
            "eps_4q": null,
            "eps_4q_growth_year": null,
            "roe": null,
            "roe_4q": 0,
            "gross_profit": null,
            "gross_margin": null,
            "gross_margin_4q_avg": 0,
            "net_income": null,
            "net_income_4q": null,
            "revenue": null,
            "revenue_4q": null,
            "common_shares": 306026,
            "book_valuer_per_share": 37.7,
            "book_valuer_per_share_4q_avg": 9.43,
            "equity": 1153870,
            "current_ratio": 321.34,
            "debt_ratio": 30.79,
            "inventory_turnover_ratio": null,
            "account_receivable_turnover_ratio": null,
            "reinvestment_rate": null,
            "research_to_sale_ratio": null,
            "price_fair": 0,
            "eps_avg_yearly": 0,
            "eps_latest_yearly": 0,
            "eps_growth_yearly": 0
        },
        "20111": {
            "year_quarter": 20111,
            "year": 2011,
            "quarter": 1,
            "eps": null,
            "eps_growth_year": null,
            "eps_4q": null,
            "eps_4q_growth_year": null,
            "roe": null,
            "roe_4q": 0,
            "gross_profit": null,
            "gross_margin": null,
            "gross_margin_4q_avg": 0,
            "net_income": null,
            "net_income_4q": null,
            "revenue": null,
            "revenue_4q": null,
            "common_shares": null,
            "book_valuer_per_share": null,
            "book_valuer_per_share_4q_avg": 9.43,
            "equity": null,
            "current_ratio": null,
            "debt_ratio": null,
            "inventory_turnover_ratio": null,
            "account_receivable_turnover_ratio": null,
            "reinvestment_rate": null,
            "research_to_sale_ratio": null,
            "price_fair": 0,
            "eps_avg_yearly": 0,
            "eps_latest_yearly": 0,
            "eps_growth_yearly": 0
        },
        "20112": {
            "year_quarter": 20112,
            "year": 2011,
            "quarter": 2,
            "eps": null,
            "eps_growth_year": null,
            "eps_4q": null,
            "eps_4q_growth_year": null,
            "roe": null,
            "roe_4q": 0,
            "gross_profit": null,
            "gross_margin": null,
            "gross_margin_4q_avg": 0,
            "net_income": null,
            "net_income_4q": null,
            "revenue": null,
            "revenue_4q": null,
            "common_shares": 306026,
            "book_valuer_per_share": 38.73,
            "book_valuer_per_share_4q_avg": 19.11,
            "equity": 1185289,
            "current_ratio": 305.3,
            "debt_ratio": 32.6,
            "inventory_turnover_ratio": null,
            "account_receivable_turnover_ratio": null,
            "reinvestment_rate": null,
            "research_to_sale_ratio": null,
            "price_fair": 0,
            "eps_avg_yearly": 0,
            "eps_latest_yearly": 0,
            "eps_growth_yearly": 0
        },
        "20113": {
            "year_quarter": 20113,
            "year": 2011,
            "quarter": 3,
            "eps": null,
            "eps_growth_year": null,
            "eps_4q": null,
            "eps_4q_growth_year": null,
            "roe": null,
            "roe_4q": 0,
            "gross_profit": 120593,
            "gross_margin": null,
            "gross_margin_4q_avg": 0,
            "net_income": 56971,
            "net_income_4q": null,
            "revenue": 381092,
            "revenue_4q": null,
            "common_shares": 369501,
            "book_valuer_per_share": 34.57,
            "book_valuer_per_share_4q_avg": 27.75,
            "equity": 1277305,
            "current_ratio": 314.51,
            "debt_ratio": 32.22,
            "inventory_turnover_ratio": null,
            "account_receivable_turnover_ratio": null,
            "reinvestment_rate": null,
            "research_to_sale_ratio": null,
            "price_fair": 0,
            "eps_avg_yearly": 0,
            "eps_latest_yearly": 0,
            "eps_growth_yearly": 0
        },
        "20114": {
            "year_quarter": 20114,
            "year": 2011,
            "quarter": 4,
            "eps": null,
            "eps_growth_year": null,
            "eps_4q": null,
            "eps_4q_growth_year": null,
            "roe": null,
            "roe_4q": 0,
            "gross_profit": 102768,
            "gross_margin": null,
            "gross_margin_4q_avg": 0,
            "net_income": 46909,
            "net_income_4q": null,
            "revenue": 400745,
            "revenue_4q": null,
            "common_shares": 369501,
            "book_valuer_per_share": 35.7,
            "book_valuer_per_share_4q_avg": 27.25,
            "equity": 1318948,
            "current_ratio": 394.45,
            "debt_ratio": 26.61,
            "inventory_turnover_ratio": null,
            "account_receivable_turnover_ratio": null,
            "reinvestment_rate": null,
            "research_to_sale_ratio": null,
            "price_fair": 0,
            "eps_avg_yearly": 0,
            "eps_latest_yearly": 0,
            "eps_growth_yearly": 0
        },
        "20121": {
            "year_quarter": 20121,
            "year": 2012,
            "quarter": 1,
            "eps": null,
            "eps_growth_year": null,
            "eps_4q": null,
            "eps_4q_growth_year": null,
            "roe": null,
            "roe_4q": 0,
            "gross_profit": 99394,
            "gross_margin": null,
            "gross_margin_4q_avg": 0,
            "net_income": 43835,
            "net_income_4q": null,
            "revenue": 365198,
            "revenue_4q": null,
            "common_shares": 369501,
            "book_valuer_per_share": null,
            "book_valuer_per_share_4q_avg": 27.25,
            "equity": 1345155,
            "current_ratio": null,
            "debt_ratio": null,
            "inventory_turnover_ratio": null,
            "account_receivable_turnover_ratio": null,
            "reinvestment_rate": null,
            "research_to_sale_ratio": null,
            "price_fair": 0,
            "eps_avg_yearly": 0,
            "eps_latest_yearly": 0,
            "eps_growth_yearly": 0
        },
        "20122": {
            "year_quarter": 20122,
            "year": 2012,
            "quarter": 2,
            "eps": null,
            "eps_growth_year": null,
            "eps_4q": null,
            "eps_4q_growth_year": null,
            "roe": null,
            "roe_4q": 0,
            "gross_profit": 213988,
            "gross_margin": null,
            "gross_margin_4q_avg": 0,
            "net_income": 121675,
            "net_income_4q": null,
            "revenue": 545201,
            "revenue_4q": null,
            "common_shares": 369501,
            "book_valuer_per_share": 38.13,
            "book_valuer_per_share_4q_avg": 27.1,
            "equity": 1408896,
            "current_ratio": 330.88,
            "debt_ratio": 31.15,
            "inventory_turnover_ratio": null,
            "account_receivable_turnover_ratio": null,
            "reinvestment_rate": null,
            "research_to_sale_ratio": null,
            "price_fair": 0,
            "eps_avg_yearly": 0,
            "eps_latest_yearly": 0,
            "eps_growth_yearly": 0
        },
        "20123": {
            "year_quarter": 20123,
            "year": 2012,
            "quarter": 3,
            "eps": null,
            "eps_growth_year": null,
            "eps_4q": null,
            "eps_4q_growth_year": null,
            "roe": null,
            "roe_4q": 0,
            "gross_profit": 196622,
            "gross_margin": null,
            "gross_margin_4q_avg": 0,
            "net_income": 105872,
            "net_income_4q": null,
            "revenue": 508288,
            "revenue_4q": null,
            "common_shares": 611516,
            "book_valuer_per_share": 24.51,
            "book_valuer_per_share_4q_avg": 24.59,
            "equity": 1499083,
            "current_ratio": 385.64,
            "debt_ratio": 27.4,
            "inventory_turnover_ratio": null,
            "account_receivable_turnover_ratio": null,
            "reinvestment_rate": null,
            "research_to_sale_ratio": null,
            "price_fair": 0,
            "eps_avg_yearly": 0,
            "eps_latest_yearly": 0,
            "eps_growth_yearly": 0
        },
        "20124": {
            "year_quarter": 20124,
            "year": 2012,
            "quarter": 4,
            "eps": null,
            "eps_growth_year": null,
            "eps_4q": null,
            "eps_4q_growth_year": null,
            "roe": null,
            "roe_4q": 0,
            "gross_profit": 235163,
            "gross_margin": null,
            "gross_margin_4q_avg": 0,
            "net_income": 108202,
            "net_income_4q": null,
            "revenue": 573097,
            "revenue_4q": null,
            "common_shares": 611516,
            "book_valuer_per_share": 26.16,
            "book_valuer_per_share_4q_avg": 22.2,
            "equity": 1599974,
            "current_ratio": 399.89,
            "debt_ratio": 26.72,
            "inventory_turnover_ratio": null,
            "account_receivable_turnover_ratio": null,
            "reinvestment_rate": null,
            "research_to_sale_ratio": null,
            "price_fair": 0,
            "eps_avg_yearly": 0,
            "eps_latest_yearly": 0,
            "eps_growth_yearly": 0
        },
        "20131": {
            "year_quarter": 20131,
            "year": 2013,
            "quarter": 1,
            "eps": 1.42,
            "eps_growth_year": null,
            "eps_4q": 1.42,
            "eps_4q_growth_year": null,
            "roe": 5.22,
            "roe_4q": 5.22,
            "gross_profit": 162781,
            "gross_margin": 37.42,
            "gross_margin_4q_avg": 9.36,
            "net_income": 86754,
            "net_income_4q": null,
            "revenue": 435033,
            "revenue_4q": null,
            "common_shares": 611516,
            "book_valuer_per_share": 28.21,
            "book_valuer_per_share_4q_avg": 29.25,
            "equity": 1724983,
            "current_ratio": 363.22,
            "debt_ratio": 28.77,
            "inventory_turnover_ratio": 1.11,
            "account_receivable_turnover_ratio": 0.48,
            "reinvestment_rate": null,
            "research_to_sale_ratio": 5.82,
            "price_fair": 0,
            "eps_avg_yearly": 0,
            "eps_latest_yearly": 0,
            "eps_growth_yearly": 0
        },
        "20132": {
            "year_quarter": 20132,
            "year": 2013,
            "quarter": 2,
            "eps": 1.2,
            "eps_growth_year": null,
            "eps_4q": 2.19,
            "eps_4q_growth_year": null,
            "roe": 3.99,
            "roe_4q": 9.21,
            "gross_profit": 172825,
            "gross_margin": 35.87,
            "gross_margin_4q_avg": 18.32,
            "net_income": 76102,
            "net_income_4q": null,
            "revenue": 481759,
            "revenue_4q": null,
            "common_shares": 676520,
            "book_valuer_per_share": 30.84,
            "book_valuer_per_share_4q_avg": 27.43,
            "equity": 2086258,
            "current_ratio": 299.77,
            "debt_ratio": 31.26,
            "inventory_turnover_ratio": 1.38,
            "account_receivable_turnover_ratio": 0.62,
            "reinvestment_rate": null,
            "research_to_sale_ratio": 6,
            "price_fair": 14.4,
            "eps_avg_yearly": 4.8,
            "eps_latest_yearly": 4.8,
            "eps_growth_yearly": -61.97
        },
        "20133": {
            "year_quarter": 20133,
            "year": 2013,
            "quarter": 3,
            "eps": 1.27,
            "eps_growth_year": null,
            "eps_4q": 3.46,
            "eps_4q_growth_year": null,
            "roe": 4.46,
            "roe_4q": 13.669999999999998,
            "gross_profit": 192795,
            "gross_margin": 36.14,
            "gross_margin_4q_avg": 27.36,
            "net_income": 94833,
            "net_income_4q": null,
            "revenue": 533511,
            "revenue_4q": null,
            "common_shares": 744172,
            "book_valuer_per_share": 29.07,
            "book_valuer_per_share_4q_avg": 28.57,
            "equity": 2163073,
            "current_ratio": 342.27,
            "debt_ratio": 27.5,
            "inventory_turnover_ratio": 1.66,
            "account_receivable_turnover_ratio": 0.68,
            "reinvestment_rate": null,
            "research_to_sale_ratio": 4.45,
            "price_fair": 14.82,
            "eps_avg_yearly": 4.94,
            "eps_latest_yearly": 5.08,
            "eps_growth_yearly": -19.32
        },
        "20134": {
            "year_quarter": 20134,
            "year": 2013,
            "quarter": 4,
            "eps": 1.84,
            "eps_growth_year": null,
            "eps_4q": 5.3,
            "eps_4q_growth_year": null,
            "roe": 6.12,
            "roe_4q": 19.79,
            "gross_profit": 267014,
            "gross_margin": 40.43,
            "gross_margin_4q_avg": 37.47,
            "net_income": 136724,
            "net_income_4q": null,
            "revenue": 660506,
            "revenue_4q": null,
            "common_shares": 744172,
            "book_valuer_per_share": 31.01,
            "book_valuer_per_share_4q_avg": 29.78,
            "equity": 2307440,
            "current_ratio": 311.09,
            "debt_ratio": 30.32,
            "inventory_turnover_ratio": 1.82,
            "account_receivable_turnover_ratio": 0.69,
            "reinvestment_rate": null,
            "research_to_sale_ratio": 4.95,
            "price_fair": 201.13,
            "eps_avg_yearly": 5.75,
            "eps_latest_yearly": 7.36,
            "eps_growth_yearly": 46.96
        },
        "20141": {
            "year_quarter": 20141,
            "year": 2014,
            "quarter": 1,
            "eps": 0.92,
            "eps_growth_year": -35.21,
            "eps_4q": 5.05,
            "eps_4q_growth_year": 256.07,
            "roe": 2.9,
            "roe_4q": 17.47,
            "gross_profit": 153870,
            "gross_margin": 32.06,
            "gross_margin_4q_avg": 36.13,
            "net_income": 68257,
            "net_income_4q": null,
            "revenue": 479996,
            "revenue_4q": null,
            "common_shares": 744172,
            "book_valuer_per_share": 32.24,
            "book_valuer_per_share_4q_avg": 30.79,
            "equity": 2399415,
            "current_ratio": 420.19,
            "debt_ratio": 23.33,
            "inventory_turnover_ratio": 1.42,
            "account_receivable_turnover_ratio": 0.48,
            "reinvestment_rate": null,
            "research_to_sale_ratio": 5.47,
            "price_fair": 15.69,
            "eps_avg_yearly": 5.23,
            "eps_latest_yearly": 3.68,
            "eps_growth_yearly": -14.78
        },
        "20142": {
            "year_quarter": 20142,
            "year": 2014,
            "quarter": 2,
            "eps": 1.88,
            "eps_growth_year": 56.67,
            "eps_4q": 5.91,
            "eps_4q_growth_year": 169.96,
            "roe": 5.96,
            "roe_4q": 19.44,
            "gross_profit": 278093,
            "gross_margin": 41.07,
            "gross_margin_4q_avg": 37.43,
            "net_income": 139834,
            "net_income_4q": null,
            "revenue": 677163,
            "revenue_4q": null,
            "common_shares": 744172,
            "book_valuer_per_share": 30.83,
            "book_valuer_per_share_4q_avg": 30.79,
            "equity": 2294297,
            "current_ratio": 290.38,
            "debt_ratio": 31.77,
            "inventory_turnover_ratio": 1.74,
            "account_receivable_turnover_ratio": 0.7,
            "reinvestment_rate": null,
            "research_to_sale_ratio": 5.92,
            "price_fair": 199.08,
            "eps_avg_yearly": 5.69,
            "eps_latest_yearly": 7.52,
            "eps_growth_yearly": 71.66
        },
        "20143": {
            "year_quarter": 20143,
            "year": 2014,
            "quarter": 3,
            "eps": 1.75,
            "eps_growth_year": 37.8,
            "eps_4q": 6.39,
            "eps_4q_growth_year": 84.45,
            "roe": 5.51,
            "roe_4q": 20.49,
            "gross_profit": 218890,
            "gross_margin": 35.73,
            "gross_margin_4q_avg": 37.32,
            "net_income": 130495,
            "net_income_4q": null,
            "revenue": 612556,
            "revenue_4q": null,
            "common_shares": 744172,
            "book_valuer_per_share": 32.86,
            "book_valuer_per_share_4q_avg": 31.74,
            "equity": 2445118,
            "current_ratio": 315.08,
            "debt_ratio": 27.27,
            "inventory_turnover_ratio": 1.68,
            "account_receivable_turnover_ratio": 0.6,
            "reinvestment_rate": null,
            "research_to_sale_ratio": 3.68,
            "price_fair": 206.73,
            "eps_avg_yearly": 5.91,
            "eps_latest_yearly": 7,
            "eps_growth_yearly": 55.1
        },
        "20144": {
            "year_quarter": 20144,
            "year": 2014,
            "quarter": 4,
            "eps": 2.19,
            "eps_growth_year": 19.36,
            "eps_4q": 6.74,
            "eps_4q_growth_year": 27.22,
            "roe": 6.4,
            "roe_4q": 20.77,
            "gross_profit": 231668,
            "gross_margin": 36.28,
            "gross_margin_4q_avg": 36.29,
            "net_income": 163194,
            "net_income_4q": null,
            "revenue": 638544,
            "revenue_4q": null,
            "common_shares": 744172,
            "book_valuer_per_share": 35.67,
            "book_valuer_per_share_4q_avg": 32.9,
            "equity": 2654716,
            "current_ratio": 381.23,
            "debt_ratio": 23.83,
            "inventory_turnover_ratio": 1.69,
            "account_receivable_turnover_ratio": 0.6,
            "reinvestment_rate": null,
            "research_to_sale_ratio": 3.89,
            "price_fair": 221,
            "eps_avg_yearly": 6.31,
            "eps_latest_yearly": 8.76,
            "eps_growth_yearly": 61.6
        },
        "20151": {
            "year_quarter": 20151,
            "year": 2015,
            "quarter": 1,
            "eps": 1.12,
            "eps_growth_year": 21.74,
            "eps_4q": 6.94,
            "eps_4q_growth_year": 37.48,
            "roe": 3.1,
            "roe_4q": 20.97,
            "gross_profit": 163396,
            "gross_margin": 32.74,
            "gross_margin_4q_avg": 36.46,
            "net_income": 83304,
            "net_income_4q": null,
            "revenue": 499081,
            "revenue_4q": null,
            "common_shares": 744172,
            "book_valuer_per_share": 36.62,
            "book_valuer_per_share_4q_avg": 34,
            "equity": 2724810,
            "current_ratio": 394.12,
            "debt_ratio": 22.63,
            "inventory_turnover_ratio": 1.37,
            "account_receivable_turnover_ratio": 0.51,
            "reinvestment_rate": null,
            "research_to_sale_ratio": 4.53,
            "price_fair": 212.98,
            "eps_avg_yearly": 6.09,
            "eps_latest_yearly": 4.48,
            "eps_growth_yearly": 29.47
        },
        "20152": {
            "year_quarter": 20152,
            "year": 2015,
            "quarter": 2,
            "eps": 0.73,
            "eps_growth_year": -61.17,
            "eps_4q": 5.79,
            "eps_4q_growth_year": -1.94,
            "roe": 2.09,
            "roe_4q": 17.1,
            "gross_profit": 159100,
            "gross_margin": 33.58,
            "gross_margin_4q_avg": 34.58,
            "net_income": 54114,
            "net_income_4q": null,
            "revenue": 473770,
            "revenue_4q": null,
            "common_shares": 744172,
            "book_valuer_per_share": 33.12,
            "book_valuer_per_share_4q_avg": 34.57,
            "equity": 2464575,
            "current_ratio": 297.01,
            "debt_ratio": 28.71,
            "inventory_turnover_ratio": 1.42,
            "account_receivable_turnover_ratio": 0.57,
            "reinvestment_rate": 37.62,
            "research_to_sale_ratio": 4.83,
            "price_fair": 118.79,
            "eps_avg_yearly": 5.73,
            "eps_latest_yearly": 2.92,
            "eps_growth_yearly": 10.72
        },
        "20153": {
            "year_quarter": 20153,
            "year": 2015,
            "quarter": 3,
            "eps": 2.06,
            "eps_growth_year": 17.71,
            "eps_4q": 6.13,
            "eps_4q_growth_year": -4.08,
            "roe": 5.96,
            "roe_4q": 17.55,
            "gross_profit": 192634,
            "gross_margin": 34.3,
            "gross_margin_4q_avg": 34.23,
            "net_income": 153253,
            "net_income_4q": null,
            "revenue": 561544,
            "revenue_4q": null,
            "common_shares": 744172,
            "book_valuer_per_share": 36.2,
            "book_valuer_per_share_4q_avg": 35.4,
            "equity": 2681890,
            "current_ratio": 409.76,
            "debt_ratio": 22.12,
            "inventory_turnover_ratio": 1.83,
            "account_receivable_turnover_ratio": 0.67,
            "reinvestment_rate": 36.9,
            "research_to_sale_ratio": 3.4,
            "price_fair": 209.44,
            "eps_avg_yearly": 5.98,
            "eps_latest_yearly": 8.24,
            "eps_growth_yearly": 82.52
        },
        "20154": {
            "year_quarter": 20154,
            "year": 2015,
            "quarter": 4,
            "eps": 1.99,
            "eps_growth_year": -9.3,
            "eps_4q": 5.94,
            "eps_4q_growth_year": -11.88,
            "roe": 5.33,
            "roe_4q": 16.48,
            "gross_profit": 224597,
            "gross_margin": 35.97,
            "gross_margin_4q_avg": 34.15,
            "net_income": 146275,
            "net_income_4q": null,
            "revenue": 624325,
            "revenue_4q": null,
            "common_shares": 744172,
            "book_valuer_per_share": 38.11,
            "book_valuer_per_share_4q_avg": 36.01,
            "equity": 2802641,
            "current_ratio": 438.93,
            "debt_ratio": 20.78,
            "inventory_turnover_ratio": 1.87,
            "account_receivable_turnover_ratio": 0.66,
            "reinvestment_rate": 36.53,
            "research_to_sale_ratio": 4.41,
            "price_fair": 215.73,
            "eps_avg_yearly": 6.16,
            "eps_latest_yearly": 7.96,
            "eps_growth_yearly": 73.79
        },
        "20161": {
            "year_quarter": 20161,
            "year": 2016,
            "quarter": 1,
            "eps": 0.61,
            "eps_growth_year": -45.54,
            "eps_4q": 5.42,
            "eps_4q_growth_year": -21.99,
            "roe": 1.59,
            "roe_4q": 14.969999999999999,
            "gross_profit": 119834,
            "gross_margin": 28.61,
            "gross_margin_4q_avg": 33.12,
            "net_income": 44790,
            "net_income_4q": null,
            "revenue": 418822,
            "revenue_4q": null,
            "common_shares": 744172,
            "book_valuer_per_share": 38.4,
            "book_valuer_per_share_4q_avg": 36.46,
            "equity": 2823511,
            "current_ratio": 512.46,
            "debt_ratio": 18.49,
            "inventory_turnover_ratio": 1.31,
            "account_receivable_turnover_ratio": 0.47,
            "reinvestment_rate": 35.46,
            "research_to_sale_ratio": 4.56,
            "price_fair": 204.87,
            "eps_avg_yearly": 5.85,
            "eps_latest_yearly": 2.44,
            "eps_growth_yearly": 44.52
        },
        "20162": {
            "year_quarter": 20162,
            "year": 2016,
            "quarter": 2,
            "eps": 1.31,
            "eps_growth_year": 79.45,
            "eps_4q": 6,
            "eps_4q_growth_year": 3.5,
            "roe": 3.5,
            "roe_4q": 16.38,
            "gross_profit": 217607,
            "gross_margin": 35.92,
            "gross_margin_4q_avg": 33.7,
            "net_income": 96627,
            "net_income_4q": null,
            "revenue": 605780,
            "revenue_4q": null,
            "common_shares": 744172,
            "book_valuer_per_share": 36.75,
            "book_valuer_per_share_4q_avg": 37.37,
            "equity": 2702844,
            "current_ratio": 325.38,
            "debt_ratio": 26.82,
            "inventory_turnover_ratio": 1.63,
            "account_receivable_turnover_ratio": 0.74,
            "reinvestment_rate": 35.19,
            "research_to_sale_ratio": 3.75,
            "price_fair": 203.22,
            "eps_avg_yearly": 5.81,
            "eps_latest_yearly": 5.24,
            "eps_growth_yearly": 76.41
        },
        "20163": {
            "year_quarter": 20163,
            "year": 2016,
            "quarter": 3,
            "eps": 1.92,
            "eps_growth_year": -6.8,
            "eps_4q": 5.83,
            "eps_4q_growth_year": -4.83,
            "roe": 5.12,
            "roe_4q": 15.540000000000001,
            "gross_profit": 277506,
            "gross_margin": 38.69,
            "gross_margin_4q_avg": 34.8,
            "net_income": 141102,
            "net_income_4q": null,
            "revenue": 717205,
            "revenue_4q": null,
            "common_shares": 744172,
            "book_valuer_per_share": 38.19,
            "book_valuer_per_share_4q_avg": 37.86,
            "equity": 2808144,
            "current_ratio": 336.92,
            "debt_ratio": 24.33,
            "inventory_turnover_ratio": 1.77,
            "account_receivable_turnover_ratio": 0.75,
            "reinvestment_rate": 44.61,
            "research_to_sale_ratio": 2.95,
            "price_fair": 207.9,
            "eps_avg_yearly": 5.94,
            "eps_latest_yearly": 7.68,
            "eps_growth_yearly": 84.25
        },
        "20164": {
            "year_quarter": 20164,
            "year": 2016,
            "quarter": 4,
            "eps": 2.3,
            "eps_growth_year": 15.39,
            "eps_4q": 6.14,
            "eps_4q_growth_year": 3.28,
            "roe": 5.8,
            "roe_4q": 16.01,
            "gross_profit": 266265,
            "gross_margin": 37.23,
            "gross_margin_4q_avg": 35.11,
            "net_income": 168780,
            "net_income_4q": null,
            "revenue": 715133,
            "revenue_4q": null,
            "common_shares": 744172,
            "book_valuer_per_share": 40.95,
            "book_valuer_per_share_4q_avg": 38.57,
            "equity": 3011046,
            "current_ratio": 347.74,
            "debt_ratio": 24.23,
            "inventory_turnover_ratio": 1.68,
            "account_receivable_turnover_ratio": 0.63,
            "reinvestment_rate": 44.71,
            "research_to_sale_ratio": 3.51,
            "price_fair": 215.51,
            "eps_avg_yearly": 6.16,
            "eps_latest_yearly": 9.2,
            "eps_growth_yearly": 83.91
        },
        "20171": {
            "year_quarter": 20171,
            "year": 2017,
            "quarter": 1,
            "eps": 0.37,
            "eps_growth_year": -39.34,
            "eps_4q": 5.89,
            "eps_4q_growth_year": 8.79,
            "roe": 0.9,
            "roe_4q": 15.32,
            "gross_profit": 164441,
            "gross_margin": 34.51,
            "gross_margin_4q_avg": 36.59,
            "net_income": 26948,
            "net_income_4q": null,
            "revenue": 476459,
            "revenue_4q": null,
            "common_shares": 744172,
            "book_valuer_per_share": 40.28,
            "book_valuer_per_share_4q_avg": 39.04,
            "equity": 2962013,
            "current_ratio": 375.95,
            "debt_ratio": 21.81,
            "inventory_turnover_ratio": 1.11,
            "account_receivable_turnover_ratio": 0.45,
            "reinvestment_rate": 49.74,
            "research_to_sale_ratio": 5.04,
            "price_fair": 205.28,
            "eps_avg_yearly": 5.87,
            "eps_latest_yearly": 1.48,
            "eps_growth_yearly": 57.69
        },
        "20172": {
            "year_quarter": 20172,
            "year": 2017,
            "quarter": 2,
            "eps": 1.44,
            "eps_growth_year": 9.92,
            "eps_4q": 6.02,
            "eps_4q_growth_year": 0.36,
            "roe": 3.64,
            "roe_4q": 15.46,
            "gross_profit": 238195,
            "gross_margin": 35.83,
            "gross_margin_4q_avg": 36.57,
            "net_income": 105712,
            "net_income_4q": null,
            "revenue": 664854,
            "revenue_4q": null,
            "common_shares": 744172,
            "book_valuer_per_share": 38.66,
            "book_valuer_per_share_4q_avg": 39.52,
            "equity": 2843159,
            "current_ratio": 289.45,
            "debt_ratio": 27.1,
            "inventory_turnover_ratio": 1.6,
            "account_receivable_turnover_ratio": 0.68,
            "reinvestment_rate": 41.65,
            "research_to_sale_ratio": 4.18,
            "price_fair": 207.38,
            "eps_avg_yearly": 5.93,
            "eps_latest_yearly": 5.76,
            "eps_growth_yearly": 133.86
        },
        "20173": {
            "year_quarter": 20173,
            "year": 2017,
            "quarter": 3,
            "eps": 1.6,
            "eps_growth_year": -16.67,
            "eps_4q": 5.7,
            "eps_4q_growth_year": -2.19,
            "roe": 4.07,
            "roe_4q": 14.41,
            "gross_profit": 248694,
            "gross_margin": 37.21,
            "gross_margin_4q_avg": 36.2,
            "net_income": 117957,
            "net_income_4q": null,
            "revenue": 668334,
            "revenue_4q": null,
            "common_shares": 744172,
            "book_valuer_per_share": 40.18,
            "book_valuer_per_share_4q_avg": 40.02,
            "equity": 2954949,
            "current_ratio": 378.66,
            "debt_ratio": 21.23,
            "inventory_turnover_ratio": 1.73,
            "account_receivable_turnover_ratio": 0.63,
            "reinvestment_rate": 40.91,
            "research_to_sale_ratio": 4.62,
            "price_fair": 210.26,
            "eps_avg_yearly": 6.01,
            "eps_latest_yearly": 6.4,
            "eps_growth_yearly": 135.18
        },
        "20174": {
            "year_quarter": 20174,
            "year": 2017,
            "quarter": 4,
            "eps": 1.81,
            "eps_growth_year": -20.95,
            "eps_4q": 5.22,
            "eps_4q_growth_year": -14.91,
            "roe": 4.43,
            "roe_4q": 13.040000000000001,
            "gross_profit": 265713,
            "gross_margin": 37.62,
            "gross_margin_4q_avg": 36.29,
            "net_income": 133415,
            "net_income_4q": null,
            "revenue": 706313,
            "revenue_4q": null,
            "common_shares": 744172,
            "book_valuer_per_share": 41.74,
            "book_valuer_per_share_4q_avg": 40.22,
            "equity": 3069133,
            "current_ratio": 340.92,
            "debt_ratio": 23.21,
            "inventory_turnover_ratio": 2,
            "account_receivable_turnover_ratio": 0.64,
            "reinvestment_rate": 38.87,
            "research_to_sale_ratio": 4.27,
            "price_fair": 210,
            "eps_avg_yearly": 6,
            "eps_latest_yearly": 7.24,
            "eps_growth_yearly": 127.24
        },
        "20181": {
            "year_quarter": 20181,
            "year": 2018,
            "quarter": 1,
            "eps": 0.47,
            "eps_growth_year": 27.03,
            "eps_4q": 5.33,
            "eps_4q_growth_year": -9.64,
            "roe": 1.12,
            "roe_4q": 13.260000000000002,
            "gross_profit": 173284,
            "gross_margin": 35.54,
            "gross_margin_4q_avg": 36.55,
            "net_income": 34603,
            "net_income_4q": null,
            "revenue": 487543,
            "revenue_4q": null,
            "common_shares": 744172,
            "book_valuer_per_share": 41.99,
            "book_valuer_per_share_4q_avg": 40.64,
            "equity": 3087575,
            "current_ratio": 379.47,
            "debt_ratio": 21.23,
            "inventory_turnover_ratio": 1.41,
            "account_receivable_turnover_ratio": 0.48,
            "reinvestment_rate": 39.33,
            "research_to_sale_ratio": 4.57,
            "price_fair": 206.06,
            "eps_avg_yearly": 5.89,
            "eps_latest_yearly": 1.88,
            "eps_growth_yearly": 121.23
        },
        "20182": {
            "year_quarter": 20182,
            "year": 2018,
            "quarter": 2,
            "eps": 2.61,
            "eps_growth_year": 81.25,
            "eps_4q": 6.46,
            "eps_4q_growth_year": 7.3,
            "roe": 6.24,
            "roe_4q": 15.86,
            "gross_profit": 277507,
            "gross_margin": 38.56,
            "gross_margin_4q_avg": 37.23,
            "net_income": 194570,
            "net_income_4q": null,
            "revenue": 719694,
            "revenue_4q": null,
            "common_shares": 744172,
            "book_valuer_per_share": 42.28,
            "book_valuer_per_share_4q_avg": 41.55,
            "equity": 3146505,
            "current_ratio": 295.95,
            "debt_ratio": 26.86,
            "inventory_turnover_ratio": 1.76,
            "account_receivable_turnover_ratio": 0.74,
            "reinvestment_rate": 37.57,
            "research_to_sale_ratio": 3.88,
            "price_fair": 212.45,
            "eps_avg_yearly": 6.07,
            "eps_latest_yearly": 10.44,
            "eps_growth_yearly": 208.98
        },
        "20183": {
            "year_quarter": 20183,
            "year": 2018,
            "quarter": 3,
            "eps": 1.53,
            "eps_growth_year": -4.38,
            "eps_4q": 6.41,
            "eps_4q_growth_year": 12.31,
            "roe": 3.56,
            "roe_4q": 15.350000000000001,
            "gross_profit": 210113,
            "gross_margin": 35.85,
            "gross_margin_4q_avg": 36.89,
            "net_income": 114058,
            "net_income_4q": null,
            "revenue": 586011,
            "revenue_4q": null,
            "common_shares": 744172,
            "book_valuer_per_share": 43.85,
            "book_valuer_per_share_4q_avg": 42.47,
            "equity": 3263180,
            "current_ratio": 404.8,
            "debt_ratio": 20.69,
            "inventory_turnover_ratio": 1.23,
            "account_receivable_turnover_ratio": 0.57,
            "reinvestment_rate": 21.73,
            "research_to_sale_ratio": 4.44,
            "price_fair": 210.53,
            "eps_avg_yearly": 6.02,
            "eps_latest_yearly": 6.12,
            "eps_growth_yearly": 200.36
        },
        "20184": {
            "year_quarter": 20184,
            "year": 2018,
            "quarter": 4,
            "eps": 1.71,
            "eps_growth_year": -5.98,
            "eps_4q": 6.32,
            "eps_4q_growth_year": 20.98,
            "roe": 3.81,
            "roe_4q": 14.73,
            "gross_profit": 198954,
            "gross_margin": 30.83,
            "gross_margin_4q_avg": 35.2,
            "net_income": 126941,
            "net_income_4q": null,
            "revenue": 645418,
            "revenue_4q": null,
            "common_shares": 744172,
            "book_valuer_per_share": 45.64,
            "book_valuer_per_share_4q_avg": 43.44,
            "equity": 3396647,
            "current_ratio": 446.65,
            "debt_ratio": 19.1,
            "inventory_turnover_ratio": 1.32,
            "account_receivable_turnover_ratio": 0.6,
            "reinvestment_rate": 20.49,
            "research_to_sale_ratio": 5.66,
            "price_fair": 206.33,
            "eps_avg_yearly": 5.9,
            "eps_latest_yearly": 6.84,
            "eps_growth_yearly": 197.02
        },
        "20191": {
            "year_quarter": 20191,
            "year": 2019,
            "quarter": 1,
            "eps": 0.25,
            "eps_growth_year": -46.81,
            "eps_4q": 6.1,
            "eps_4q_growth_year": 14.5,
            "roe": 0.54,
            "roe_4q": 14.15,
            "gross_profit": 90662,
            "gross_margin": 21.13,
            "gross_margin_4q_avg": 31.59,
            "net_income": 18262,
            "net_income_4q": null,
            "revenue": 429168,
            "revenue_4q": null,
            "common_shares": 744172,
            "book_valuer_per_share": 45.91,
            "book_valuer_per_share_4q_avg": 44.42,
            "equity": 3416349,
            "current_ratio": 578.7,
            "debt_ratio": 15.77,
            "inventory_turnover_ratio": 0.94,
            "account_receivable_turnover_ratio": 0.44,
            "reinvestment_rate": 16.6,
            "research_to_sale_ratio": 6.75,
            "price_fair": 198.71,
            "eps_avg_yearly": 5.68,
            "eps_latest_yearly": 1,
            "eps_growth_yearly": 187.88
        },
        "20192": {
            "year_quarter": 20192,
            "year": 2019,
            "quarter": 2,
            "eps": 0.89,
            "eps_growth_year": -65.9,
            "eps_4q": 4.37,
            "eps_4q_growth_year": -32.31,
            "roe": 1.99,
            "roe_4q": 9.9,
            "gross_profit": 158693,
            "gross_margin": 26.89,
            "gross_margin_4q_avg": 28.68,
            "net_income": 66012,
            "net_income_4q": null,
            "revenue": 590143,
            "revenue_4q": null,
            "common_shares": 744172,
            "book_valuer_per_share": 43.17,
            "book_valuer_per_share_4q_avg": 44.64,
            "equity": 3212561,
            "current_ratio": 401.7,
            "debt_ratio": 21.14,
            "inventory_turnover_ratio": 1.19,
            "account_receivable_turnover_ratio": 0.7,
            "reinvestment_rate": 15.99,
            "research_to_sale_ratio": 5.13,
            "price_fair": 200.11,
            "eps_avg_yearly": 5.72,
            "eps_latest_yearly": 3.56,
            "eps_growth_yearly": 260.59
        },
        "20193": {
            "year_quarter": 20193,
            "year": 2019,
            "quarter": 3,
            "eps": 0.8,
            "eps_growth_year": -47.71,
            "eps_4q": 3.64,
            "eps_4q_growth_year": -43.17,
            "roe": 1.85,
            "roe_4q": 8.19,
            "gross_profit": 160123,
            "gross_margin": 30.75,
            "gross_margin_4q_avg": 27.4,
            "net_income": 59665,
            "net_income_4q": null,
            "revenue": 520783,
            "revenue_4q": null,
            "common_shares": 744172,
            "book_valuer_per_share": 43.61,
            "book_valuer_per_share_4q_avg": 44.58,
            "equity": 3244974,
            "current_ratio": 586.83,
            "debt_ratio": 15.72,
            "inventory_turnover_ratio": 1,
            "account_receivable_turnover_ratio": 0.59,
            "reinvestment_rate": 13.78,
            "research_to_sale_ratio": 6.44,
            "price_fair": 189.09,
            "eps_avg_yearly": 5.4,
            "eps_latest_yearly": 3.2,
            "eps_growth_yearly": 212.51
        },
        "20194": {
            "year_quarter": 20194,
            "year": 2019,
            "quarter": 4,
            "eps": 0.85,
            "eps_growth_year": -50.25,
            "eps_4q": 2.78,
            "eps_4q_growth_year": -55.95,
            "roe": 1.93,
            "roe_4q": 6.3100000000000005,
            "gross_profit": 223891,
            "gross_margin": 31.66,
            "gross_margin_4q_avg": 27.61,
            "net_income": 63154,
            "net_income_4q": null,
            "revenue": 707263,
            "revenue_4q": null,
            "common_shares": 744172,
            "book_valuer_per_share": 44.29,
            "book_valuer_per_share_4q_avg": 44.25,
            "equity": 3296302,
            "current_ratio": 543.86,
            "debt_ratio": 14.43,
            "inventory_turnover_ratio": 1.44,
            "account_receivable_turnover_ratio": 0.74,
            "reinvestment_rate": 11.87,
            "research_to_sale_ratio": 4.96,
            "price_fair": 179.11,
            "eps_avg_yearly": 5.12,
            "eps_latest_yearly": 3.4,
            "eps_growth_yearly": 214.93
        },
        "20201": {
            "year_quarter": 20201,
            "year": 2020,
            "quarter": 1,
            "eps": 0.5,
            "eps_growth_year": 100,
            "eps_4q": 3.04,
            "eps_4q_growth_year": -50.21,
            "roe": 1.12,
            "roe_4q": 6.890000000000001,
            "gross_profit": 90321,
            "gross_margin": 23.2,
            "gross_margin_4q_avg": 28.13,
            "net_income": 37150,
            "net_income_4q": null,
            "revenue": 389333,
            "revenue_4q": null,
            "common_shares": 744172,
            "book_valuer_per_share": 44.73,
            "book_valuer_per_share_4q_avg": 43.95,
            "equity": 3328326,
            "current_ratio": 669.42,
            "debt_ratio": 12.16,
            "inventory_turnover_ratio": 1.11,
            "account_receivable_turnover_ratio": 0.44,
            "reinvestment_rate": 12.27,
            "research_to_sale_ratio": 7.17,
            "price_fair": 178.15,
            "eps_avg_yearly": 5.09,
            "eps_latest_yearly": 2,
            "eps_growth_yearly": 221.97
        },
        "20202": {
            "year_quarter": 20202,
            "year": 2020,
            "quarter": 2,
            "eps": 1.91,
            "eps_growth_year": 114.61,
            "eps_4q": 4.06,
            "eps_4q_growth_year": -7.16,
            "roe": 4.3,
            "roe_4q": 9.2,
            "gross_profit": 302898,
            "gross_margin": 38.5,
            "gross_margin_4q_avg": 31.03,
            "net_income": 142000,
            "net_income_4q": null,
            "revenue": 786794,
            "revenue_4q": null,
            "common_shares": 744172,
            "book_valuer_per_share": 43.97,
            "book_valuer_per_share_4q_avg": 44.15,
            "equity": 3272431,
            "current_ratio": 371.05,
            "debt_ratio": 20.7,
            "inventory_turnover_ratio": 1.61,
            "account_receivable_turnover_ratio": 0.86,
            "reinvestment_rate": 13.23,
            "research_to_sale_ratio": 4.21,
            "price_fair": 183.4,
            "eps_avg_yearly": 5.24,
            "eps_latest_yearly": 7.64,
            "eps_growth_yearly": 263.78
        },
        "20203": {
            "year_quarter": 20203,
            "year": 2020,
            "quarter": 3,
            "eps": 1.16,
            "eps_growth_year": 45,
            "eps_4q": 4.42,
            "eps_4q_growth_year": 21.38,
            "roe": 2.6,
            "roe_4q": 9.95,
            "gross_profit": 243423,
            "gross_margin": 32.35,
            "gross_margin_4q_avg": 31.43,
            "net_income": 86487,
            "net_income_4q": null,
            "revenue": 752431,
            "revenue_4q": null,
            "common_shares": 744172,
            "book_valuer_per_share": 45.26,
            "book_valuer_per_share_4q_avg": 44.56,
            "equity": 3367860,
            "current_ratio": 394.79,
            "debt_ratio": 19.56,
            "inventory_turnover_ratio": 1.2,
            "account_receivable_turnover_ratio": 0.67,
            "reinvestment_rate": 1.68,
            "research_to_sale_ratio": 3.87,
            "price_fair": 176.75,
            "eps_avg_yearly": 5.05,
            "eps_latest_yearly": 4.64,
            "eps_growth_yearly": 242.32
        },
        "20204": {
            "year_quarter": 20204,
            "year": 2020,
            "quarter": 4,
            "eps": 2.09,
            "eps_growth_year": 145.82,
            "eps_4q": 5.66,
            "eps_4q_growth_year": 103.23,
            "roe": 4.5,
            "roe_4q": 12.52,
            "gross_profit": 344288,
            "gross_margin": 34.01,
            "gross_margin_4q_avg": 32.02,
            "net_income": 155242,
            "net_income_4q": null,
            "revenue": 1012186,
            "revenue_4q": null,
            "common_shares": 744172,
            "book_valuer_per_share": 47.56,
            "book_valuer_per_share_4q_avg": 45.38,
            "equity": 3539342,
            "current_ratio": 383.78,
            "debt_ratio": 19.89,
            "inventory_turnover_ratio": 1.31,
            "account_receivable_turnover_ratio": 0.79,
            "reinvestment_rate": 6.38,
            "research_to_sale_ratio": 3.28,
            "price_fair": 174.91,
            "eps_avg_yearly": 5,
            "eps_latest_yearly": 8.36,
            "eps_growth_yearly": 257.42
        },
        "20211": {
            "year_quarter": 20211,
            "year": 2021,
            "quarter": 1,
            "eps": 0.71,
            "eps_growth_year": 42,
            "eps_4q": 5.87,
            "eps_4q_growth_year": 93.16,
            "roe": 1.53,
            "roe_4q": 12.93,
            "gross_profit": 170258,
            "gross_margin": 23.1,
            "gross_margin_4q_avg": 31.99,
            "net_income": 52781,
            "net_income_4q": null,
            "revenue": 737095,
            "revenue_4q": null,
            "common_shares": 744172,
            "book_valuer_per_share": 45.19,
            "book_valuer_per_share_4q_avg": 45.5,
            "equity": 3363213,
            "current_ratio": 297.03,
            "debt_ratio": 25.44,
            "inventory_turnover_ratio": 0.99,
            "account_receivable_turnover_ratio": 0.56,
            "reinvestment_rate": 2.7,
            "research_to_sale_ratio": 3.77,
            "price_fair": 177.89,
            "eps_avg_yearly": 5.08,
            "eps_latest_yearly": 2.84,
            "eps_growth_yearly": 261.89
        },
        "20212": {
            "year_quarter": 20212,
            "year": 2021,
            "quarter": 2,
            "eps": 0.29,
            "eps_growth_year": -84.82,
            "eps_4q": 4.24,
            "eps_4q_growth_year": 4.58,
            "roe": 0.63,
            "roe_4q": 9.26,
            "gross_profit": 168465,
            "gross_margin": 21.22,
            "gross_margin_4q_avg": 27.67,
            "net_income": 21287,
            "net_income_4q": null,
            "revenue": 793867,
            "revenue_4q": null,
            "common_shares": 744172,
            "book_valuer_per_share": 45.38,
            "book_valuer_per_share_4q_avg": 45.85,
            "equity": 3377039,
            "current_ratio": 294.79,
            "debt_ratio": 25.55,
            "inventory_turnover_ratio": 1.01,
            "account_receivable_turnover_ratio": 0.64,
            "reinvestment_rate": 1.42,
            "research_to_sale_ratio": 3.7,
            "price_fair": 167.83,
            "eps_avg_yearly": 4.8,
            "eps_latest_yearly": 1.16,
            "eps_growth_yearly": 174.8
        },
        "20213": {
            "year_quarter": 20213,
            "year": 2021,
            "quarter": 3,
            "eps": 0.41,
            "eps_growth_year": -64.66,
            "eps_4q": 3.49,
            "eps_4q_growth_year": -21.07,
            "roe": 0.89,
            "roe_4q": 7.55,
            "gross_profit": 137386,
            "gross_margin": 19.63,
            "gross_margin_4q_avg": 24.49,
            "net_income": 30201,
            "net_income_4q": null,
            "revenue": 699757,
            "revenue_4q": null,
            "common_shares": 744172,
            "book_valuer_per_share": 45.78,
            "book_valuer_per_share_4q_avg": 45.98,
            "equity": 3406524,
            "current_ratio": 373.71,
            "debt_ratio": 20.21,
            "inventory_turnover_ratio": 0.99,
            "account_receivable_turnover_ratio": 0.61,
            "reinvestment_rate": -2.2,
            "research_to_sale_ratio": 4.76,
            "price_fair": 157.41,
            "eps_avg_yearly": 4.5,
            "eps_latest_yearly": 1.64,
            "eps_growth_yearly": 182.37
        },
        "20214": {
            "year_quarter": 20214,
            "year": 2021,
            "quarter": 4,
            "eps": 1.04,
            "eps_growth_year": -49.97,
            "eps_4q": 2.44,
            "eps_4q_growth_year": -56.77,
            "roe": 2.25,
            "roe_4q": 5.3,
            "gross_profit": 219849,
            "gross_margin": 26.97,
            "gross_margin_4q_avg": 22.73,
            "net_income": 77673,
            "net_income_4q": null,
            "revenue": 815131,
            "revenue_4q": null,
            "common_shares": 744172,
            "book_valuer_per_share": 46.91,
            "book_valuer_per_share_4q_avg": 45.82,
            "equity": 3491151,
            "current_ratio": 412.29,
            "debt_ratio": 18.78,
            "inventory_turnover_ratio": 1.26,
            "account_receivable_turnover_ratio": 0.74,
            "reinvestment_rate": -5.03,
            "research_to_sale_ratio": 4.02,
            "price_fair": 150.68,
            "eps_avg_yearly": 4.31,
            "eps_latest_yearly": 4.16,
            "eps_growth_yearly": 217.5
        },
        "20221": {
            "year_quarter": 20221,
            "year": 2022,
            "quarter": 1,
            "eps": 0.72,
            "eps_growth_year": 1.41,
            "eps_4q": 2.45,
            "eps_4q_growth_year": -58.15,
            "roe": 1.55,
            "roe_4q": 5.319999999999999,
            "gross_profit": 107021,
            "gross_margin": 18.74,
            "gross_margin_4q_avg": 21.64,
            "net_income": 53528,
            "net_income_4q": null,
            "revenue": 571201,
            "revenue_4q": null,
            "common_shares": 744172,
            "book_valuer_per_share": 46.06,
            "book_valuer_per_share_4q_avg": 46.03,
            "equity": 3427415,
            "current_ratio": 364.65,
            "debt_ratio": 21.24,
            "inventory_turnover_ratio": 1.07,
            "account_receivable_turnover_ratio": 0.53,
            "reinvestment_rate": -6.92,
            "research_to_sale_ratio": 4.1,
            "price_fair": 152.86,
            "eps_avg_yearly": 4.37,
            "eps_latest_yearly": 2.88,
            "eps_growth_yearly": 228.32
        },
        "20222": {
            "year_quarter": 20222,
            "year": 2022,
            "quarter": 2,
            "eps": 1.18,
            "eps_growth_year": 306.9,
            "eps_4q": 3.35,
            "eps_4q_growth_year": -21.1,
            "roe": 2.53,
            "roe_4q": 7.22,
            "gross_profit": 144986,
            "gross_margin": 24.07,
            "gross_margin_4q_avg": 22.35,
            "net_income": 87762,
            "net_income_4q": null,
            "revenue": 602301,
            "revenue_4q": null,
            "common_shares": 744172,
            "book_valuer_per_share": 47.09,
            "book_valuer_per_share_4q_avg": 46.46,
            "equity": 3503984,
            "current_ratio": 366.8,
            "debt_ratio": 21.48,
            "inventory_turnover_ratio": 1.07,
            "account_receivable_turnover_ratio": 0.64,
            "reinvestment_rate": -12.26,
            "research_to_sale_ratio": 3.76,
            "price_fair": 140.35,
            "eps_avg_yearly": 4.01,
            "eps_latest_yearly": 4.72,
            "eps_growth_yearly": 130.46
        },
        "20223": {
            "year_quarter": 20223,
            "year": 2022,
            "quarter": 3,
            "eps": 1.24,
            "eps_growth_year": 202.44,
            "eps_4q": 4.22,
            "eps_4q_growth_year": 21.09,
            "roe": 2.6,
            "roe_4q": 8.93,
            "gross_profit": 93981,
            "gross_margin": 16.91,
            "gross_margin_4q_avg": 21.67,
            "net_income": 91913,
            "net_income_4q": null,
            "revenue": 555738,
            "revenue_4q": null,
            "common_shares": 744172,
            "book_valuer_per_share": 48.54,
            "book_valuer_per_share_4q_avg": 47.15,
            "equity": 3573677,
            "current_ratio": 440.61,
            "debt_ratio": 17.99,
            "inventory_turnover_ratio": 1.15,
            "account_receivable_turnover_ratio": 0.6,
            "reinvestment_rate": -8.13,
            "research_to_sale_ratio": 4.34,
            "price_fair": 137.81,
            "eps_avg_yearly": 3.94,
            "eps_latest_yearly": 4.96,
            "eps_growth_yearly": 142.08
        },
        "20224": {
            "year_quarter": 20224,
            "year": 2022,
            "quarter": 4,
            "eps": -0.38,
            "eps_growth_year": -136.1,
            "eps_4q": 2.79,
            "eps_4q_growth_year": 14.15,
            "roe": -0.78,
            "roe_4q": 5.8999999999999995,
            "gross_profit": 103288,
            "gross_margin": 19.62,
            "gross_margin_4q_avg": 19.84,
            "net_income": -27741,
            "net_income_4q": null,
            "revenue": 526461,
            "revenue_4q": null,
            "common_shares": 744172,
            "book_valuer_per_share": 47.99,
            "book_valuer_per_share_4q_avg": 47.42,
            "equity": 3532692,
            "current_ratio": 510.37,
            "debt_ratio": 15.95,
            "inventory_turnover_ratio": 1.21,
            "account_receivable_turnover_ratio": 0.62,
            "reinvestment_rate": -11.29,
            "research_to_sale_ratio": 4.06,
            "price_fair": 131.04,
            "eps_avg_yearly": 3.74,
            "eps_latest_yearly": 4.96,
            "eps_growth_yearly": 148.41
        },
        "20231": {
            "year_quarter": 20231,
            "year": 2023,
            "quarter": 1,
            "eps": -0.79,
            "eps_growth_year": -209.72,
            "eps_4q": 1.27,
            "eps_4q_growth_year": -48.29,
            "roe": -1.7,
            "roe_4q": 2.65,
            "gross_profit": 52939,
            "gross_margin": 12.85,
            "gross_margin_4q_avg": 18.36,
            "net_income": -58482,
            "net_income_4q": null,
            "revenue": 412050,
            "revenue_4q": null,
            "common_shares": 744172,
            "book_valuer_per_share": 45.5,
            "book_valuer_per_share_4q_avg": 47.28,
            "equity": 3349838,
            "current_ratio": 418.63,
            "debt_ratio": 18.89,
            "inventory_turnover_ratio": 1.09,
            "account_receivable_turnover_ratio": 0.59,
            "reinvestment_rate": -14.42,
            "research_to_sale_ratio": 5.88,
            "price_fair": 137.9,
            "eps_avg_yearly": 3.94,
            "eps_latest_yearly": 4.96,
            "eps_growth_yearly": 183.41
        },
        "20232": {
            "year_quarter": 20232,
            "year": 2023,
            "quarter": 2,
            "eps": 1.08,
            "eps_growth_year": -8.47,
            "eps_4q": 1.16,
            "eps_4q_growth_year": -65.29,
            "roe": 2.37,
            "roe_4q": 2.49,
            "gross_profit": 107372,
            "gross_margin": 18.93,
            "gross_margin_4q_avg": 17.08,
            "net_income": 79865,
            "net_income_4q": null,
            "revenue": 567123,
            "revenue_4q": null,
            "common_shares": 744172,
            "book_valuer_per_share": 46.21,
            "book_valuer_per_share_4q_avg": 47.06,
            "equity": 3401575,
            "current_ratio": 454.12,
            "debt_ratio": 18.91,
            "inventory_turnover_ratio": 1.42,
            "account_receivable_turnover_ratio": 0.81,
            "reinvestment_rate": -13.5,
            "research_to_sale_ratio": 4.15,
            "price_fair": 138.92,
            "eps_avg_yearly": 3.97,
            "eps_latest_yearly": 4.96,
            "eps_growth_yearly": 118.75
        },
        "20233": {
            "year_quarter": 20233,
            "year": 2023,
            "quarter": 3,
            "eps": 0.15,
            "eps_growth_year": -87.9,
            "eps_4q": 0.07,
            "eps_4q_growth_year": -98.42,
            "roe": 0.33,
            "roe_4q": 0.2200000000000002,
            "gross_profit": 62442,
            "gross_margin": 13.58,
            "gross_margin_4q_avg": 16.25,
            "net_income": 11256,
            "net_income_4q": null,
            "revenue": 459789,
            "revenue_4q": null,
            "common_shares": 744172,
            "book_valuer_per_share": 46.71,
            "book_valuer_per_share_4q_avg": 46.6,
            "equity": 3438819,
            "current_ratio": 549.4,
            "debt_ratio": 16.05,
            "inventory_turnover_ratio": 1.33,
            "account_receivable_turnover_ratio": 0.61,
            "reinvestment_rate": -10.36,
            "research_to_sale_ratio": 4.03,
            "price_fair": 131.92,
            "eps_avg_yearly": 3.77,
            "eps_latest_yearly": 0.6,
            "eps_growth_yearly": 95.36
        },
        "20234": {
            "year_quarter": 20234,
            "year": 2023,
            "quarter": 4,
            "eps": -0.39,
            "eps_growth_year": null,
            "eps_4q": 0.05,
            "eps_4q_growth_year": -98.14,
            "roe": -0.84,
            "roe_4q": 0.16000000000000014,
            "gross_profit": 90347,
            "gross_margin": 19.24,
            "gross_margin_4q_avg": 16.15,
            "net_income": -28826,
            "net_income_4q": null,
            "revenue": 469573,
            "revenue_4q": null,
            "common_shares": 744172,
            "book_valuer_per_share": 46.03,
            "book_valuer_per_share_4q_avg": 46.11,
            "equity": 3388768,
            "current_ratio": 510.6,
            "debt_ratio": 15,
            "inventory_turnover_ratio": 1.35,
            "account_receivable_turnover_ratio": 0.66,
            "reinvestment_rate": -6.63,
            "research_to_sale_ratio": 5.09,
            "price_fair": 133,
            "eps_avg_yearly": 3.8,
            "eps_latest_yearly": 0.6,
            "eps_growth_yearly": 101.23
        }
    },
    "months": {
        "2011-05": {
            "month": "2011-05",
            "price": "93.06",
            "revenue": 54423
        },
        "2011-06": {
            "month": "2011-06",
            "price": "84.54",
            "revenue": 51631
        },
        "2011-07": {
            "month": "2011-07",
            "price": "77.17",
            "revenue": 43359
        },
        "2011-08": {
            "month": "2011-08",
            "price": "71.67",
            "revenue": 38038
        },
        "2011-09": {
            "month": "2011-09",
            "price": "54.35",
            "revenue": 33199
        },
        "2011-10": {
            "month": "2011-10",
            "price": "51.16",
            "revenue": 55659
        },
        "2011-11": {
            "month": "2011-11",
            "price": "50.09",
            "revenue": 45330
        },
        "2011-12": {
            "month": "2011-12",
            "price": "49.03",
            "revenue": 34197
        },
        "2012-01": {
            "month": "2012-01",
            "price": "49.25",
            "revenue": 112013
        },
        "2012-02": {
            "month": "2012-02",
            "price": "52.69",
            "revenue": 100964
        },
        "2012-03": {
            "month": "2012-03",
            "price": "62.68",
            "revenue": 152221
        },
        "2012-04": {
            "month": "2012-04",
            "price": "60.70",
            "revenue": 165069
        },
        "2012-05": {
            "month": "2012-05",
            "price": "63.87",
            "revenue": 183465
        },
        "2012-06": {
            "month": "2012-06",
            "price": "66.13",
            "revenue": 196667
        },
        "2012-07": {
            "month": "2012-07",
            "price": "66.20",
            "revenue": 171361
        },
        "2012-08": {
            "month": "2012-08",
            "price": "69.51",
            "revenue": 133879
        },
        "2012-09": {
            "month": "2012-09",
            "price": "46.47",
            "revenue": 203048
        },
        "2012-10": {
            "month": "2012-10",
            "price": "45.60",
            "revenue": 185905
        },
        "2012-11": {
            "month": "2012-11",
            "price": "46.33",
            "revenue": 220547
        },
        "2012-12": {
            "month": "2012-12",
            "price": "59.84",
            "revenue": 166645
        },
        "2013-01": {
            "month": "2013-01",
            "price": "71.03",
            "revenue": 214478
        },
        "2013-02": {
            "month": "2013-02",
            "price": "75.50",
            "revenue": 101088
        },
        "2013-03": {
            "month": "2013-03",
            "price": "78.50",
            "revenue": 119467
        },
        "2013-04": {
            "month": "2013-04",
            "price": "78.05",
            "revenue": 136591
        },
        "2013-05": {
            "month": "2013-05",
            "price": "76.61",
            "revenue": 156940
        },
        "2013-06": {
            "month": "2013-06",
            "price": "70.65",
            "revenue": 188228
        },
        "2013-07": {
            "month": "2013-07",
            "price": "59.20",
            "revenue": 162518
        },
        "2013-08": {
            "month": "2013-08",
            "price": "54.04",
            "revenue": 160608
        },
        "2013-09": {
            "month": "2013-09",
            "price": "49.70",
            "revenue": 210385
        },
        "2013-10": {
            "month": "2013-10",
            "price": "52.74",
            "revenue": 226827
        },
        "2013-11": {
            "month": "2013-11",
            "price": "52.83",
            "revenue": 206608
        },
        "2013-12": {
            "month": "2013-12",
            "price": "56.81",
            "revenue": 227070
        },
        "2014-01": {
            "month": "2014-01",
            "price": "67.67",
            "revenue": 181799
        },
        "2014-02": {
            "month": "2014-02",
            "price": "62.58",
            "revenue": 120589
        },
        "2014-03": {
            "month": "2014-03",
            "price": "60.41",
            "revenue": 177608
        },
        "2014-04": {
            "month": "2014-04",
            "price": "61.74",
            "revenue": 209438
        },
        "2014-05": {
            "month": "2014-05",
            "price": "60.47",
            "revenue": 222154
        },
        "2014-06": {
            "month": "2014-06",
            "price": "63.48",
            "revenue": 245571
        },
        "2014-07": {
            "month": "2014-07",
            "price": "66.56",
            "revenue": 216558
        },
        "2014-08": {
            "month": "2014-08",
            "price": "69.05",
            "revenue": 178635
        },
        "2014-09": {
            "month": "2014-09",
            "price": "65.51",
            "revenue": 217363
        },
        "2014-10": {
            "month": "2014-10",
            "price": "57.93",
            "revenue": 207675
        },
        "2014-11": {
            "month": "2014-11",
            "price": "55.83",
            "revenue": 228338
        },
        "2014-12": {
            "month": "2014-12",
            "price": "60.22",
            "revenue": 202531
        },
        "2015-01": {
            "month": "2015-01",
            "price": "59.13",
            "revenue": 198315
        },
        "2015-02": {
            "month": "2015-02",
            "price": "59.32",
            "revenue": 137701
        },
        "2015-03": {
            "month": "2015-03",
            "price": "64.30",
            "revenue": 159625
        },
        "2015-04": {
            "month": "2015-04",
            "price": "63.44",
            "revenue": 152013
        },
        "2015-05": {
            "month": "2015-05",
            "price": "57.80",
            "revenue": 149709
        },
        "2015-06": {
            "month": "2015-06",
            "price": "51.47",
            "revenue": 172048
        },
        "2015-07": {
            "month": "2015-07",
            "price": "46.31",
            "revenue": 166707
        },
        "2015-08": {
            "month": "2015-08",
            "price": "36.71",
            "revenue": 162303
        },
        "2015-09": {
            "month": "2015-09",
            "price": "37.25",
            "revenue": 232534
        },
        "2015-10": {
            "month": "2015-10",
            "price": "42.52",
            "revenue": 201738
        },
        "2015-11": {
            "month": "2015-11",
            "price": "45.01",
            "revenue": 203442
        },
        "2015-12": {
            "month": "2015-12",
            "price": "42.50",
            "revenue": 219145
        },
        "2016-01": {
            "month": "2016-01",
            "price": "38.97",
            "revenue": 152948
        },
        "2016-02": {
            "month": "2016-02",
            "price": "40.01",
            "revenue": 116153
        },
        "2016-03": {
            "month": "2016-03",
            "price": "47.07",
            "revenue": 149721
        },
        "2016-04": {
            "month": "2016-04",
            "price": "44.73",
            "revenue": 195671
        },
        "2016-05": {
            "month": "2016-05",
            "price": "41.46",
            "revenue": 177217
        },
        "2016-06": {
            "month": "2016-06",
            "price": "43.39",
            "revenue": 232892
        },
        "2016-07": {
            "month": "2016-07",
            "price": "47.67",
            "revenue": 185751
        },
        "2016-08": {
            "month": "2016-08",
            "price": "56.49",
            "revenue": 240003
        },
        "2016-09": {
            "month": "2016-09",
            "price": "57.80",
            "revenue": 291451
        },
        "2016-10": {
            "month": "2016-10",
            "price": "58.86",
            "revenue": 223639
        },
        "2016-11": {
            "month": "2016-11",
            "price": "52.91",
            "revenue": 238897
        },
        "2016-12": {
            "month": "2016-12",
            "price": "52.74",
            "revenue": 252597
        },
        "2017-01": {
            "month": "2017-01",
            "price": "53.66",
            "revenue": 120569
        },
        "2017-02": {
            "month": "2017-02",
            "price": "53.51",
            "revenue": 178807
        },
        "2017-03": {
            "month": "2017-03",
            "price": "55.79",
            "revenue": 177083
        },
        "2017-04": {
            "month": "2017-04",
            "price": "53.76",
            "revenue": 196584
        },
        "2017-05": {
            "month": "2017-05",
            "price": "52.58",
            "revenue": 209099
        },
        "2017-06": {
            "month": "2017-06",
            "price": "55.20",
            "revenue": 259171
        },
        "2017-07": {
            "month": "2017-07",
            "price": "54.27",
            "revenue": 196654
        },
        "2017-08": {
            "month": "2017-08",
            "price": "51.40",
            "revenue": 238543
        },
        "2017-09": {
            "month": "2017-09",
            "price": "51.32",
            "revenue": 233137
        },
        "2017-10": {
            "month": "2017-10",
            "price": "50.07",
            "revenue": 208537
        },
        "2017-11": {
            "month": "2017-11",
            "price": "50.21",
            "revenue": 262089
        },
        "2017-12": {
            "month": "2017-12",
            "price": "49.72",
            "revenue": 235687
        },
        "2018-01": {
            "month": "2018-01",
            "price": "49.86",
            "revenue": 175842
        },
        "2018-02": {
            "month": "2018-02",
            "price": "48.19",
            "revenue": 140893
        },
        "2018-03": {
            "month": "2018-03",
            "price": "50.95",
            "revenue": 170808
        },
        "2018-04": {
            "month": "2018-04",
            "price": "50.15",
            "revenue": 211419
        },
        "2018-05": {
            "month": "2018-05",
            "price": "49.09",
            "revenue": 201437
        },
        "2018-06": {
            "month": "2018-06",
            "price": "49.69",
            "revenue": 306838
        },
        "2018-07": {
            "month": "2018-07",
            "price": "50.79",
            "revenue": 114065
        },
        "2018-08": {
            "month": "2018-08",
            "price": "50.64",
            "revenue": 235653
        },
        "2018-09": {
            "month": "2018-09",
            "price": "49.17",
            "revenue": 236293
        },
        "2018-10": {
            "month": "2018-10",
            "price": "47.53",
            "revenue": 189419
        },
        "2018-11": {
            "month": "2018-11",
            "price": "46.51",
            "revenue": 227194
        },
        "2018-12": {
            "month": "2018-12",
            "price": "46.41",
            "revenue": 228805
        },
        "2019-01": {
            "month": "2019-01",
            "price": "46.72",
            "revenue": 135504
        },
        "2019-02": {
            "month": "2019-02",
            "price": "49.14",
            "revenue": 139558
        },
        "2019-03": {
            "month": "2019-03",
            "price": "52.56",
            "revenue": 154106
        },
        "2019-04": {
            "month": "2019-04",
            "price": "51.42",
            "revenue": 137270
        },
        "2019-05": {
            "month": "2019-05",
            "price": "45.41",
            "revenue": 190607
        },
        "2019-06": {
            "month": "2019-06",
            "price": "44.64",
            "revenue": 262266
        },
        "2019-07": {
            "month": "2019-07",
            "price": "44.87",
            "revenue": 150943
        },
        "2019-08": {
            "month": "2019-08",
            "price": "42.51",
            "revenue": 171084
        },
        "2019-09": {
            "month": "2019-09",
            "price": "42.75",
            "revenue": 198756
        },
        "2019-10": {
            "month": "2019-10",
            "price": "42.13",
            "revenue": 263371
        },
        "2019-11": {
            "month": "2019-11",
            "price": "43.21",
            "revenue": 212277
        },
        "2019-12": {
            "month": "2019-12",
            "price": "42.67",
            "revenue": 231615
        },
        "2020-01": {
            "month": "2020-01",
            "price": "43.03",
            "revenue": 107376
        },
        "2020-02": {
            "month": "2020-02",
            "price": "40.05",
            "revenue": 76842
        },
        "2020-03": {
            "month": "2020-03",
            "price": "33.50",
            "revenue": 205115
        },
        "2020-04": {
            "month": "2020-04",
            "price": "35.79",
            "revenue": 246806
        },
        "2020-05": {
            "month": "2020-05",
            "price": "40.20",
            "revenue": 265828
        },
        "2020-06": {
            "month": "2020-06",
            "price": "42.84",
            "revenue": 274160
        },
        "2020-07": {
            "month": "2020-07",
            "price": "43.50",
            "revenue": 243569
        },
        "2020-08": {
            "month": "2020-08",
            "price": "47.15",
            "revenue": 233170
        },
        "2020-09": {
            "month": "2020-09",
            "price": "46.80",
            "revenue": 275692
        },
        "2020-10": {
            "month": "2020-10",
            "price": "46.32",
            "revenue": 327306
        },
        "2020-11": {
            "month": "2020-11",
            "price": "46.51",
            "revenue": 282590
        },
        "2020-12": {
            "month": "2020-12",
            "price": "47.14",
            "revenue": 402290
        },
        "2021-01": {
            "month": "2021-01",
            "price": "50.00",
            "revenue": 205079
        },
        "2021-02": {
            "month": "2021-02",
            "price": "50.76",
            "revenue": 263976
        },
        "2021-03": {
            "month": "2021-03",
            "price": "57.42",
            "revenue": 268040
        },
        "2021-04": {
            "month": "2021-04",
            "price": "58.13",
            "revenue": 277885
        },
        "2021-05": {
            "month": "2021-05",
            "price": "49.60",
            "revenue": 250316
        },
        "2021-06": {
            "month": "2021-06",
            "price": "49.66",
            "revenue": 265666
        },
        "2021-07": {
            "month": "2021-07",
            "price": "46.28",
            "revenue": 226884
        },
        "2021-08": {
            "month": "2021-08",
            "price": "41.30",
            "revenue": 245281
        },
        "2021-09": {
            "month": "2021-09",
            "price": "42.55",
            "revenue": 227592
        },
        "2021-10": {
            "month": "2021-10",
            "price": "41.54",
            "revenue": 279058
        },
        "2021-11": {
            "month": "2021-11",
            "price": "41.62",
            "revenue": 233562
        },
        "2021-12": {
            "month": "2021-12",
            "price": "41.03",
            "revenue": 302511
        },
        "2022-01": {
            "month": "2022-01",
            "price": "40.64",
            "revenue": 172835
        },
        "2022-02": {
            "month": "2022-02",
            "price": "40.33",
            "revenue": 205438
        },
        "2022-03": {
            "month": "2022-03",
            "price": "39.43",
            "revenue": 192928
        },
        "2022-04": {
            "month": "2022-04",
            "price": "38.44",
            "revenue": 128267
        },
        "2022-05": {
            "month": "2022-05",
            "price": "36.02",
            "revenue": 186133
        },
        "2022-06": {
            "month": "2022-06",
            "price": "36.62",
            "revenue": 287901
        },
        "2022-07": {
            "month": "2022-07",
            "price": "34.23",
            "revenue": 192571
        },
        "2022-08": {
            "month": "2022-08",
            "price": "37.86",
            "revenue": 163123
        },
        "2022-09": {
            "month": "2022-09",
            "price": "37.98",
            "revenue": 200044
        },
        "2022-10": {
            "month": "2022-10",
            "price": "35.54",
            "revenue": 196019
        },
        "2022-11": {
            "month": "2022-11",
            "price": "36.42",
            "revenue": 142965
        },
        "2022-12": {
            "month": "2022-12",
            "price": "37.01",
            "revenue": 187477
        },
        "2023-01": {
            "month": "2023-01",
            "price": "36.70",
            "revenue": 108138
        },
        "2023-02": {
            "month": "2023-02",
            "price": "37.68",
            "revenue": 135889
        },
        "2023-03": {
            "month": "2023-03",
            "price": "38.14",
            "revenue": 168023
        },
        "2023-04": {
            "month": "2023-04",
            "price": "37.96",
            "revenue": 178745
        },
        "2023-05": {
            "month": "2023-05",
            "price": "37.51",
            "revenue": 166194
        },
        "2023-06": {
            "month": "2023-06",
            "price": "37.50",
            "revenue": 222184
        },
        "2023-07": {
            "month": "2023-07",
            "price": "35.99",
            "revenue": 126200
        },
        "2023-08": {
            "month": "2023-08",
            "price": "34.79",
            "revenue": 153040
        },
        "2023-09": {
            "month": "2023-09",
            "price": "35.32",
            "revenue": 180549
        },
        "2023-10": {
            "month": "2023-10",
            "price": "34.84",
            "revenue": 150391
        },
        "2023-11": {
            "month": "2023-11",
            "price": "35.78",
            "revenue": 143891
        },
        "2023-12": {
            "month": "2023-12",
            "price": "35.74",
            "revenue": 175291
        }
    }
}
