{
    "summary": {
        "stock_name": "三星",
        "stock_id": "5007",
        "category": "鋼鐵",
        "main_business": "螺絲、螺帽、汽車零件、鋼棒、鋼鐵線材等之製造、加工及買賣。<br>有關前項產品之機械及機械零件、工具之製造、加工及買賣。<br>各種金屬模具之製造、加工及買賣。",
        "website_url": "http://www.sanshing.com.tw",
        "ceo": "陳信志",
        "pe_ratio": 16,
        "report_year_from": 2001,
        "report_year_to": 2023,
        "age": 22,
        "eps_negative_percentage": 4,
        "eps_growth_avg": {
            "last_all": 10.77,
            "last_2y": 14.93,
            "last_4y": 3.39,
            "last_8y": 1.75,
            "last_12y": 9.46,
            "last_16y": 1.2,
            "last_20y": 10.77,
            "at_2006_last_3y": 26.37,
            "at_2007_last_3y": 17.76,
            "at_2008_last_3y": -4.31,
            "at_2009_last_3y": -23.56,
            "at_2010_last_3y": -34.52,
            "at_2011_last_3y": -11.24,
            "at_2012_last_3y": -23.34,
            "at_2013_last_3y": 32.59,
            "at_2014_last_3y": 24.32,
            "at_2015_last_3y": 1.56,
            "at_2016_last_3y": 15.62,
            "at_2017_last_3y": -0.31,
            "at_2018_last_3y": -0.45,
            "at_2019_last_3y": -1.76,
            "at_2020_last_3y": -12.75,
            "at_2021_last_3y": 2.37,
            "at_2022_last_3y": 4.5,
            "at_2023_last_3y": 4.5,
            "at_2006_last_all": 41.09,
            "at_2007_last_all": 34.19,
            "at_2008_last_all": 28.85,
            "at_2009_last_all": 12.74,
            "at_2010_last_all": 12.74,
            "at_2011_last_all": 19.05,
            "at_2012_last_all": 13.19,
            "at_2013_last_all": 18.15,
            "at_2014_last_all": 16.6,
            "at_2015_last_all": 13.67,
            "at_2016_last_all": 13.88,
            "at_2017_last_all": 13.23,
            "at_2018_last_all": 12.34,
            "at_2019_last_all": 10.04,
            "at_2020_last_all": 7.97,
            "at_2021_last_all": 10.94,
            "at_2022_last_all": 10.77,
            "at_2023_last_all": 10.77
        },
        "latest_eps": 3.53,
        "latest_price": 54.8,
        "latest_roe": 15.82,
        "latest_gross_margin": 24.1,
        "latest_equity": 6453170,
        "latest_revenue": 1616968,
        "latest_gross_profit": 389669,
        "latest_net_income": 241723,
        "latest_debt_ratio": 25.25,
        "latest_current_ratio": 298.61,
        "latest_account_receivable_turnover_ratio": 1.15,
        "latest_inventory_turnover_ratio": 0.63,
        "latest_reinvestment_rate": -13.27,
        "latest_research_to_sale_ratio": 0.46
    },
    "eps_dividends": {
        "1996": {
            "cash": 1.2,
            "stock": 0.8,
            "eps": 0
        },
        "1997": {
            "cash": 0,
            "stock": 2,
            "eps": 0
        },
        "1999": {
            "cash": 0.8,
            "stock": 0,
            "eps": 0
        },
        "2001": {
            "cash": 0,
            "stock": 0,
            "eps": 0.32
        },
        "2002": {
            "cash": 0,
            "stock": 0,
            "eps": 1.35
        },
        "2003": {
            "cash": 0.6,
            "stock": 0.4,
            "eps": 1.81
        },
        "2004": {
            "cash": 1,
            "stock": 0.3,
            "eps": 3.35
        },
        "2005": {
            "cash": 2,
            "stock": 0.4,
            "eps": 2.58
        },
        "2006": {
            "cash": 1.52,
            "stock": 0.4,
            "eps": 2.82
        },
        "2007": {
            "cash": 2.12,
            "stock": 0,
            "eps": 2.81
        },
        "2008": {
            "cash": 2.22,
            "stock": 0,
            "eps": 2.72
        },
        "2009": {
            "cash": 1.24,
            "stock": 0,
            "eps": -0.03
        },
        "2010": {
            "cash": 0.96,
            "stock": 0,
            "eps": 2.36
        },
        "2011": {
            "cash": 5.16,
            "stock": 0,
            "eps": 4
        },
        "2012": {
            "cash": 0,
            "stock": 0,
            "eps": 2.42
        },
        "2013": {
            "cash": 2,
            "stock": 0.6,
            "eps": 4.06
        },
        "2014": {
            "cash": 2,
            "stock": 1.5,
            "eps": 4.04
        },
        "2015": {
            "cash": 2.5,
            "stock": 1,
            "eps": 3.17
        },
        "2016": {
            "cash": 2,
            "stock": 0,
            "eps": 3.7
        },
        "2017": {
            "cash": 2.5,
            "stock": 0,
            "eps": 3.85
        },
        "2018": {
            "cash": 3,
            "stock": 0,
            "eps": 3.81
        },
        "2019": {
            "cash": 3,
            "stock": 0,
            "eps": 2.79
        },
        "2020": {
            "cash": 2,
            "stock": 0,
            "eps": 2.03
        },
        "2021": {
            "cash": 2,
            "stock": 0,
            "eps": 3.34
        },
        "2022": {
            "cash": 3,
            "stock": 0,
            "eps": 3.59
        },
        "2023": {
            "cash": 3,
            "stock": 0,
            "eps": 0.8
        }
    },
    "dividends": {
        "1996-04-15": {
            "cash": 1.2,
            "stock": 0.8
        },
        "1997-04-18": {
            "cash": 0,
            "stock": 2
        },
        "1999-04-29": {
            "cash": 0.8,
            "stock": 0
        },
        "2003-03-05": {
            "cash": 0.6,
            "stock": 0.4
        },
        "2004-05-19": {
            "cash": 1,
            "stock": 0.3
        },
        "2005-03-08": {
            "cash": 2,
            "stock": 0.4
        },
        "2006-03-02": {
            "cash": 1.52,
            "stock": 0.4
        },
        "2007-03-28": {
            "cash": 2.12,
            "stock": 0
        },
        "2008-03-17": {
            "cash": 2.22,
            "stock": 0
        },
        "2009-03-26": {
            "cash": 1.24,
            "stock": 0
        },
        "2010-04-28": {
            "cash": 0.96,
            "stock": 0
        },
        "2011-01-01": {
            "cash": 3.22,
            "stock": 0
        },
        "2011-03-23": {
            "cash": 1.94,
            "stock": 0
        },
        "2013-03-21": {
            "cash": 2,
            "stock": 0.6
        },
        "2014-09-11": {
            "cash": 2,
            "stock": 1.5
        },
        "2015-09-10": {
            "cash": 2.5,
            "stock": 1
        },
        "2016-07-13": {
            "cash": 2,
            "stock": 0
        },
        "2017-07-12": {
            "cash": 2.5,
            "stock": 0
        },
        "2018-07-27": {
            "cash": 3,
            "stock": 0
        },
        "2019-07-12": {
            "cash": 3,
            "stock": 0
        },
        "2020-07-29": {
            "cash": 2,
            "stock": 0
        },
        "2021-10-14": {
            "cash": 2,
            "stock": 0
        },
        "2022-07-22": {
            "cash": 3,
            "stock": 0
        },
        "2023-04-21": {
            "cash": 3,
            "stock": 0
        }
    },
    "prices": {
        "200101": "7.30",
        "200102": "8.31",
        "200103": "8.41",
        "200104": "9.84",
        "200105": "10.10",
        "200106": "9.30",
        "200107": "8.71",
        "200108": "8.29",
        "200109": "8.29",
        "200110": "7.73",
        "200111": "7.81",
        "200112": "8.45",
        "200201": "7.98",
        "200202": "8.10",
        "200203": "11.34",
        "200204": "13.74",
        "200205": "13.87",
        "200206": "13.46",
        "200207": "12.42",
        "200208": "12.86",
        "200209": "13.50",
        "200210": "12.37",
        "200211": "11.57",
        "200212": "12.86",
        "200301": "16.47",
        "200302": "16.77",
        "200303": "15.90",
        "200304": "16.55",
        "200305": "16.56",
        "200306": "17.12",
        "200307": "19.13",
        "200308": "19.11",
        "200309": "19.80",
        "200310": "19.85",
        "200311": "19.82",
        "200312": "21.74",
        "200401": "24.73",
        "200402": "27.91",
        "200403": "31.02",
        "200404": "30.02",
        "200405": "28.19",
        "200406": "29.16",
        "200407": "30.26",
        "200408": "30.24",
        "200409": "32.80",
        "200410": "33.07",
        "200411": "32.28",
        "200412": "32.65",
        "200501": "32.59",
        "200502": "32.32",
        "200503": "31.56",
        "200504": "29.86",
        "200505": "27.42",
        "200506": "26.46",
        "200507": "21.27",
        "200508": "20.66",
        "200509": "19.99",
        "200510": "19.40",
        "200511": "18.07",
        "200512": "17.64",
        "200601": "19.98",
        "200602": "20.39",
        "200603": "20.21",
        "200604": "21.45",
        "200605": "23.23",
        "200606": "22.39",
        "200607": "20.74",
        "200608": "19.72",
        "200609": "21.28",
        "200610": "23.48",
        "200611": "23.73",
        "200612": "24.73",
        "200701": "26.70",
        "200702": "27.24",
        "200703": "28.73",
        "200704": "31.28",
        "200705": "30.90",
        "200706": "30.22",
        "200707": "31.96",
        "200708": "29.02",
        "200709": "29.02",
        "200710": "29.79",
        "200711": "28.94",
        "200712": "28.93",
        "200801": "28.30",
        "200802": "26.98",
        "200803": "27.02",
        "200804": "28.21",
        "200805": "28.49",
        "200806": "28.25",
        "200807": "27.29",
        "200808": "26.55",
        "200809": "25.94",
        "200810": "19.39",
        "200811": "16.88",
        "200812": "16.63",
        "200901": "16.75",
        "200902": "16.17",
        "200903": "15.53",
        "200904": "16.62",
        "200905": "16.31",
        "200906": "16.20",
        "200907": "16.39",
        "200908": "16.92",
        "200909": "18.52",
        "200910": "20.95",
        "200911": "20.34",
        "200912": "24.40",
        "201001": "28.71",
        "201002": "27.88",
        "201003": "27.65",
        "201004": "28.89",
        "201005": "27.78",
        "201006": "28.03",
        "201007": "27.66",
        "201008": "28.48",
        "201009": "28.21",
        "201010": "28.39",
        "201011": "28.68",
        "201012": "30.48",
        "201101": "32.22",
        "201102": "32.00",
        "201103": "33.48",
        "201104": "36.79",
        "201105": "43.67",
        "201106": "46.05",
        "201107": "46.83",
        "201108": "49.21",
        "201109": "44.86",
        "201110": "42.91",
        "201111": "42.37",
        "201112": "41.30",
        "201201": "41.15",
        "201202": "42.92",
        "201203": "45.10",
        "201204": "44.99",
        "201205": "44.69",
        "201206": "43.82",
        "201207": "40.54",
        "201208": "40.01",
        "201209": "41.55",
        "201210": "43.44",
        "201211": "42.39",
        "201212": "41.99",
        "201301": "42.41",
        "201302": "45.42",
        "201303": "47.06",
        "201304": "46.65",
        "201305": "49.00",
        "201306": "57.65",
        "201307": "66.91",
        "201308": "66.51",
        "201309": "68.26",
        "201310": "67.28",
        "201311": "67.28",
        "201312": "67.65",
        "201401": "68.84",
        "201402": "77.39",
        "201403": "87.84",
        "201404": "88.31",
        "201405": "87.10",
        "201406": "85.39",
        "201407": "84.24",
        "201408": "81.89",
        "201409": "83.41",
        "201410": "80.52",
        "201411": "71.57",
        "201412": "73.48",
        "201501": "75.62",
        "201502": "76.38",
        "201503": "77.28",
        "201504": "77.52",
        "201505": "74.52",
        "201506": "70.55",
        "201507": "74.80",
        "201508": "57.92",
        "201509": "60.20",
        "201510": "64.82",
        "201511": "63.65",
        "201512": "61.26",
        "201601": "62.17",
        "201602": "63.97",
        "201603": "63.19",
        "201604": "61.76",
        "201605": "60.11",
        "201606": "60.66",
        "201607": "60.54",
        "201608": "59.77",
        "201609": "58.31",
        "201610": "56.59",
        "201611": "53.88",
        "201612": "54.05",
        "201701": "53.33",
        "201702": "54.32",
        "201703": "52.94",
        "201704": "53.49",
        "201705": "53.14",
        "201706": "53.03",
        "201707": "50.56",
        "201708": "53.43",
        "201709": "61.29",
        "201710": "59.39",
        "201711": "61.26",
        "201712": "58.42",
        "201801": "56.80",
        "201802": "58.08",
        "201803": "57.64",
        "201804": "58.37",
        "201805": "56.90",
        "201806": "56.18",
        "201807": "53.89",
        "201808": "54.13",
        "201809": "53.85",
        "201810": "51.40",
        "201811": "51.03",
        "201812": "50.77",
        "201901": "51.97",
        "201902": "52.38",
        "201903": "52.27",
        "201904": "53.68",
        "201905": "53.27",
        "201906": "53.88",
        "201907": "52.61",
        "201908": "52.49",
        "201909": "51.92",
        "201910": "51.26",
        "201911": "51.37",
        "201912": "51.25",
        "202001": "51.30",
        "202002": "50.14",
        "202003": "46.84",
        "202004": "45.32",
        "202005": "44.80",
        "202006": "45.49",
        "202007": "45.86",
        "202008": "45.43",
        "202009": "44.66",
        "202010": "45.46",
        "202011": "47.21",
        "202012": "49.43",
        "202101": "50.08",
        "202102": "51.60",
        "202103": "58.83",
        "202104": "63.52",
        "202105": "61.38",
        "202106": "58.85",
        "202107": "58.39",
        "202108": "57.99",
        "202109": "58.23",
        "202110": "59.00",
        "202111": "58.31",
        "202112": "56.76",
        "202201": "56.64",
        "202202": "54.94",
        "202203": "54.83",
        "202204": "55.19",
        "202205": "55.81",
        "202206": "57.69",
        "202207": "54.76",
        "202208": "53.54",
        "202209": "52.50",
        "202210": "52.85",
        "202211": "52.29",
        "202212": "51.02",
        "202301": "51.11",
        "202302": "51.56",
        "202303": "52.36",
        "202304": "52.19",
        "202305": "52.81",
        "202306": "53.85"
    },
    "quarters": {
        "20011": {
            "year_quarter": 20011,
            "year": 2001,
            "quarter": 1,
            "eps": 0.14,
            "eps_growth_year": null,
            "eps_4q": -1.24,
            "eps_4q_growth_year": null,
            "roe": 1.67,
            "roe_4q": 1.67,
            "gross_profit": 178196,
            "gross_margin": 18.02,
            "gross_margin_4q_avg": 18.02,
            "net_income": 27446,
            "revenue": 988709,
            "common_shares": 1898455,
            "book_valuer_per_share": 8.87,
            "book_valuer_per_share_4q_avg": 8.87,
            "equity": 1683180,
            "current_ratio": 179.44,
            "debt_ratio": 69.68,
            "inventory_turnover_ratio": 1.21,
            "account_receivable_turnover_ratio": null,
            "reinvestment_rate": null,
            "research_to_sale_ratio": null,
            "price_fair": 0,
            "eps_avg_yearly": 0,
            "eps_latest_yearly": 0,
            "eps_growth_yearly": 0
        },
        "20012": {
            "year_quarter": 20012,
            "year": 2001,
            "quarter": 2,
            "eps": 0.09,
            "eps_growth_year": null,
            "eps_4q": -0.7,
            "eps_4q_growth_year": null,
            "roe": 0.99,
            "roe_4q": 2.66,
            "gross_profit": 142141,
            "gross_margin": 15.64,
            "gross_margin_4q_avg": 16.83,
            "net_income": 16810,
            "revenue": 908784,
            "common_shares": 1898455,
            "book_valuer_per_share": 9.06,
            "book_valuer_per_share_4q_avg": 8.97,
            "equity": 1720514,
            "current_ratio": 149.39,
            "debt_ratio": 69.07,
            "inventory_turnover_ratio": 1.13,
            "account_receivable_turnover_ratio": null,
            "reinvestment_rate": null,
            "research_to_sale_ratio": null,
            "price_fair": 0,
            "eps_avg_yearly": 0,
            "eps_latest_yearly": 0,
            "eps_growth_yearly": 0
        },
        "20013": {
            "year_quarter": 20013,
            "year": 2001,
            "quarter": 3,
            "eps": 0.04,
            "eps_growth_year": null,
            "eps_4q": -0.2,
            "eps_4q_growth_year": null,
            "roe": 0.44,
            "roe_4q": 3.0999999999999996,
            "gross_profit": 131943,
            "gross_margin": 15.29,
            "gross_margin_4q_avg": 16.32,
            "net_income": 7615,
            "revenue": 863050,
            "common_shares": 1898455,
            "book_valuer_per_share": 9,
            "book_valuer_per_share_4q_avg": 8.98,
            "equity": 1707736,
            "current_ratio": 167.09,
            "debt_ratio": 67.68,
            "inventory_turnover_ratio": 1.14,
            "account_receivable_turnover_ratio": null,
            "reinvestment_rate": null,
            "research_to_sale_ratio": null,
            "price_fair": 0,
            "eps_avg_yearly": 0,
            "eps_latest_yearly": 0,
            "eps_growth_yearly": 0
        },
        "20014": {
            "year_quarter": 20014,
            "year": 2001,
            "quarter": 4,
            "eps": 0.05,
            "eps_growth_year": null,
            "eps_4q": 0.31,
            "eps_4q_growth_year": null,
            "roe": 0.59,
            "roe_4q": 3.69,
            "gross_profit": 98248,
            "gross_margin": 10.54,
            "gross_margin_4q_avg": 14.87,
            "net_income": 9874,
            "revenue": 932381,
            "common_shares": 1898455,
            "book_valuer_per_share": 8.68,
            "book_valuer_per_share_4q_avg": 8.9,
            "equity": 1647454,
            "current_ratio": 129.3,
            "debt_ratio": 69.31,
            "inventory_turnover_ratio": 1.37,
            "account_receivable_turnover_ratio": null,
            "reinvestment_rate": null,
            "research_to_sale_ratio": null,
            "price_fair": 0,
            "eps_avg_yearly": 0,
            "eps_latest_yearly": 0,
            "eps_growth_yearly": 0
        },
        "20021": {
            "year_quarter": 20021,
            "year": 2002,
            "quarter": 1,
            "eps": 0.16,
            "eps_growth_year": 14.29,
            "eps_4q": 0.37,
            "eps_4q_growth_year": null,
            "roe": 1.65,
            "roe_4q": 3.67,
            "gross_profit": 140569,
            "gross_margin": 14.79,
            "gross_margin_4q_avg": 14.07,
            "net_income": 25989,
            "revenue": 950709,
            "common_shares": 1898455,
            "book_valuer_per_share": 7.93,
            "book_valuer_per_share_4q_avg": 8.67,
            "equity": 1506241,
            "current_ratio": 127.88,
            "debt_ratio": 71.4,
            "inventory_turnover_ratio": 1.43,
            "account_receivable_turnover_ratio": null,
            "reinvestment_rate": null,
            "research_to_sale_ratio": null,
            "price_fair": 22.4,
            "eps_avg_yearly": 0.64,
            "eps_latest_yearly": 0.64,
            "eps_growth_yearly": 880
        },
        "20022": {
            "year_quarter": 20022,
            "year": 2002,
            "quarter": 2,
            "eps": 0.33,
            "eps_growth_year": 266.67,
            "eps_4q": 0.59,
            "eps_4q_growth_year": null,
            "roe": 3.55,
            "roe_4q": 6.2299999999999995,
            "gross_profit": 188310,
            "gross_margin": 15.13,
            "gross_margin_4q_avg": 13.94,
            "net_income": 54384,
            "revenue": 1244520,
            "common_shares": 1898455,
            "book_valuer_per_share": 8.21,
            "book_valuer_per_share_4q_avg": 8.46,
            "equity": 1558390,
            "current_ratio": 115.75,
            "debt_ratio": 70.83,
            "inventory_turnover_ratio": 1.75,
            "account_receivable_turnover_ratio": null,
            "reinvestment_rate": null,
            "research_to_sale_ratio": null,
            "price_fair": 34.3,
            "eps_avg_yearly": 0.98,
            "eps_latest_yearly": 1.32,
            "eps_growth_yearly": 652.5
        },
        "20023": {
            "year_quarter": 20023,
            "year": 2002,
            "quarter": 3,
            "eps": 0.37,
            "eps_growth_year": 825,
            "eps_4q": 0.91,
            "eps_4q_growth_year": null,
            "roe": 3.87,
            "roe_4q": 9.66,
            "gross_profit": 178645,
            "gross_margin": 13.02,
            "gross_margin_4q_avg": 13.37,
            "net_income": 61504,
            "revenue": 1372565,
            "common_shares": 1898455,
            "book_valuer_per_share": 8.54,
            "book_valuer_per_share_4q_avg": 8.34,
            "equity": 1621471,
            "current_ratio": 120.41,
            "debt_ratio": 69.92,
            "inventory_turnover_ratio": 1.86,
            "account_receivable_turnover_ratio": null,
            "reinvestment_rate": null,
            "research_to_sale_ratio": null,
            "price_fair": 40.13,
            "eps_avg_yearly": 1.15,
            "eps_latest_yearly": 1.48,
            "eps_growth_yearly": 451.16
        },
        "20024": {
            "year_quarter": 20024,
            "year": 2002,
            "quarter": 4,
            "eps": 0.49,
            "eps_growth_year": 880,
            "eps_4q": 1.34,
            "eps_4q_growth_year": 327.68,
            "roe": 4.94,
            "roe_4q": 14.01,
            "gross_profit": 222598,
            "gross_margin": 14.26,
            "gross_margin_4q_avg": 14.3,
            "net_income": 82057,
            "revenue": 1560777,
            "common_shares": 1898455,
            "book_valuer_per_share": 8.96,
            "book_valuer_per_share_4q_avg": 8.41,
            "equity": 1701546,
            "current_ratio": 113.45,
            "debt_ratio": 66.57,
            "inventory_turnover_ratio": 2.14,
            "account_receivable_turnover_ratio": null,
            "reinvestment_rate": null,
            "research_to_sale_ratio": null,
            "price_fair": 47.25,
            "eps_avg_yearly": 1.35,
            "eps_latest_yearly": 1.96,
            "eps_growth_yearly": 370.8
        },
        "20031": {
            "year_quarter": 20031,
            "year": 2003,
            "quarter": 1,
            "eps": 0.52,
            "eps_growth_year": 225,
            "eps_4q": 1.68,
            "eps_4q_growth_year": 353.39,
            "roe": 5.07,
            "roe_4q": 17.430000000000003,
            "gross_profit": 230384,
            "gross_margin": 16.07,
            "gross_margin_4q_avg": 14.62,
            "net_income": 88520,
            "revenue": 1433206,
            "common_shares": 1898455,
            "book_valuer_per_share": 9.43,
            "book_valuer_per_share_4q_avg": 8.79,
            "equity": 1790066,
            "current_ratio": 123.59,
            "debt_ratio": 65.44,
            "inventory_turnover_ratio": 1.72,
            "account_receivable_turnover_ratio": null,
            "reinvestment_rate": null,
            "research_to_sale_ratio": null,
            "price_fair": 52.36,
            "eps_avg_yearly": 1.5,
            "eps_latest_yearly": 2.08,
            "eps_growth_yearly": 301.54
        },
        "20032": {
            "year_quarter": 20032,
            "year": 2003,
            "quarter": 2,
            "eps": 0.53,
            "eps_growth_year": 60.61,
            "eps_4q": 1.91,
            "eps_4q_growth_year": 221.51,
            "roe": 5.03,
            "roe_4q": 18.910000000000004,
            "gross_profit": 239354,
            "gross_margin": 16.01,
            "gross_margin_4q_avg": 14.84,
            "net_income": 89186,
            "revenue": 1495452,
            "common_shares": 1898455,
            "book_valuer_per_share": 9.27,
            "book_valuer_per_share_4q_avg": 9.05,
            "equity": 1759054,
            "current_ratio": 99.65,
            "debt_ratio": 66.91,
            "inventory_turnover_ratio": 1.59,
            "account_receivable_turnover_ratio": null,
            "reinvestment_rate": -1144.45,
            "research_to_sale_ratio": null,
            "price_fair": 56,
            "eps_avg_yearly": 1.6,
            "eps_latest_yearly": 2.12,
            "eps_growth_yearly": 252.57
        },
        "20033": {
            "year_quarter": 20033,
            "year": 2003,
            "quarter": 3,
            "eps": 0.43,
            "eps_growth_year": 16.22,
            "eps_4q": 1.91,
            "eps_4q_growth_year": 108.99,
            "roe": 4.21,
            "roe_4q": 19.25,
            "gross_profit": 213058,
            "gross_margin": 14.59,
            "gross_margin_4q_avg": 15.23,
            "net_income": 75581,
            "revenue": 1460363,
            "common_shares": 1974393,
            "book_valuer_per_share": 9.29,
            "book_valuer_per_share_4q_avg": 9.24,
            "equity": 1834040,
            "current_ratio": 118.89,
            "debt_ratio": 65.77,
            "inventory_turnover_ratio": 1.5,
            "account_receivable_turnover_ratio": null,
            "reinvestment_rate": -392.51,
            "research_to_sale_ratio": null,
            "price_fair": 56.6,
            "eps_avg_yearly": 1.62,
            "eps_latest_yearly": 1.72,
            "eps_growth_yearly": 205.7
        },
        "20034": {
            "year_quarter": 20034,
            "year": 2003,
            "quarter": 4,
            "eps": 0.33,
            "eps_growth_year": -32.65,
            "eps_4q": 1.78,
            "eps_4q_growth_year": 32.91,
            "roe": 3.09,
            "roe_4q": 17.4,
            "gross_profit": 200959,
            "gross_margin": 13.07,
            "gross_margin_4q_avg": 14.94,
            "net_income": 57750,
            "revenue": 1537261,
            "common_shares": 1974393,
            "book_valuer_per_share": 9.64,
            "book_valuer_per_share_4q_avg": 9.41,
            "equity": 1902379,
            "current_ratio": 140.78,
            "debt_ratio": 62.91,
            "inventory_turnover_ratio": 1.62,
            "account_receivable_turnover_ratio": null,
            "reinvestment_rate": -64.71,
            "research_to_sale_ratio": null,
            "price_fair": 55.3,
            "eps_avg_yearly": 1.58,
            "eps_latest_yearly": 1.32,
            "eps_growth_yearly": 168.36
        },
        "20041": {
            "year_quarter": 20041,
            "year": 2004,
            "quarter": 1,
            "eps": 0.71,
            "eps_growth_year": 36.54,
            "eps_4q": 1.97,
            "eps_4q_growth_year": 17.24,
            "roe": 6.37,
            "roe_4q": 18.700000000000003,
            "gross_profit": 253869,
            "gross_margin": 15.81,
            "gross_margin_4q_avg": 14.87,
            "net_income": 125092,
            "revenue": 1605322,
            "common_shares": 1974393,
            "book_valuer_per_share": 10.27,
            "book_valuer_per_share_4q_avg": 9.62,
            "equity": 2027068,
            "current_ratio": 116.01,
            "debt_ratio": 62.91,
            "inventory_turnover_ratio": 1.54,
            "account_receivable_turnover_ratio": null,
            "reinvestment_rate": -39.72,
            "research_to_sale_ratio": null,
            "price_fair": 60.2,
            "eps_avg_yearly": 1.72,
            "eps_latest_yearly": 2.84,
            "eps_growth_yearly": 200.83
        },
        "20042": {
            "year_quarter": 20042,
            "year": 2004,
            "quarter": 2,
            "eps": 0.75,
            "eps_growth_year": 41.51,
            "eps_4q": 2.18,
            "eps_4q_growth_year": 14.08,
            "roe": 6.83,
            "roe_4q": 20.5,
            "gross_profit": 258231,
            "gross_margin": 12.35,
            "gross_margin_4q_avg": 13.96,
            "net_income": 135733,
            "revenue": 2090686,
            "common_shares": 1974393,
            "book_valuer_per_share": 9.85,
            "book_valuer_per_share_4q_avg": 9.76,
            "equity": 1945427,
            "current_ratio": 100.63,
            "debt_ratio": 64.91,
            "inventory_turnover_ratio": 1.89,
            "account_receivable_turnover_ratio": null,
            "reinvestment_rate": -22.66,
            "research_to_sale_ratio": null,
            "price_fair": 64.68,
            "eps_avg_yearly": 1.85,
            "eps_latest_yearly": 3,
            "eps_growth_yearly": 183
        },
        "20043": {
            "year_quarter": 20043,
            "year": 2004,
            "quarter": 3,
            "eps": 0.92,
            "eps_growth_year": 113.95,
            "eps_4q": 2.67,
            "eps_4q_growth_year": 39.91,
            "roe": 8.21,
            "roe_4q": 24.5,
            "gross_profit": 316759,
            "gross_margin": 14.33,
            "gross_margin_4q_avg": 13.89,
            "net_income": 167540,
            "revenue": 2211220,
            "common_shares": 2033625,
            "book_valuer_per_share": 10.5,
            "book_valuer_per_share_4q_avg": 10.07,
            "equity": 2134457,
            "current_ratio": 106.11,
            "debt_ratio": 63.04,
            "inventory_turnover_ratio": 1.91,
            "account_receivable_turnover_ratio": null,
            "reinvestment_rate": -13.63,
            "research_to_sale_ratio": null,
            "price_fair": 70.51,
            "eps_avg_yearly": 2.01,
            "eps_latest_yearly": 3.68,
            "eps_growth_yearly": 174.61
        },
        "20044": {
            "year_quarter": 20044,
            "year": 2004,
            "quarter": 4,
            "eps": 0.97,
            "eps_growth_year": 193.94,
            "eps_4q": 3.33,
            "eps_4q_growth_year": 87.19,
            "roe": 7.96,
            "roe_4q": 29.37,
            "gross_profit": 343579,
            "gross_margin": 15,
            "gross_margin_4q_avg": 14.37,
            "net_income": 176293,
            "revenue": 2291127,
            "common_shares": 2033625,
            "book_valuer_per_share": 11.28,
            "book_valuer_per_share_4q_avg": 10.48,
            "equity": 2292980,
            "current_ratio": 108.08,
            "debt_ratio": 61.91,
            "inventory_turnover_ratio": 1.74,
            "account_receivable_turnover_ratio": null,
            "reinvestment_rate": -3.04,
            "research_to_sale_ratio": null,
            "price_fair": 75.95,
            "eps_avg_yearly": 2.17,
            "eps_latest_yearly": 3.88,
            "eps_growth_yearly": 161.87
        },
        "20051": {
            "year_quarter": 20051,
            "year": 2005,
            "quarter": 1,
            "eps": 0.9,
            "eps_growth_year": 26.76,
            "eps_4q": 3.53,
            "eps_4q_growth_year": 79.07,
            "roe": 6.7,
            "roe_4q": 29.700000000000003,
            "gross_profit": 260001,
            "gross_margin": 13.83,
            "gross_margin_4q_avg": 13.88,
            "net_income": 163929,
            "revenue": 1879330,
            "common_shares": 2033625,
            "book_valuer_per_share": 12.77,
            "book_valuer_per_share_4q_avg": 11.1,
            "equity": 2597490,
            "current_ratio": 108.7,
            "debt_ratio": 57.78,
            "inventory_turnover_ratio": 1.24,
            "account_receivable_turnover_ratio": null,
            "reinvestment_rate": 0.24,
            "research_to_sale_ratio": null,
            "price_fair": 79.8,
            "eps_avg_yearly": 2.28,
            "eps_latest_yearly": 3.6,
            "eps_growth_yearly": 147.2
        },
        "20052": {
            "year_quarter": 20052,
            "year": 2005,
            "quarter": 2,
            "eps": 0.65,
            "eps_growth_year": -13.33,
            "eps_4q": 3.33,
            "eps_4q_growth_year": 52.91,
            "roe": 4.99,
            "roe_4q": 27.860000000000003,
            "gross_profit": 234076,
            "gross_margin": 13.38,
            "gross_margin_4q_avg": 14.14,
            "net_income": 123136,
            "revenue": 1749551,
            "common_shares": 2033625,
            "book_valuer_per_share": 11.48,
            "book_valuer_per_share_4q_avg": 11.51,
            "equity": 2333849,
            "current_ratio": 98.95,
            "debt_ratio": 61.75,
            "inventory_turnover_ratio": 1.08,
            "account_receivable_turnover_ratio": null,
            "reinvestment_rate": 2.25,
            "research_to_sale_ratio": null,
            "price_fair": 80.6,
            "eps_avg_yearly": 2.3,
            "eps_latest_yearly": 2.6,
            "eps_growth_yearly": 128.75
        },
        "20053": {
            "year_quarter": 20053,
            "year": 2005,
            "quarter": 3,
            "eps": 0.56,
            "eps_growth_year": -39.13,
            "eps_4q": 3.01,
            "eps_4q_growth_year": 12.58,
            "roe": 4.44,
            "roe_4q": 24.09,
            "gross_profit": 215508,
            "gross_margin": 13.84,
            "gross_margin_4q_avg": 14.01,
            "net_income": 106120,
            "revenue": 1557665,
            "common_shares": 2114970,
            "book_valuer_per_share": 11.55,
            "book_valuer_per_share_4q_avg": 11.77,
            "equity": 2443722,
            "current_ratio": 97.36,
            "debt_ratio": 58.2,
            "inventory_turnover_ratio": 0.99,
            "account_receivable_turnover_ratio": null,
            "reinvestment_rate": 5.25,
            "research_to_sale_ratio": null,
            "price_fair": 80.45,
            "eps_avg_yearly": 2.3,
            "eps_latest_yearly": 2.24,
            "eps_growth_yearly": 116.47
        },
        "20054": {
            "year_quarter": 20054,
            "year": 2005,
            "quarter": 4,
            "eps": 0.47,
            "eps_growth_year": -51.55,
            "eps_4q": 2.57,
            "eps_4q_growth_year": -22.77,
            "roe": 3.51,
            "roe_4q": 19.64,
            "gross_profit": 213211,
            "gross_margin": 14.67,
            "gross_margin_4q_avg": 13.93,
            "net_income": 88030,
            "revenue": 1453837,
            "common_shares": 2114970,
            "book_valuer_per_share": 12.07,
            "book_valuer_per_share_4q_avg": 11.97,
            "equity": 2568708,
            "current_ratio": 114.19,
            "debt_ratio": 55.49,
            "inventory_turnover_ratio": 0.99,
            "account_receivable_turnover_ratio": null,
            "reinvestment_rate": 6.68,
            "research_to_sale_ratio": null,
            "price_fair": 79.54,
            "eps_avg_yearly": 2.27,
            "eps_latest_yearly": 1.88,
            "eps_growth_yearly": 105.18
        },
        "20061": {
            "year_quarter": 20061,
            "year": 2006,
            "quarter": 1,
            "eps": 0.4,
            "eps_growth_year": -55.56,
            "eps_4q": 2.07,
            "eps_4q_growth_year": -41.46,
            "roe": 2.93,
            "roe_4q": 15.87,
            "gross_profit": 166778,
            "gross_margin": 13.35,
            "gross_margin_4q_avg": 13.81,
            "net_income": 76075,
            "revenue": 1249671,
            "common_shares": 2114970,
            "book_valuer_per_share": 12.43,
            "book_valuer_per_share_4q_avg": 11.88,
            "equity": 2629361,
            "current_ratio": 108.58,
            "debt_ratio": 50.77,
            "inventory_turnover_ratio": 1.04,
            "account_receivable_turnover_ratio": null,
            "reinvestment_rate": 4.05,
            "research_to_sale_ratio": null,
            "price_fair": 81.64,
            "eps_avg_yearly": 2.33,
            "eps_latest_yearly": 1.6,
            "eps_growth_yearly": 46.45
        },
        "20062": {
            "year_quarter": 20062,
            "year": 2006,
            "quarter": 2,
            "eps": 0.56,
            "eps_growth_year": -13.85,
            "eps_4q": 1.93,
            "eps_4q_growth_year": -42.04,
            "roe": 4.37,
            "roe_4q": 15.25,
            "gross_profit": 228989,
            "gross_margin": 17.01,
            "gross_margin_4q_avg": 14.72,
            "net_income": 110438,
            "revenue": 1346520,
            "common_shares": 2114970,
            "book_valuer_per_share": 11.47,
            "book_valuer_per_share_4q_avg": 11.88,
            "equity": 2426571,
            "current_ratio": 105.16,
            "debt_ratio": 55.09,
            "inventory_turnover_ratio": 1.3,
            "account_receivable_turnover_ratio": null,
            "reinvestment_rate": 3.72,
            "research_to_sale_ratio": null,
            "price_fair": 83.65,
            "eps_avg_yearly": 2.39,
            "eps_latest_yearly": 2.24,
            "eps_growth_yearly": 29.89
        },
        "20063": {
            "year_quarter": 20063,
            "year": 2006,
            "quarter": 3,
            "eps": 1.01,
            "eps_growth_year": 80.36,
            "eps_4q": 2.41,
            "eps_4q_growth_year": -19.74,
            "roe": 7.83,
            "roe_4q": 18.64,
            "gross_profit": 301730,
            "gross_margin": 19.67,
            "gross_margin_4q_avg": 16.18,
            "net_income": 197771,
            "revenue": 1534040,
            "common_shares": 2199569,
            "book_valuer_per_share": 11.93,
            "book_valuer_per_share_4q_avg": 11.98,
            "equity": 2624342,
            "current_ratio": 109.86,
            "debt_ratio": 49.58,
            "inventory_turnover_ratio": 1.5,
            "account_receivable_turnover_ratio": null,
            "reinvestment_rate": 3.19,
            "research_to_sale_ratio": null,
            "price_fair": 89.25,
            "eps_avg_yearly": 2.55,
            "eps_latest_yearly": 4.04,
            "eps_growth_yearly": 46.95
        },
        "20064": {
            "year_quarter": 20064,
            "year": 2006,
            "quarter": 4,
            "eps": 0.85,
            "eps_growth_year": 80.85,
            "eps_4q": 2.81,
            "eps_4q_growth_year": 9.21,
            "roe": 6.18,
            "roe_4q": 21.31,
            "gross_profit": 296240,
            "gross_margin": 19.66,
            "gross_margin_4q_avg": 17.42,
            "net_income": 167003,
            "revenue": 1506953,
            "common_shares": 2199569,
            "book_valuer_per_share": 12.59,
            "book_valuer_per_share_4q_avg": 12.11,
            "equity": 2784240,
            "current_ratio": 143.85,
            "debt_ratio": 49.22,
            "inventory_turnover_ratio": 1.36,
            "account_receivable_turnover_ratio": null,
            "reinvestment_rate": 7.98,
            "research_to_sale_ratio": null,
            "price_fair": 92.4,
            "eps_avg_yearly": 2.64,
            "eps_latest_yearly": 3.4,
            "eps_growth_yearly": 34.88
        },
        "20071": {
            "year_quarter": 20071,
            "year": 2007,
            "quarter": 1,
            "eps": 0.86,
            "eps_growth_year": 115,
            "eps_4q": 3.27,
            "eps_4q_growth_year": 58.21,
            "roe": 5.92,
            "roe_4q": 24.3,
            "gross_profit": 266702,
            "gross_margin": 19.42,
            "gross_margin_4q_avg": 18.94,
            "net_income": 169419,
            "revenue": 1373304,
            "common_shares": 2199569,
            "book_valuer_per_share": 13.36,
            "book_valuer_per_share_4q_avg": 12.34,
            "equity": 2937828,
            "current_ratio": 126.65,
            "debt_ratio": 45.68,
            "inventory_turnover_ratio": 1.1,
            "account_receivable_turnover_ratio": null,
            "reinvestment_rate": 7.29,
            "research_to_sale_ratio": null,
            "price_fair": 95.38,
            "eps_avg_yearly": 2.73,
            "eps_latest_yearly": 3.44,
            "eps_growth_yearly": 33.64
        },
        "20072": {
            "year_quarter": 20072,
            "year": 2007,
            "quarter": 2,
            "eps": 0.79,
            "eps_growth_year": 41.07,
            "eps_4q": 3.52,
            "eps_4q_growth_year": 82.38,
            "roe": 5.51,
            "roe_4q": 25.439999999999998,
            "gross_profit": 267286,
            "gross_margin": 19.13,
            "gross_margin_4q_avg": 19.47,
            "net_income": 154563,
            "revenue": 1397151,
            "common_shares": 2199569,
            "book_valuer_per_share": 12.14,
            "book_valuer_per_share_4q_avg": 12.51,
            "equity": 2669520,
            "current_ratio": 107.35,
            "debt_ratio": 53,
            "inventory_turnover_ratio": 1.02,
            "account_receivable_turnover_ratio": null,
            "reinvestment_rate": 11.54,
            "research_to_sale_ratio": null,
            "price_fair": 97.65,
            "eps_avg_yearly": 2.79,
            "eps_latest_yearly": 3.16,
            "eps_growth_yearly": 31.13
        },
        "20073": {
            "year_quarter": 20073,
            "year": 2007,
            "quarter": 3,
            "eps": 0.64,
            "eps_growth_year": -36.63,
            "eps_4q": 3.15,
            "eps_4q_growth_year": 30.42,
            "roe": 4.59,
            "roe_4q": 22.2,
            "gross_profit": 239370,
            "gross_margin": 18.11,
            "gross_margin_4q_avg": 19.08,
            "net_income": 125397,
            "revenue": 1321424,
            "common_shares": 2199569,
            "book_valuer_per_share": 12.71,
            "book_valuer_per_share_4q_avg": 12.7,
            "equity": 2794917,
            "current_ratio": 116.04,
            "debt_ratio": 47.63,
            "inventory_turnover_ratio": 0.93,
            "account_receivable_turnover_ratio": null,
            "reinvestment_rate": 12.73,
            "research_to_sale_ratio": null,
            "price_fair": 99.49,
            "eps_avg_yearly": 2.84,
            "eps_latest_yearly": 2.56,
            "eps_growth_yearly": 31.1
        },
        "20074": {
            "year_quarter": 20074,
            "year": 2007,
            "quarter": 4,
            "eps": 0.52,
            "eps_growth_year": -38.82,
            "eps_4q": 2.81,
            "eps_4q_growth_year": 0.14,
            "roe": 3.57,
            "roe_4q": 19.59,
            "gross_profit": 251422,
            "gross_margin": 18.66,
            "gross_margin_4q_avg": 18.83,
            "net_income": 102055,
            "revenue": 1347618,
            "common_shares": 2199569,
            "book_valuer_per_share": 13.18,
            "book_valuer_per_share_4q_avg": 12.85,
            "equity": 2915592,
            "current_ratio": 129.97,
            "debt_ratio": 45.99,
            "inventory_turnover_ratio": 0.95,
            "account_receivable_turnover_ratio": null,
            "reinvestment_rate": 7.9,
            "research_to_sale_ratio": null,
            "price_fair": 101.15,
            "eps_avg_yearly": 2.89,
            "eps_latest_yearly": 2.08,
            "eps_growth_yearly": 32.22
        },
        "20081": {
            "year_quarter": 20081,
            "year": 2008,
            "quarter": 1,
            "eps": 0.59,
            "eps_growth_year": -31.4,
            "eps_4q": 2.52,
            "eps_4q_growth_year": -22.85,
            "roe": 3.91,
            "roe_4q": 17.58,
            "gross_profit": 251637,
            "gross_margin": 18.78,
            "gross_margin_4q_avg": 18.67,
            "net_income": 116263,
            "revenue": 1339575,
            "common_shares": 2199569,
            "book_valuer_per_share": 13.71,
            "book_valuer_per_share_4q_avg": 12.94,
            "equity": 3031829,
            "current_ratio": 137.44,
            "debt_ratio": 43.68,
            "inventory_turnover_ratio": 0.9,
            "account_receivable_turnover_ratio": null,
            "reinvestment_rate": 9.68,
            "research_to_sale_ratio": null,
            "price_fair": 48.05,
            "eps_avg_yearly": 2.86,
            "eps_latest_yearly": 2.36,
            "eps_growth_yearly": 6.8
        },
        "20082": {
            "year_quarter": 20082,
            "year": 2008,
            "quarter": 2,
            "eps": 0.45,
            "eps_growth_year": -43.04,
            "eps_4q": 2.18,
            "eps_4q_growth_year": -38.12,
            "roe": 2.97,
            "roe_4q": 15.040000000000001,
            "gross_profit": 250131,
            "gross_margin": 17.54,
            "gross_margin_4q_avg": 18.27,
            "net_income": 89071,
            "revenue": 1426246,
            "common_shares": 2199569,
            "book_valuer_per_share": 13.45,
            "book_valuer_per_share_4q_avg": 13.26,
            "equity": 2972164,
            "current_ratio": 114.19,
            "debt_ratio": 45.91,
            "inventory_turnover_ratio": 0.94,
            "account_receivable_turnover_ratio": null,
            "reinvestment_rate": 12.63,
            "research_to_sale_ratio": null,
            "price_fair": 8.36,
            "eps_avg_yearly": 2.79,
            "eps_latest_yearly": 1.8,
            "eps_growth_yearly": -0.54
        },
        "20083": {
            "year_quarter": 20083,
            "year": 2008,
            "quarter": 3,
            "eps": 1.14,
            "eps_growth_year": 78.12,
            "eps_4q": 2.66,
            "eps_4q_growth_year": -15.53,
            "roe": 7.42,
            "roe_4q": 17.87,
            "gross_profit": 361791,
            "gross_margin": 20.57,
            "gross_margin_4q_avg": 18.89,
            "net_income": 229033,
            "revenue": 1758894,
            "common_shares": 2199569,
            "book_valuer_per_share": 14.48,
            "book_valuer_per_share_4q_avg": 13.71,
            "equity": 3202847,
            "current_ratio": 155.11,
            "debt_ratio": 45.18,
            "inventory_turnover_ratio": 1.06,
            "account_receivable_turnover_ratio": null,
            "reinvestment_rate": 12.69,
            "research_to_sale_ratio": null,
            "price_fair": 99.4,
            "eps_avg_yearly": 2.84,
            "eps_latest_yearly": 4.56,
            "eps_growth_yearly": 32.13
        },
        "20084": {
            "year_quarter": 20084,
            "year": 2008,
            "quarter": 4,
            "eps": 0.54,
            "eps_growth_year": 3.85,
            "eps_4q": 2.67,
            "eps_4q_growth_year": -4.89,
            "roe": 3.35,
            "roe_4q": 17.65,
            "gross_profit": 227898,
            "gross_margin": 18.21,
            "gross_margin_4q_avg": 18.78,
            "net_income": 109213,
            "revenue": 1251740,
            "common_shares": 2199569,
            "book_valuer_per_share": 15.01,
            "book_valuer_per_share_4q_avg": 14.16,
            "equity": 3318368,
            "current_ratio": 165.19,
            "debt_ratio": 45.36,
            "inventory_turnover_ratio": 0.68,
            "account_receivable_turnover_ratio": 3.78,
            "reinvestment_rate": 13.36,
            "research_to_sale_ratio": null,
            "price_fair": 75.45,
            "eps_avg_yearly": 2.73,
            "eps_latest_yearly": 2.16,
            "eps_growth_yearly": 17.61
        },
        "20091": {
            "year_quarter": 20091,
            "year": 2009,
            "quarter": 1,
            "eps": 0.05,
            "eps_growth_year": -91.53,
            "eps_4q": 1.91,
            "eps_4q_growth_year": -24.51,
            "roe": 0.34,
            "roe_4q": 14.08,
            "gross_profit": 46119,
            "gross_margin": 6.37,
            "gross_margin_4q_avg": 15.67,
            "net_income": 11442,
            "revenue": 723766,
            "common_shares": 2199569,
            "book_valuer_per_share": 15.06,
            "book_valuer_per_share_4q_avg": 14.5,
            "equity": 3329810,
            "current_ratio": 181.94,
            "debt_ratio": 42.18,
            "inventory_turnover_ratio": 0.44,
            "account_receivable_turnover_ratio": 1.37,
            "reinvestment_rate": 12.46,
            "research_to_sale_ratio": null,
            "price_fair": 7.56,
            "eps_avg_yearly": 2.52,
            "eps_latest_yearly": 0.2,
            "eps_growth_yearly": -3.27
        },
        "20092": {
            "year_quarter": 20092,
            "year": 2009,
            "quarter": 2,
            "eps": -0.43,
            "eps_growth_year": -195.56,
            "eps_4q": 1.18,
            "eps_4q_growth_year": -45.98,
            "roe": -2.81,
            "roe_4q": 8.3,
            "gross_profit": -8314,
            "gross_margin": -1.57,
            "gross_margin_4q_avg": 10.9,
            "net_income": -88852,
            "revenue": 530774,
            "common_shares": 2199569,
            "book_valuer_per_share": 13.5,
            "book_valuer_per_share_4q_avg": 14.51,
            "equity": 2984120,
            "current_ratio": 176.18,
            "debt_ratio": 45.1,
            "inventory_turnover_ratio": 0.42,
            "account_receivable_turnover_ratio": 1.38,
            "reinvestment_rate": 11.74,
            "research_to_sale_ratio": null,
            "price_fair": 35,
            "eps_avg_yearly": 2.51,
            "eps_latest_yearly": 0.2,
            "eps_growth_yearly": 3.92
        },
        "20093": {
            "year_quarter": 20093,
            "year": 2009,
            "quarter": 3,
            "eps": 0.07,
            "eps_growth_year": -93.86,
            "eps_4q": 0.23,
            "eps_4q_growth_year": -91.53,
            "roe": 0.46,
            "roe_4q": 1.3399999999999999,
            "gross_profit": 60441,
            "gross_margin": 9.16,
            "gross_margin_4q_avg": 8.04,
            "net_income": 13794,
            "revenue": 659960,
            "common_shares": 2199569,
            "book_valuer_per_share": 13.56,
            "book_valuer_per_share_4q_avg": 14.28,
            "equity": 2998329,
            "current_ratio": 215.59,
            "debt_ratio": 40.69,
            "inventory_turnover_ratio": 0.56,
            "account_receivable_turnover_ratio": 1.57,
            "reinvestment_rate": 7.62,
            "research_to_sale_ratio": null,
            "price_fair": 46.01,
            "eps_avg_yearly": 2.53,
            "eps_latest_yearly": 0.2,
            "eps_growth_yearly": 8.16
        },
        "20094": {
            "year_quarter": 20094,
            "year": 2009,
            "quarter": 4,
            "eps": 0.28,
            "eps_growth_year": -48.15,
            "eps_4q": -0.04,
            "eps_4q_growth_year": -101.44,
            "roe": 1.89,
            "roe_4q": -0.11999999999999994,
            "gross_profit": 130120,
            "gross_margin": 15.57,
            "gross_margin_4q_avg": 7.38,
            "net_income": 57093,
            "revenue": 835641,
            "common_shares": 2199569,
            "book_valuer_per_share": 14.83,
            "book_valuer_per_share_4q_avg": 14.24,
            "equity": 3054187,
            "current_ratio": 212.85,
            "debt_ratio": 39.59,
            "inventory_turnover_ratio": 0.7,
            "account_receivable_turnover_ratio": 2.9,
            "reinvestment_rate": 34.89,
            "research_to_sale_ratio": null,
            "price_fair": 86.8,
            "eps_avg_yearly": 2.48,
            "eps_latest_yearly": 1.12,
            "eps_growth_yearly": 98.46
        },
        "20101": {
            "year_quarter": 20101,
            "year": 2010,
            "quarter": 1,
            "eps": 0.31,
            "eps_growth_year": 520,
            "eps_4q": 0.22,
            "eps_4q_growth_year": -88.44,
            "roe": 2.09,
            "roe_4q": 1.6299999999999994,
            "gross_profit": 148928,
            "gross_margin": 15.36,
            "gross_margin_4q_avg": 9.63,
            "net_income": 64559,
            "revenue": 969499,
            "common_shares": 2199569,
            "book_valuer_per_share": 15.14,
            "book_valuer_per_share_4q_avg": 14.26,
            "equity": 3118746,
            "current_ratio": 231.46,
            "debt_ratio": 38.44,
            "inventory_turnover_ratio": 0.8,
            "account_receivable_turnover_ratio": 1.64,
            "reinvestment_rate": 37.28,
            "research_to_sale_ratio": 0.67,
            "price_fair": 85.9,
            "eps_avg_yearly": 2.45,
            "eps_latest_yearly": 1.24,
            "eps_growth_yearly": 105.78
        },
        "20102": {
            "year_quarter": 20102,
            "year": 2010,
            "quarter": 2,
            "eps": 0.52,
            "eps_growth_year": null,
            "eps_4q": 1.18,
            "eps_4q_growth_year": 0.03,
            "roe": 3.51,
            "roe_4q": 7.949999999999999,
            "gross_profit": 209479,
            "gross_margin": 18.53,
            "gross_margin_4q_avg": 14.66,
            "net_income": 107755,
            "revenue": 1130513,
            "common_shares": 2199569,
            "book_valuer_per_share": 14.7,
            "book_valuer_per_share_4q_avg": 14.56,
            "equity": 3028487,
            "current_ratio": 200.51,
            "debt_ratio": 40.09,
            "inventory_turnover_ratio": 0.88,
            "account_receivable_turnover_ratio": 1.78,
            "reinvestment_rate": 35.98,
            "research_to_sale_ratio": 0.65,
            "price_fair": 85.5,
            "eps_avg_yearly": 2.44,
            "eps_latest_yearly": 2.08,
            "eps_growth_yearly": 113.7
        },
        "20103": {
            "year_quarter": 20103,
            "year": 2010,
            "quarter": 3,
            "eps": 0.87,
            "eps_growth_year": 1146.61,
            "eps_4q": 1.98,
            "eps_4q_growth_year": 781.14,
            "roe": 5.76,
            "roe_4q": 13.25,
            "gross_profit": 286343,
            "gross_margin": 22.39,
            "gross_margin_4q_avg": 17.96,
            "net_income": 179767,
            "revenue": 1278678,
            "common_shares": 2199569,
            "book_valuer_per_share": 15.57,
            "book_valuer_per_share_4q_avg": 15.06,
            "equity": 3208254,
            "current_ratio": 212.76,
            "debt_ratio": 39.36,
            "inventory_turnover_ratio": 0.88,
            "account_receivable_turnover_ratio": 1.73,
            "reinvestment_rate": 37.48,
            "research_to_sale_ratio": 0.85,
            "price_fair": 84.1,
            "eps_avg_yearly": 2.4,
            "eps_latest_yearly": 3.48,
            "eps_growth_yearly": 109.98
        },
        "20104": {
            "year_quarter": 20104,
            "year": 2010,
            "quarter": 4,
            "eps": 0.66,
            "eps_growth_year": 135.48,
            "eps_4q": 2.37,
            "eps_4q_growth_year": null,
            "roe": 4.15,
            "roe_4q": 15.51,
            "gross_profit": 272370,
            "gross_margin": 20.91,
            "gross_margin_4q_avg": 19.3,
            "net_income": 135855,
            "revenue": 1302785,
            "common_shares": 2199569,
            "book_valuer_per_share": 16.18,
            "book_valuer_per_share_4q_avg": 15.4,
            "equity": 3333391,
            "current_ratio": 214.34,
            "debt_ratio": 38.08,
            "inventory_turnover_ratio": 0.84,
            "account_receivable_turnover_ratio": 1.58,
            "reinvestment_rate": 34.13,
            "research_to_sale_ratio": 0.52,
            "price_fair": 82.2,
            "eps_avg_yearly": 2.35,
            "eps_latest_yearly": 2.64,
            "eps_growth_yearly": 107.61
        },
        "20111": {
            "year_quarter": 20111,
            "year": 2011,
            "quarter": 1,
            "eps": 0.83,
            "eps_growth_year": 167.74,
            "eps_4q": 2.88,
            "eps_4q_growth_year": 1207.35,
            "roe": 4.98,
            "roe_4q": 18.4,
            "gross_profit": 266053,
            "gross_margin": 18.11,
            "gross_margin_4q_avg": 19.99,
            "net_income": 170292,
            "revenue": 1469392,
            "common_shares": 2199569,
            "book_valuer_per_share": 17.01,
            "book_valuer_per_share_4q_avg": 15.87,
            "equity": 3503683,
            "current_ratio": 196.22,
            "debt_ratio": 37.64,
            "inventory_turnover_ratio": 0.94,
            "account_receivable_turnover_ratio": 1.63,
            "reinvestment_rate": 38.53,
            "research_to_sale_ratio": 0.43,
            "price_fair": 81.9,
            "eps_avg_yearly": 2.34,
            "eps_latest_yearly": 3.32,
            "eps_growth_yearly": 114.63
        },
        "20112": {
            "year_quarter": 20112,
            "year": 2011,
            "quarter": 2,
            "eps": 1.19,
            "eps_growth_year": 127.65,
            "eps_4q": 3.55,
            "eps_4q_growth_year": 201.44,
            "roe": 7.15,
            "roe_4q": 22.04,
            "gross_profit": 375843,
            "gross_margin": 22.06,
            "gross_margin_4q_avg": 20.87,
            "net_income": 245009,
            "revenue": 1703986,
            "common_shares": 2199569,
            "book_valuer_per_share": 16.26,
            "book_valuer_per_share_4q_avg": 16.26,
            "equity": 3348666,
            "current_ratio": 161.86,
            "debt_ratio": 42.5,
            "inventory_turnover_ratio": 0.96,
            "account_receivable_turnover_ratio": 1.68,
            "reinvestment_rate": 30.56,
            "research_to_sale_ratio": 0.39,
            "price_fair": 85.9,
            "eps_avg_yearly": 2.45,
            "eps_latest_yearly": 4.76,
            "eps_growth_yearly": 129.35
        },
        "20113": {
            "year_quarter": 20113,
            "year": 2011,
            "quarter": 3,
            "eps": 1.16,
            "eps_growth_year": 32.44,
            "eps_4q": 3.83,
            "eps_4q_growth_year": 93.15,
            "roe": 6.87,
            "roe_4q": 23.15,
            "gross_profit": 323188,
            "gross_margin": 19.2,
            "gross_margin_4q_avg": 20.07,
            "net_income": 238027,
            "revenue": 1683623,
            "common_shares": 2199569,
            "book_valuer_per_share": 17.41,
            "book_valuer_per_share_4q_avg": 16.72,
            "equity": 3585127,
            "current_ratio": 177.73,
            "debt_ratio": 39.77,
            "inventory_turnover_ratio": 0.9,
            "account_receivable_turnover_ratio": 1.59,
            "reinvestment_rate": 30.48,
            "research_to_sale_ratio": 0.42,
            "price_fair": 91.1,
            "eps_avg_yearly": 2.6,
            "eps_latest_yearly": 4.64,
            "eps_growth_yearly": 134.05
        },
        "20114": {
            "year_quarter": 20114,
            "year": 2011,
            "quarter": 4,
            "eps": 0.82,
            "eps_growth_year": 24.37,
            "eps_4q": 3.99,
            "eps_4q_growth_year": 68.62,
            "roe": 4.63,
            "roe_4q": 23.63,
            "gross_profit": 321425,
            "gross_margin": 21.02,
            "gross_margin_4q_avg": 20.1,
            "net_income": 169135,
            "revenue": 1529477,
            "common_shares": 2199569,
            "book_valuer_per_share": 18.11,
            "book_valuer_per_share_4q_avg": 17.2,
            "equity": 3727969,
            "current_ratio": 183.45,
            "debt_ratio": 38.18,
            "inventory_turnover_ratio": 0.78,
            "account_receivable_turnover_ratio": 1.53,
            "reinvestment_rate": 28.74,
            "research_to_sale_ratio": 0.49,
            "price_fair": 94.1,
            "eps_avg_yearly": 2.69,
            "eps_latest_yearly": 3.28,
            "eps_growth_yearly": 131.03
        },
        "20121": {
            "year_quarter": 20121,
            "year": 2012,
            "quarter": 1,
            "eps": 0.68,
            "eps_growth_year": -18.07,
            "eps_4q": 3.84,
            "eps_4q_growth_year": 33.32,
            "roe": 3.67,
            "roe_4q": 22.32,
            "gross_profit": 239429,
            "gross_margin": 17.8,
            "gross_margin_4q_avg": 20.02,
            "net_income": 139550,
            "revenue": 1344979,
            "common_shares": 2199569,
            "book_valuer_per_share": 18.78,
            "book_valuer_per_share_4q_avg": 17.64,
            "equity": 3867519,
            "current_ratio": 199.76,
            "debt_ratio": 34.03,
            "inventory_turnover_ratio": 0.74,
            "account_receivable_turnover_ratio": 1.52,
            "reinvestment_rate": 27.59,
            "research_to_sale_ratio": 0.44,
            "price_fair": 95,
            "eps_avg_yearly": 2.71,
            "eps_latest_yearly": 2.72,
            "eps_growth_yearly": 122.31
        },
        "20122": {
            "year_quarter": 20122,
            "year": 2012,
            "quarter": 2,
            "eps": 0.73,
            "eps_growth_year": -38.43,
            "eps_4q": 3.38,
            "eps_4q_growth_year": -4.64,
            "roe": 4.2,
            "roe_4q": 19.37,
            "gross_profit": 266536,
            "gross_margin": 18.15,
            "gross_margin_4q_avg": 19.04,
            "net_income": 151168,
            "revenue": 1468877,
            "common_shares": 2199569,
            "book_valuer_per_share": 16.2,
            "book_valuer_per_share_4q_avg": 17.63,
            "equity": 3336262,
            "current_ratio": 140.9,
            "debt_ratio": 44.54,
            "inventory_turnover_ratio": 0.82,
            "account_receivable_turnover_ratio": 1.73,
            "reinvestment_rate": 23.03,
            "research_to_sale_ratio": 0.44,
            "price_fair": 97.8,
            "eps_avg_yearly": 2.79,
            "eps_latest_yearly": 2.92,
            "eps_growth_yearly": 131.19
        },
        "20123": {
            "year_quarter": 20123,
            "year": 2012,
            "quarter": 3,
            "eps": 0.68,
            "eps_growth_year": -41.29,
            "eps_4q": 2.85,
            "eps_4q_growth_year": -25.73,
            "roe": 4.09,
            "roe_4q": 16.59,
            "gross_profit": 223719,
            "gross_margin": 17.12,
            "gross_margin_4q_avg": 18.52,
            "net_income": 143830,
            "revenue": 1306443,
            "common_shares": 2199569,
            "book_valuer_per_share": 17.43,
            "book_valuer_per_share_4q_avg": 17.63,
            "equity": 3688740,
            "current_ratio": 179.61,
            "debt_ratio": 35.93,
            "inventory_turnover_ratio": 0.75,
            "account_receivable_turnover_ratio": 1.57,
            "reinvestment_rate": 23.61,
            "research_to_sale_ratio": 0.5,
            "price_fair": 93.2,
            "eps_avg_yearly": 2.66,
            "eps_latest_yearly": 2.72,
            "eps_growth_yearly": 85.42
        },
        "20124": {
            "year_quarter": 20124,
            "year": 2012,
            "quarter": 4,
            "eps": 0.33,
            "eps_growth_year": -60.13,
            "eps_4q": 2.38,
            "eps_4q_growth_year": -40.51,
            "roe": 1.88,
            "roe_4q": 13.84,
            "gross_profit": 154678,
            "gross_margin": 14.01,
            "gross_margin_4q_avg": 16.77,
            "net_income": 69614,
            "revenue": 1103985,
            "common_shares": 2199569,
            "book_valuer_per_share": 17.62,
            "book_valuer_per_share_4q_avg": 17.51,
            "equity": 3730487,
            "current_ratio": 177.28,
            "debt_ratio": 35.64,
            "inventory_turnover_ratio": 0.7,
            "account_receivable_turnover_ratio": 1.36,
            "reinvestment_rate": 31.73,
            "research_to_sale_ratio": 0.6,
            "price_fair": 91.1,
            "eps_avg_yearly": 2.6,
            "eps_latest_yearly": 1.32,
            "eps_growth_yearly": 85.76
        },
        "20131": {
            "year_quarter": 20131,
            "year": 2013,
            "quarter": 1,
            "eps": 0.94,
            "eps_growth_year": 38.24,
            "eps_4q": 2.57,
            "eps_4q_growth_year": -32.99,
            "roe": 5.12,
            "roe_4q": 15.29,
            "gross_profit": 288040,
            "gross_margin": 20.39,
            "gross_margin_4q_avg": 17.42,
            "net_income": 207480,
            "revenue": 1412555,
            "common_shares": 2199569,
            "book_valuer_per_share": 19.19,
            "book_valuer_per_share_4q_avg": 17.61,
            "equity": 4369428,
            "current_ratio": 212.56,
            "debt_ratio": 31.34,
            "inventory_turnover_ratio": 0.89,
            "account_receivable_turnover_ratio": 1.53,
            "reinvestment_rate": -6.9,
            "research_to_sale_ratio": 0.42,
            "price_fair": 100,
            "eps_avg_yearly": 2.86,
            "eps_latest_yearly": 3.76,
            "eps_growth_yearly": 164.5
        },
        "20132": {
            "year_quarter": 20132,
            "year": 2013,
            "quarter": 2,
            "eps": 1.11,
            "eps_growth_year": 51.49,
            "eps_4q": 2.83,
            "eps_4q_growth_year": -16.36,
            "roe": 5.85,
            "roe_4q": 16.939999999999998,
            "gross_profit": 368541,
            "gross_margin": 22.63,
            "gross_margin_4q_avg": 18.54,
            "net_income": 249686,
            "revenue": 1628542,
            "common_shares": 2199569,
            "book_valuer_per_share": 18.28,
            "book_valuer_per_share_4q_avg": 18.13,
            "equity": 4169802,
            "current_ratio": 173.3,
            "debt_ratio": 37.82,
            "inventory_turnover_ratio": 1.01,
            "account_receivable_turnover_ratio": 1.42,
            "reinvestment_rate": 12.56,
            "research_to_sale_ratio": 0.35,
            "price_fair": 103.69,
            "eps_avg_yearly": 2.96,
            "eps_latest_yearly": 4.44,
            "eps_growth_yearly": 158.35
        },
        "20133": {
            "year_quarter": 20133,
            "year": 2013,
            "quarter": 3,
            "eps": 1.04,
            "eps_growth_year": 53.29,
            "eps_4q": 3.26,
            "eps_4q_growth_year": 14.58,
            "roe": 5.89,
            "roe_4q": 18.74,
            "gross_profit": 398739,
            "gross_margin": 22.87,
            "gross_margin_4q_avg": 19.98,
            "net_income": 252552,
            "revenue": 1743868,
            "common_shares": 2331543,
            "book_valuer_per_share": 18.26,
            "book_valuer_per_share_4q_avg": 18.34,
            "equity": 4411497,
            "current_ratio": 204.48,
            "debt_ratio": 32.98,
            "inventory_turnover_ratio": 1.02,
            "account_receivable_turnover_ratio": 1.34,
            "reinvestment_rate": 13.73,
            "research_to_sale_ratio": 0.39,
            "price_fair": 106.31,
            "eps_avg_yearly": 3.04,
            "eps_latest_yearly": 4.16,
            "eps_growth_yearly": 146.88
        },
        "20134": {
            "year_quarter": 20134,
            "year": 2013,
            "quarter": 4,
            "eps": 0.97,
            "eps_growth_year": 195.97,
            "eps_4q": 3.93,
            "eps_4q_growth_year": 65.58,
            "roe": 5.07,
            "roe_4q": 21.930000000000003,
            "gross_profit": 370431,
            "gross_margin": 22.24,
            "gross_margin_4q_avg": 22.03,
            "net_income": 229629,
            "revenue": 1665976,
            "common_shares": 2331543,
            "book_valuer_per_share": 19.24,
            "book_valuer_per_share_4q_avg": 18.74,
            "equity": 4643005,
            "current_ratio": 209.04,
            "debt_ratio": 32.98,
            "inventory_turnover_ratio": 0.92,
            "account_receivable_turnover_ratio": 1.3,
            "reinvestment_rate": -4.02,
            "research_to_sale_ratio": 0.53,
            "price_fair": 112.35,
            "eps_avg_yearly": 3.21,
            "eps_latest_yearly": 3.88,
            "eps_growth_yearly": 70.2
        },
        "20141": {
            "year_quarter": 20141,
            "year": 2014,
            "quarter": 1,
            "eps": 1.23,
            "eps_growth_year": 30.85,
            "eps_4q": 4.29,
            "eps_4q_growth_year": 66.52,
            "roe": 6.04,
            "roe_4q": 22.85,
            "gross_profit": 437954,
            "gross_margin": 24.73,
            "gross_margin_4q_avg": 23.12,
            "net_income": 289137,
            "revenue": 1770702,
            "common_shares": 2331543,
            "book_valuer_per_share": 20.48,
            "book_valuer_per_share_4q_avg": 19.07,
            "equity": 4932209,
            "current_ratio": 229.11,
            "debt_ratio": 30.74,
            "inventory_turnover_ratio": 0.92,
            "account_receivable_turnover_ratio": 1.37,
            "reinvestment_rate": -0.48,
            "research_to_sale_ratio": 0.39,
            "price_fair": 120.4,
            "eps_avg_yearly": 3.44,
            "eps_latest_yearly": 4.92,
            "eps_growth_yearly": 74.22
        },
        "20142": {
            "year_quarter": 20142,
            "year": 2014,
            "quarter": 2,
            "eps": 1.01,
            "eps_growth_year": -9.01,
            "eps_4q": 3.83,
            "eps_4q_growth_year": 35.21,
            "roe": 5.73,
            "roe_4q": 22.73,
            "gross_profit": 441396,
            "gross_margin": 24.31,
            "gross_margin_4q_avg": 23.54,
            "net_income": 277230,
            "revenue": 1815864,
            "common_shares": 2331543,
            "book_valuer_per_share": 19.64,
            "book_valuer_per_share_4q_avg": 19.41,
            "equity": 4739412,
            "current_ratio": 193.93,
            "debt_ratio": 34.75,
            "inventory_turnover_ratio": 0.95,
            "account_receivable_turnover_ratio": 1.39,
            "reinvestment_rate": 2.33,
            "research_to_sale_ratio": 0.44,
            "price_fair": 124.69,
            "eps_avg_yearly": 3.56,
            "eps_latest_yearly": 4.04,
            "eps_growth_yearly": 52.81
        },
        "20143": {
            "year_quarter": 20143,
            "year": 2014,
            "quarter": 3,
            "eps": 0.93,
            "eps_growth_year": -10.58,
            "eps_4q": 3.85,
            "eps_4q_growth_year": 18.12,
            "roe": 5.18,
            "roe_4q": 22.02,
            "gross_profit": 411186,
            "gross_margin": 22.64,
            "gross_margin_4q_avg": 23.48,
            "net_income": 252138,
            "revenue": 1815990,
            "common_shares": 2681274,
            "book_valuer_per_share": 18.01,
            "book_valuer_per_share_4q_avg": 19.34,
            "equity": 4991109,
            "current_ratio": 234.81,
            "debt_ratio": 29.05,
            "inventory_turnover_ratio": 0.94,
            "account_receivable_turnover_ratio": 1.44,
            "reinvestment_rate": 4.5,
            "research_to_sale_ratio": 0.39,
            "price_fair": 125.21,
            "eps_avg_yearly": 3.58,
            "eps_latest_yearly": 3.72,
            "eps_growth_yearly": 34
        },
        "20144": {
            "year_quarter": 20144,
            "year": 2014,
            "quarter": 4,
            "eps": 0.87,
            "eps_growth_year": -10.1,
            "eps_4q": 3.88,
            "eps_4q_growth_year": -1.35,
            "roe": 4.57,
            "roe_4q": 21.52,
            "gross_profit": 392162,
            "gross_margin": 23.06,
            "gross_margin_4q_avg": 23.69,
            "net_income": 233392,
            "revenue": 1700480,
            "common_shares": 2681274,
            "book_valuer_per_share": 18.87,
            "book_valuer_per_share_4q_avg": 19.25,
            "equity": 5219721,
            "current_ratio": 233.33,
            "debt_ratio": 28.85,
            "inventory_turnover_ratio": 0.87,
            "account_receivable_turnover_ratio": 1.32,
            "reinvestment_rate": 8.44,
            "research_to_sale_ratio": 0.39,
            "price_fair": 127.05,
            "eps_avg_yearly": 3.63,
            "eps_latest_yearly": 3.48,
            "eps_growth_yearly": 38.43
        },
        "20151": {
            "year_quarter": 20151,
            "year": 2015,
            "quarter": 1,
            "eps": 0.84,
            "eps_growth_year": -31.71,
            "eps_4q": 3.65,
            "eps_4q_growth_year": -14.82,
            "roe": 4.38,
            "roe_4q": 19.86,
            "gross_profit": 391961,
            "gross_margin": 21.37,
            "gross_margin_4q_avg": 22.85,
            "net_income": 233231,
            "revenue": 1833974,
            "common_shares": 2681274,
            "book_valuer_per_share": 19.68,
            "book_valuer_per_share_4q_avg": 19.05,
            "equity": 5430610,
            "current_ratio": 260.84,
            "debt_ratio": 26.04,
            "inventory_turnover_ratio": 0.96,
            "account_receivable_turnover_ratio": 1.37,
            "reinvestment_rate": 10.1,
            "research_to_sale_ratio": 0.4,
            "price_fair": 127.14,
            "eps_avg_yearly": 3.63,
            "eps_latest_yearly": 3.36,
            "eps_growth_yearly": 31.12
        },
        "20152": {
            "year_quarter": 20152,
            "year": 2015,
            "quarter": 2,
            "eps": 0.76,
            "eps_growth_year": -24.75,
            "eps_4q": 3.1,
            "eps_4q_growth_year": -19.11,
            "roe": 4.13,
            "roe_4q": 18.259999999999998,
            "gross_profit": 343873,
            "gross_margin": 20.18,
            "gross_margin_4q_avg": 21.81,
            "net_income": 214485,
            "revenue": 1703622,
            "common_shares": 2681274,
            "book_valuer_per_share": 17.93,
            "book_valuer_per_share_4q_avg": 18.62,
            "equity": 4963368,
            "current_ratio": 178.98,
            "debt_ratio": 34.54,
            "inventory_turnover_ratio": 0.91,
            "account_receivable_turnover_ratio": 1.31,
            "reinvestment_rate": 14.01,
            "research_to_sale_ratio": 0.39,
            "price_fair": 98.35,
            "eps_avg_yearly": 3.53,
            "eps_latest_yearly": 3.04,
            "eps_growth_yearly": 17.9
        },
        "20153": {
            "year_quarter": 20153,
            "year": 2015,
            "quarter": 3,
            "eps": 0.78,
            "eps_growth_year": -16.13,
            "eps_4q": 3.03,
            "eps_4q_growth_year": -21.28,
            "roe": 4.84,
            "roe_4q": 17.919999999999998,
            "gross_profit": 358951,
            "gross_margin": 22.16,
            "gross_margin_4q_avg": 21.69,
            "net_income": 245604,
            "revenue": 1619926,
            "common_shares": 2949401,
            "book_valuer_per_share": 17.03,
            "book_valuer_per_share_4q_avg": 18.38,
            "equity": 5184487,
            "current_ratio": 208.84,
            "debt_ratio": 29.82,
            "inventory_turnover_ratio": 0.85,
            "account_receivable_turnover_ratio": 1.28,
            "reinvestment_rate": 14.6,
            "research_to_sale_ratio": 0.4,
            "price_fair": 100.11,
            "eps_avg_yearly": 3.43,
            "eps_latest_yearly": 3.12,
            "eps_growth_yearly": 19.19
        },
        "20154": {
            "year_quarter": 20154,
            "year": 2015,
            "quarter": 4,
            "eps": 0.79,
            "eps_growth_year": -8.75,
            "eps_4q": 3.03,
            "eps_4q_growth_year": -21.78,
            "roe": 4.43,
            "roe_4q": 17.779999999999998,
            "gross_profit": 403493,
            "gross_margin": 26.21,
            "gross_margin_4q_avg": 22.48,
            "net_income": 234901,
            "revenue": 1539516,
            "common_shares": 2949401,
            "book_valuer_per_share": 17.79,
            "book_valuer_per_share_4q_avg": 18.11,
            "equity": 5412841,
            "current_ratio": 224.24,
            "debt_ratio": 28.49,
            "inventory_turnover_ratio": 0.77,
            "account_receivable_turnover_ratio": 1.22,
            "reinvestment_rate": 15.28,
            "research_to_sale_ratio": 0.47,
            "price_fair": 119.79,
            "eps_avg_yearly": 3.42,
            "eps_latest_yearly": 3.16,
            "eps_growth_yearly": 26.84
        },
        "20161": {
            "year_quarter": 20161,
            "year": 2016,
            "quarter": 1,
            "eps": 0.87,
            "eps_growth_year": 3.57,
            "eps_4q": 3.15,
            "eps_4q_growth_year": -13.83,
            "roe": 4.71,
            "roe_4q": 18.11,
            "gross_profit": 439086,
            "gross_margin": 25.83,
            "gross_margin_4q_avg": 23.6,
            "net_income": 261360,
            "revenue": 1699797,
            "common_shares": 2949401,
            "book_valuer_per_share": 18.7,
            "book_valuer_per_share_4q_avg": 17.86,
            "equity": 5686511,
            "current_ratio": 258.3,
            "debt_ratio": 25.52,
            "inventory_turnover_ratio": 0.87,
            "account_receivable_turnover_ratio": 1.35,
            "reinvestment_rate": 13.9,
            "research_to_sale_ratio": 0.43,
            "price_fair": 121.45,
            "eps_avg_yearly": 3.47,
            "eps_latest_yearly": 3.48,
            "eps_growth_yearly": 33.64
        },
        "20162": {
            "year_quarter": 20162,
            "year": 2016,
            "quarter": 2,
            "eps": 0.99,
            "eps_growth_year": 30.26,
            "eps_4q": 3.44,
            "eps_4q_growth_year": 11.15,
            "roe": 5.44,
            "roe_4q": 19.42,
            "gross_profit": 487186,
            "gross_margin": 27.14,
            "gross_margin_4q_avg": 25.34,
            "net_income": 301009,
            "revenue": 1794810,
            "common_shares": 2949401,
            "book_valuer_per_share": 17.68,
            "book_valuer_per_share_4q_avg": 17.8,
            "equity": 5386382,
            "current_ratio": 195.77,
            "debt_ratio": 32.69,
            "inventory_turnover_ratio": 0.97,
            "account_receivable_turnover_ratio": 1.34,
            "reinvestment_rate": 13.32,
            "research_to_sale_ratio": 0.44,
            "price_fair": 123.73,
            "eps_avg_yearly": 3.54,
            "eps_latest_yearly": 3.96,
            "eps_growth_yearly": 35.25
        },
        "20163": {
            "year_quarter": 20163,
            "year": 2016,
            "quarter": 3,
            "eps": 0.95,
            "eps_growth_year": 21.79,
            "eps_4q": 3.6,
            "eps_4q_growth_year": 18.82,
            "roe": 5.23,
            "roe_4q": 19.810000000000002,
            "gross_profit": 444074,
            "gross_margin": 26.03,
            "gross_margin_4q_avg": 26.3,
            "net_income": 288872,
            "revenue": 1706205,
            "common_shares": 2949401,
            "book_valuer_per_share": 18.59,
            "book_valuer_per_share_4q_avg": 18.19,
            "equity": 5658327,
            "current_ratio": 262.54,
            "debt_ratio": 25.51,
            "inventory_turnover_ratio": 0.95,
            "account_receivable_turnover_ratio": 1.27,
            "reinvestment_rate": 12.39,
            "research_to_sale_ratio": 0.43,
            "price_fair": 126.09,
            "eps_avg_yearly": 3.6,
            "eps_latest_yearly": 3.8,
            "eps_growth_yearly": 35.95
        },
        "20164": {
            "year_quarter": 20164,
            "year": 2016,
            "quarter": 4,
            "eps": 0.89,
            "eps_growth_year": 12.1,
            "eps_4q": 3.7,
            "eps_4q_growth_year": 21.87,
            "roe": 4.63,
            "roe_4q": 20.01,
            "gross_profit": 425436,
            "gross_margin": 26.58,
            "gross_margin_4q_avg": 26.4,
            "net_income": 267712,
            "revenue": 1600310,
            "common_shares": 2949401,
            "book_valuer_per_share": 19.44,
            "book_valuer_per_share_4q_avg": 18.6,
            "equity": 5908134,
            "current_ratio": 267.4,
            "debt_ratio": 25.71,
            "inventory_turnover_ratio": 0.82,
            "account_receivable_turnover_ratio": 1.29,
            "reinvestment_rate": 6.69,
            "research_to_sale_ratio": 0.51,
            "price_fair": 130.99,
            "eps_avg_yearly": 3.74,
            "eps_latest_yearly": 3.56,
            "eps_growth_yearly": 47.24
        },
        "20171": {
            "year_quarter": 20171,
            "year": 2017,
            "quarter": 1,
            "eps": 0.96,
            "eps_growth_year": 10.34,
            "eps_4q": 3.78,
            "eps_4q_growth_year": 20.18,
            "roe": 4.77,
            "roe_4q": 20.07,
            "gross_profit": 457030,
            "gross_margin": 24.83,
            "gross_margin_4q_avg": 26.15,
            "net_income": 287982,
            "revenue": 1840998,
            "common_shares": 2949401,
            "book_valuer_per_share": 20.38,
            "book_valuer_per_share_4q_avg": 19.02,
            "equity": 6178183,
            "current_ratio": 371.56,
            "debt_ratio": 20.19,
            "inventory_turnover_ratio": 0.95,
            "account_receivable_turnover_ratio": 1.46,
            "reinvestment_rate": 23.61,
            "research_to_sale_ratio": 0.41,
            "price_fair": 48.68,
            "eps_avg_yearly": 3.75,
            "eps_latest_yearly": 3.84,
            "eps_growth_yearly": 2.99
        },
        "20172": {
            "year_quarter": 20172,
            "year": 2017,
            "quarter": 2,
            "eps": 0.83,
            "eps_growth_year": -16.16,
            "eps_4q": 3.62,
            "eps_4q_growth_year": 5.27,
            "roe": 4.23,
            "roe_4q": 18.86,
            "gross_profit": 412453,
            "gross_margin": 23.7,
            "gross_margin_4q_avg": 25.29,
            "net_income": 251213,
            "revenue": 1740448,
            "common_shares": 2949401,
            "book_valuer_per_share": 18.72,
            "book_valuer_per_share_4q_avg": 19.28,
            "equity": 5699164,
            "current_ratio": 227.12,
            "debt_ratio": 29.63,
            "inventory_turnover_ratio": 0.88,
            "account_receivable_turnover_ratio": 1.34,
            "reinvestment_rate": 14.44,
            "research_to_sale_ratio": 0.45,
            "price_fair": 11.03,
            "eps_avg_yearly": 3.68,
            "eps_latest_yearly": 3.32,
            "eps_growth_yearly": -4.92
        },
        "20173": {
            "year_quarter": 20173,
            "year": 2017,
            "quarter": 3,
            "eps": 1.11,
            "eps_growth_year": 16.84,
            "eps_4q": 3.78,
            "eps_4q_growth_year": 5.03,
            "roe": 5.63,
            "roe_4q": 19.259999999999998,
            "gross_profit": 487023,
            "gross_margin": 26.37,
            "gross_margin_4q_avg": 25.37,
            "net_income": 330050,
            "revenue": 1846730,
            "common_shares": 2949401,
            "book_valuer_per_share": 19.84,
            "book_valuer_per_share_4q_avg": 19.6,
            "equity": 6033090,
            "current_ratio": 336.23,
            "debt_ratio": 21.63,
            "inventory_turnover_ratio": 0.86,
            "account_receivable_turnover_ratio": 1.39,
            "reinvestment_rate": 13.98,
            "research_to_sale_ratio": 0.47,
            "price_fair": 55.77,
            "eps_avg_yearly": 3.7,
            "eps_latest_yearly": 4.44,
            "eps_growth_yearly": 5.09
        },
        "20174": {
            "year_quarter": 20174,
            "year": 2017,
            "quarter": 4,
            "eps": 0.95,
            "eps_growth_year": 6.68,
            "eps_4q": 3.84,
            "eps_4q_growth_year": 3.91,
            "roe": 4.6,
            "roe_4q": 19.23,
            "gross_profit": 442833,
            "gross_margin": 24.19,
            "gross_margin_4q_avg": 24.77,
            "net_income": 283905,
            "revenue": 1830724,
            "common_shares": 2949401,
            "book_valuer_per_share": 20.79,
            "book_valuer_per_share_4q_avg": 19.93,
            "equity": 6321400,
            "current_ratio": 326.06,
            "debt_ratio": 22.71,
            "inventory_turnover_ratio": 0.87,
            "account_receivable_turnover_ratio": 1.3,
            "reinvestment_rate": 12.86,
            "research_to_sale_ratio": 0.44,
            "price_fair": 48.61,
            "eps_avg_yearly": 3.69,
            "eps_latest_yearly": 3.8,
            "eps_growth_yearly": 3.17
        },
        "20181": {
            "year_quarter": 20181,
            "year": 2018,
            "quarter": 1,
            "eps": 0.98,
            "eps_growth_year": 2.08,
            "eps_4q": 3.86,
            "eps_4q_growth_year": 2.17,
            "roe": 4.47,
            "roe_4q": 18.93,
            "gross_profit": 465759,
            "gross_margin": 22.92,
            "gross_margin_4q_avg": 24.3,
            "net_income": 289313,
            "revenue": 2031699,
            "common_shares": 2949401,
            "book_valuer_per_share": 21.78,
            "book_valuer_per_share_4q_avg": 20.28,
            "equity": 6617581,
            "current_ratio": 393.07,
            "debt_ratio": 19.82,
            "inventory_turnover_ratio": 1.02,
            "account_receivable_turnover_ratio": 1.38,
            "reinvestment_rate": 10.22,
            "research_to_sale_ratio": 0.39,
            "price_fair": 10.88,
            "eps_avg_yearly": 3.63,
            "eps_latest_yearly": 3.92,
            "eps_growth_yearly": -2.74
        },
        "20182": {
            "year_quarter": 20182,
            "year": 2018,
            "quarter": 2,
            "eps": 0.95,
            "eps_growth_year": 14.46,
            "eps_4q": 3.98,
            "eps_4q_growth_year": 9.8,
            "roe": 4.52,
            "roe_4q": 19.22,
            "gross_profit": 464848,
            "gross_margin": 23.66,
            "gross_margin_4q_avg": 24.29,
            "net_income": 285574,
            "revenue": 1964967,
            "common_shares": 2949401,
            "book_valuer_per_share": 19.73,
            "book_valuer_per_share_4q_avg": 20.54,
            "equity": 6015948,
            "current_ratio": 227.56,
            "debt_ratio": 30.76,
            "inventory_turnover_ratio": 0.96,
            "account_receivable_turnover_ratio": 1.29,
            "reinvestment_rate": 8.5,
            "research_to_sale_ratio": 0.45,
            "price_fair": 36.13,
            "eps_avg_yearly": 3.61,
            "eps_latest_yearly": 3.8,
            "eps_growth_yearly": 0.97
        },
        "20183": {
            "year_quarter": 20183,
            "year": 2018,
            "quarter": 3,
            "eps": 1.01,
            "eps_growth_year": -9.01,
            "eps_4q": 3.88,
            "eps_4q_growth_year": 2.64,
            "roe": 4.92,
            "roe_4q": 18.509999999999998,
            "gross_profit": 478055,
            "gross_margin": 23.34,
            "gross_margin_4q_avg": 23.53,
            "net_income": 303210,
            "revenue": 2047889,
            "common_shares": 2949401,
            "book_valuer_per_share": 20.73,
            "book_valuer_per_share_4q_avg": 20.76,
            "equity": 6311432,
            "current_ratio": 325.86,
            "debt_ratio": 22.66,
            "inventory_turnover_ratio": 0.9,
            "account_receivable_turnover_ratio": 1.31,
            "reinvestment_rate": 5.9,
            "research_to_sale_ratio": 0.41,
            "price_fair": 52.77,
            "eps_avg_yearly": 3.63,
            "eps_latest_yearly": 4.04,
            "eps_growth_yearly": 4.53
        },
        "20184": {
            "year_quarter": 20184,
            "year": 2018,
            "quarter": 4,
            "eps": 0.87,
            "eps_growth_year": -8.57,
            "eps_4q": 3.8,
            "eps_4q_growth_year": -1.06,
            "roe": 4.05,
            "roe_4q": 17.959999999999997,
            "gross_profit": 428098,
            "gross_margin": 22.09,
            "gross_margin_4q_avg": 23,
            "net_income": 260798,
            "revenue": 1937876,
            "common_shares": 2949401,
            "book_valuer_per_share": 21.57,
            "book_valuer_per_share_4q_avg": 20.95,
            "equity": 6565809,
            "current_ratio": 339.98,
            "debt_ratio": 22.3,
            "inventory_turnover_ratio": 0.77,
            "account_receivable_turnover_ratio": 1.29,
            "reinvestment_rate": 1.87,
            "research_to_sale_ratio": 0.38,
            "price_fair": 46.04,
            "eps_avg_yearly": 3.63,
            "eps_latest_yearly": 3.48,
            "eps_growth_yearly": 2.68
        },
        "20191": {
            "year_quarter": 20191,
            "year": 2019,
            "quarter": 1,
            "eps": 0.81,
            "eps_growth_year": -17.35,
            "eps_4q": 3.63,
            "eps_4q_growth_year": -5.97,
            "roe": 3.61,
            "roe_4q": 17.1,
            "gross_profit": 394510,
            "gross_margin": 21.4,
            "gross_margin_4q_avg": 22.62,
            "net_income": 241457,
            "revenue": 1843207,
            "common_shares": 2949401,
            "book_valuer_per_share": 22.39,
            "book_valuer_per_share_4q_avg": 21.11,
            "equity": 6814677,
            "current_ratio": 401.17,
            "debt_ratio": 19.61,
            "inventory_turnover_ratio": 0.71,
            "account_receivable_turnover_ratio": 1.28,
            "reinvestment_rate": -1.02,
            "research_to_sale_ratio": 0.39,
            "price_fair": 42.82,
            "eps_avg_yearly": 3.63,
            "eps_latest_yearly": 3.24,
            "eps_growth_yearly": 1.81
        },
        "20192": {
            "year_quarter": 20192,
            "year": 2019,
            "quarter": 2,
            "eps": 0.65,
            "eps_growth_year": -31.58,
            "eps_4q": 3.33,
            "eps_4q_growth_year": -16.23,
            "roe": 3,
            "roe_4q": 15.58,
            "gross_profit": 321048,
            "gross_margin": 20.32,
            "gross_margin_4q_avg": 21.79,
            "net_income": 193731,
            "revenue": 1579814,
            "common_shares": 2949401,
            "book_valuer_per_share": 20.04,
            "book_valuer_per_share_4q_avg": 21.18,
            "equity": 6118653,
            "current_ratio": 252.11,
            "debt_ratio": 28.21,
            "inventory_turnover_ratio": 0.66,
            "account_receivable_turnover_ratio": 1.16,
            "reinvestment_rate": -3.59,
            "research_to_sale_ratio": 0.42,
            "price_fair": 10.79,
            "eps_avg_yearly": 3.6,
            "eps_latest_yearly": 2.6,
            "eps_growth_yearly": -0.74
        },
        "20193": {
            "year_quarter": 20193,
            "year": 2019,
            "quarter": 3,
            "eps": 0.73,
            "eps_growth_year": -27.72,
            "eps_4q": 3.04,
            "eps_4q_growth_year": -21.6,
            "roe": 3.51,
            "roe_4q": 14.169999999999998,
            "gross_profit": 376424,
            "gross_margin": 22.65,
            "gross_margin_4q_avg": 21.62,
            "net_income": 218270,
            "revenue": 1661970,
            "common_shares": 2949401,
            "book_valuer_per_share": 20.75,
            "book_valuer_per_share_4q_avg": 21.19,
            "equity": 6332094,
            "current_ratio": 449.63,
            "debt_ratio": 17.57,
            "inventory_turnover_ratio": 0.72,
            "account_receivable_turnover_ratio": 1.34,
            "reinvestment_rate": -5.95,
            "research_to_sale_ratio": 0.46,
            "price_fair": 41.85,
            "eps_avg_yearly": 3.59,
            "eps_latest_yearly": 2.92,
            "eps_growth_yearly": 1.67
        },
        "20194": {
            "year_quarter": 20194,
            "year": 2019,
            "quarter": 4,
            "eps": 0.6,
            "eps_growth_year": -31.39,
            "eps_4q": 2.77,
            "eps_4q_growth_year": -27.09,
            "roe": 2.81,
            "roe_4q": 12.93,
            "gross_profit": 314788,
            "gross_margin": 21.5,
            "gross_margin_4q_avg": 21.47,
            "net_income": 180090,
            "revenue": 1464054,
            "common_shares": 2949401,
            "book_valuer_per_share": 21.29,
            "book_valuer_per_share_4q_avg": 21.12,
            "equity": 6494973,
            "current_ratio": 473.17,
            "debt_ratio": 17.24,
            "inventory_turnover_ratio": 0.68,
            "account_receivable_turnover_ratio": 1.22,
            "reinvestment_rate": -8.85,
            "research_to_sale_ratio": 0.5,
            "price_fair": 10.61,
            "eps_avg_yearly": 3.54,
            "eps_latest_yearly": 2.4,
            "eps_growth_yearly": -3.1
        },
        "20201": {
            "year_quarter": 20201,
            "year": 2020,
            "quarter": 1,
            "eps": 0.64,
            "eps_growth_year": -20.99,
            "eps_4q": 2.61,
            "eps_4q_growth_year": -28.18,
            "roe": 2.9,
            "roe_4q": 12.219999999999999,
            "gross_profit": 313011,
            "gross_margin": 20.95,
            "gross_margin_4q_avg": 21.36,
            "net_income": 190938,
            "revenue": 1493959,
            "common_shares": 2949401,
            "book_valuer_per_share": 21.91,
            "book_valuer_per_share_4q_avg": 21,
            "equity": 6669244,
            "current_ratio": 538.11,
            "debt_ratio": 15.68,
            "inventory_turnover_ratio": 0.78,
            "account_receivable_turnover_ratio": 1.26,
            "reinvestment_rate": -10.1,
            "research_to_sale_ratio": 0.48,
            "price_fair": 10.44,
            "eps_avg_yearly": 3.48,
            "eps_latest_yearly": 2.56,
            "eps_growth_yearly": -3.96
        },
        "20202": {
            "year_quarter": 20202,
            "year": 2020,
            "quarter": 2,
            "eps": 0.27,
            "eps_growth_year": -58.46,
            "eps_4q": 2.24,
            "eps_4q_growth_year": -32.87,
            "roe": 1.27,
            "roe_4q": 10.49,
            "gross_profit": 128949,
            "gross_margin": 16.36,
            "gross_margin_4q_avg": 20.37,
            "net_income": 81338,
            "revenue": 787971,
            "common_shares": 2949401,
            "book_valuer_per_share": 20.17,
            "book_valuer_per_share_4q_avg": 21.03,
            "equity": 6152811,
            "current_ratio": 377.61,
            "debt_ratio": 20,
            "inventory_turnover_ratio": 0.41,
            "account_receivable_turnover_ratio": 0.85,
            "reinvestment_rate": -11.15,
            "research_to_sale_ratio": 0.77,
            "price_fair": 9.9,
            "eps_avg_yearly": 3.3,
            "eps_latest_yearly": 1.08,
            "eps_growth_yearly": -21.86
        },
        "20203": {
            "year_quarter": 20203,
            "year": 2020,
            "quarter": 3,
            "eps": 0.43,
            "eps_growth_year": -41.1,
            "eps_4q": 1.94,
            "eps_4q_growth_year": -36.18,
            "roe": 2.14,
            "roe_4q": 9.120000000000001,
            "gross_profit": 216559,
            "gross_margin": 16.26,
            "gross_margin_4q_avg": 18.77,
            "net_income": 133150,
            "revenue": 1331948,
            "common_shares": 2949401,
            "book_valuer_per_share": 20.61,
            "book_valuer_per_share_4q_avg": 21,
            "equity": 6290114,
            "current_ratio": 650.41,
            "debt_ratio": 13.75,
            "inventory_turnover_ratio": 0.69,
            "account_receivable_turnover_ratio": 1.58,
            "reinvestment_rate": -12.41,
            "research_to_sale_ratio": 0.5,
            "price_fair": 9.51,
            "eps_avg_yearly": 3.17,
            "eps_latest_yearly": 1.72,
            "eps_growth_yearly": -6.04
        },
        "20204": {
            "year_quarter": 20204,
            "year": 2020,
            "quarter": 4,
            "eps": 0.69,
            "eps_growth_year": 16.19,
            "eps_4q": 2.04,
            "eps_4q_growth_year": -26.43,
            "roe": 3.29,
            "roe_4q": 9.6,
            "gross_profit": 361923,
            "gross_margin": 24.81,
            "gross_margin_4q_avg": 19.6,
            "net_income": 210230,
            "revenue": 1458765,
            "common_shares": 2949401,
            "book_valuer_per_share": 21.3,
            "book_valuer_per_share_4q_avg": 21,
            "equity": 6477641,
            "current_ratio": 524.57,
            "debt_ratio": 16.1,
            "inventory_turnover_ratio": 0.79,
            "account_receivable_turnover_ratio": 1.31,
            "reinvestment_rate": -12.34,
            "research_to_sale_ratio": 0.5,
            "price_fair": 64.45,
            "eps_avg_yearly": 3.12,
            "eps_latest_yearly": 2.76,
            "eps_growth_yearly": 10.66
        },
        "20211": {
            "year_quarter": 20211,
            "year": 2021,
            "quarter": 1,
            "eps": 0.8,
            "eps_growth_year": 25,
            "eps_4q": 2.19,
            "eps_4q_growth_year": -15.89,
            "roe": 3.64,
            "roe_4q": 10.34,
            "gross_profit": 434120,
            "gross_margin": 26.61,
            "gross_margin_4q_avg": 21.01,
            "net_income": 240165,
            "revenue": 1631602,
            "common_shares": 2949401,
            "book_valuer_per_share": 22.08,
            "book_valuer_per_share_4q_avg": 21.04,
            "equity": 6706936,
            "current_ratio": 549.03,
            "debt_ratio": 15.36,
            "inventory_turnover_ratio": 0.85,
            "account_receivable_turnover_ratio": 1.27,
            "reinvestment_rate": -12.37,
            "research_to_sale_ratio": 0.96,
            "price_fair": 69.84,
            "eps_avg_yearly": 3.08,
            "eps_latest_yearly": 3.2,
            "eps_growth_yearly": 12.68
        },
        "20212": {
            "year_quarter": 20212,
            "year": 2021,
            "quarter": 2,
            "eps": 0.86,
            "eps_growth_year": 218.52,
            "eps_4q": 2.78,
            "eps_4q_growth_year": 24.41,
            "roe": 3.79,
            "roe_4q": 12.86,
            "gross_profit": 437477,
            "gross_margin": 23.43,
            "gross_margin_4q_avg": 22.78,
            "net_income": 259104,
            "revenue": 1867520,
            "common_shares": 2949401,
            "book_valuer_per_share": 22.93,
            "book_valuer_per_share_4q_avg": 21.73,
            "equity": 6958571,
            "current_ratio": 581.49,
            "debt_ratio": 14.91,
            "inventory_turnover_ratio": 0.88,
            "account_receivable_turnover_ratio": 1.34,
            "reinvestment_rate": -13.36,
            "research_to_sale_ratio": 0.73,
            "price_fair": 86.25,
            "eps_avg_yearly": 3.09,
            "eps_latest_yearly": 3.44,
            "eps_growth_yearly": 17.94
        },
        "20213": {
            "year_quarter": 20213,
            "year": 2021,
            "quarter": 3,
            "eps": 0.97,
            "eps_growth_year": 125.58,
            "eps_4q": 3.32,
            "eps_4q_growth_year": 70.64,
            "roe": 4.26,
            "roe_4q": 14.98,
            "gross_profit": 481201,
            "gross_margin": 24.39,
            "gross_margin_4q_avg": 24.81,
            "net_income": 289906,
            "revenue": 1973072,
            "common_shares": 2949401,
            "book_valuer_per_share": 21.89,
            "book_valuer_per_share_4q_avg": 22.05,
            "equity": 6653603,
            "current_ratio": 334.09,
            "debt_ratio": 22.97,
            "inventory_turnover_ratio": 0.79,
            "account_receivable_turnover_ratio": 1.33,
            "reinvestment_rate": -13.78,
            "research_to_sale_ratio": 0.41,
            "price_fair": 69.29,
            "eps_avg_yearly": 3.05,
            "eps_latest_yearly": 3.88,
            "eps_growth_yearly": 12.7
        },
        "20214": {
            "year_quarter": 20214,
            "year": 2021,
            "quarter": 4,
            "eps": 0.71,
            "eps_growth_year": 2.46,
            "eps_4q": 3.33,
            "eps_4q_growth_year": 63.41,
            "roe": 3.19,
            "roe_4q": 14.879999999999999,
            "gross_profit": 394045,
            "gross_margin": 24.1,
            "gross_margin_4q_avg": 24.63,
            "net_income": 216017,
            "revenue": 1634979,
            "common_shares": 2949401,
            "book_valuer_per_share": 22.61,
            "book_valuer_per_share_4q_avg": 22.38,
            "equity": 6872545,
            "current_ratio": 448.99,
            "debt_ratio": 18.05,
            "inventory_turnover_ratio": 0.57,
            "account_receivable_turnover_ratio": 1.16,
            "reinvestment_rate": -14.27,
            "research_to_sale_ratio": 0.43,
            "price_fair": 58.66,
            "eps_avg_yearly": 2.99,
            "eps_latest_yearly": 2.84,
            "eps_growth_yearly": 9.6
        },
        "20221": {
            "year_quarter": 20221,
            "year": 2022,
            "quarter": 1,
            "eps": 0.86,
            "eps_growth_year": 7.5,
            "eps_4q": 3.4,
            "eps_4q_growth_year": 54.84,
            "roe": 3.72,
            "roe_4q": 14.96,
            "gross_profit": 450276,
            "gross_margin": 24,
            "gross_margin_4q_avg": 23.98,
            "net_income": 260483,
            "revenue": 1875822,
            "common_shares": 2949401,
            "book_valuer_per_share": 23.48,
            "book_valuer_per_share_4q_avg": 22.73,
            "equity": 7138971,
            "current_ratio": 532.94,
            "debt_ratio": 15.85,
            "inventory_turnover_ratio": 0.67,
            "account_receivable_turnover_ratio": 1.29,
            "reinvestment_rate": -14.14,
            "research_to_sale_ratio": 0.37,
            "price_fair": 71.38,
            "eps_avg_yearly": 2.96,
            "eps_latest_yearly": 3.44,
            "eps_growth_yearly": 14.09
        },
        "20222": {
            "year_quarter": 20222,
            "year": 2022,
            "quarter": 2,
            "eps": 1.01,
            "eps_growth_year": 17.44,
            "eps_4q": 3.54,
            "eps_4q_growth_year": 27.28,
            "roe": 4.46,
            "roe_4q": 15.629999999999999,
            "gross_profit": 543582,
            "gross_margin": 28.72,
            "gross_margin_4q_avg": 25.3,
            "net_income": 305182,
            "revenue": 1892851,
            "common_shares": 2949401,
            "book_valuer_per_share": 21.48,
            "book_valuer_per_share_4q_avg": 22.37,
            "equity": 6552376,
            "current_ratio": 309.49,
            "debt_ratio": 24.41,
            "inventory_turnover_ratio": 0.65,
            "account_receivable_turnover_ratio": 1.2,
            "reinvestment_rate": -13.64,
            "research_to_sale_ratio": 0.42,
            "price_fair": 87,
            "eps_avg_yearly": 2.98,
            "eps_latest_yearly": 4.04,
            "eps_growth_yearly": 19.22
        },
        "20223": {
            "year_quarter": 20223,
            "year": 2022,
            "quarter": 3,
            "eps": 0.91,
            "eps_growth_year": -6.19,
            "eps_4q": 3.49,
            "eps_4q_growth_year": 5.26,
            "roe": 4.18,
            "roe_4q": 15.55,
            "gross_profit": 445101,
            "gross_margin": 25.7,
            "gross_margin_4q_avg": 25.63,
            "net_income": 279852,
            "revenue": 1732186,
            "common_shares": 2949401,
            "book_valuer_per_share": 22.41,
            "book_valuer_per_share_4q_avg": 22.5,
            "equity": 6838911,
            "current_ratio": 507.76,
            "debt_ratio": 16.46,
            "inventory_turnover_ratio": 0.59,
            "account_receivable_turnover_ratio": 1.17,
            "reinvestment_rate": -13.34,
            "research_to_sale_ratio": 0.44,
            "price_fair": 74.3,
            "eps_avg_yearly": 2.95,
            "eps_latest_yearly": 3.64,
            "eps_growth_yearly": 15.17
        },
        "20224": {
            "year_quarter": 20224,
            "year": 2022,
            "quarter": 4,
            "eps": 0.81,
            "eps_growth_year": 14.84,
            "eps_4q": 3.6,
            "eps_4q_growth_year": 7.88,
            "roe": 3.56,
            "roe_4q": 15.92,
            "gross_profit": 440188,
            "gross_margin": 26.45,
            "gross_margin_4q_avg": 26.22,
            "net_income": 248055,
            "revenue": 1664177,
            "common_shares": 2949401,
            "book_valuer_per_share": 23.26,
            "book_valuer_per_share_4q_avg": 22.66,
            "equity": 7100598,
            "current_ratio": 479.06,
            "debt_ratio": 17.2,
            "inventory_turnover_ratio": 0.58,
            "account_receivable_turnover_ratio": 1.19,
            "reinvestment_rate": -13.25,
            "research_to_sale_ratio": 0.47,
            "price_fair": 76.03,
            "eps_avg_yearly": 2.94,
            "eps_latest_yearly": 3.24,
            "eps_growth_yearly": 15.88
        },
        "20231": {
            "year_quarter": 20231,
            "year": 2023,
            "quarter": 1,
            "eps": 0.8,
            "eps_growth_year": -6.98,
            "eps_4q": 3.53,
            "eps_4q_growth_year": 3.92,
            "roe": 3.57,
            "roe_4q": 15.77,
            "gross_profit": 389669,
            "gross_margin": 24.1,
            "gross_margin_4q_avg": 26.24,
            "net_income": 241723,
            "revenue": 1616968,
            "common_shares": 2949401,
            "book_valuer_per_share": 21.05,
            "book_valuer_per_share_4q_avg": 22.05,
            "equity": 6453170,
            "current_ratio": 298.61,
            "debt_ratio": 25.25,
            "inventory_turnover_ratio": 0.63,
            "account_receivable_turnover_ratio": 1.15,
            "reinvestment_rate": -13.27,
            "research_to_sale_ratio": 0.46,
            "price_fair": 80.12,
            "eps_avg_yearly": 2.94,
            "eps_latest_yearly": 3.2,
            "eps_growth_yearly": 17.3
        }
    },
    "months": {
        "2001-06": {
            "month": "2001-06",
            "price": "9.30",
            "revenue": 298020
        },
        "2001-07": {
            "month": "2001-07",
            "price": "8.71",
            "revenue": 279908
        },
        "2001-08": {
            "month": "2001-08",
            "price": "8.29",
            "revenue": 336546
        },
        "2001-09": {
            "month": "2001-09",
            "price": "8.29",
            "revenue": 244437
        },
        "2001-10": {
            "month": "2001-10",
            "price": "7.73",
            "revenue": 288092
        },
        "2001-11": {
            "month": "2001-11",
            "price": "7.81",
            "revenue": 293692
        },
        "2001-12": {
            "month": "2001-12",
            "price": "8.45",
            "revenue": 345812
        },
        "2002-01": {
            "month": "2002-01",
            "price": "7.98",
            "revenue": 307322
        },
        "2002-02": {
            "month": "2002-02",
            "price": "8.10",
            "revenue": 258215
        },
        "2002-03": {
            "month": "2002-03",
            "price": "11.34",
            "revenue": 380461
        },
        "2002-04": {
            "month": "2002-04",
            "price": "13.74",
            "revenue": 430354
        },
        "2002-05": {
            "month": "2002-05",
            "price": "13.87",
            "revenue": 420854
        },
        "2002-06": {
            "month": "2002-06",
            "price": "13.46",
            "revenue": 388756
        },
        "2002-07": {
            "month": "2002-07",
            "price": "12.42",
            "revenue": 432736
        },
        "2002-08": {
            "month": "2002-08",
            "price": "12.86",
            "revenue": 482722
        },
        "2002-09": {
            "month": "2002-09",
            "price": "13.50",
            "revenue": 452474
        },
        "2002-10": {
            "month": "2002-10",
            "price": "12.37",
            "revenue": 507626
        },
        "2002-11": {
            "month": "2002-11",
            "price": "11.57",
            "revenue": 521231
        },
        "2002-12": {
            "month": "2002-12",
            "price": "12.86",
            "revenue": 527280
        },
        "2003-01": {
            "month": "2003-01",
            "price": "16.47",
            "revenue": 496778
        },
        "2003-02": {
            "month": "2003-02",
            "price": "16.77",
            "revenue": 430130
        },
        "2003-03": {
            "month": "2003-03",
            "price": "15.90",
            "revenue": 499752
        },
        "2003-04": {
            "month": "2003-04",
            "price": "16.55",
            "revenue": 516541
        },
        "2003-05": {
            "month": "2003-05",
            "price": "16.56",
            "revenue": 514499
        },
        "2003-06": {
            "month": "2003-06",
            "price": "17.12",
            "revenue": 458499
        },
        "2003-07": {
            "month": "2003-07",
            "price": "19.13",
            "revenue": 524529
        },
        "2003-08": {
            "month": "2003-08",
            "price": "19.11",
            "revenue": 478994
        },
        "2003-09": {
            "month": "2003-09",
            "price": "19.80",
            "revenue": 450604
        },
        "2003-10": {
            "month": "2003-10",
            "price": "19.85",
            "revenue": 556308
        },
        "2003-11": {
            "month": "2003-11",
            "price": "19.82",
            "revenue": 476703
        },
        "2003-12": {
            "month": "2003-12",
            "price": "21.74",
            "revenue": 498005
        },
        "2004-01": {
            "month": "2004-01",
            "price": "24.73",
            "revenue": 471128
        },
        "2004-02": {
            "month": "2004-02",
            "price": "27.91",
            "revenue": 533335
        },
        "2004-03": {
            "month": "2004-03",
            "price": "31.02",
            "revenue": 594997
        },
        "2004-04": {
            "month": "2004-04",
            "price": "30.02",
            "revenue": 630386
        },
        "2004-05": {
            "month": "2004-05",
            "price": "28.19",
            "revenue": 706498
        },
        "2004-06": {
            "month": "2004-06",
            "price": "29.16",
            "revenue": 747708
        },
        "2004-07": {
            "month": "2004-07",
            "price": "30.26",
            "revenue": 750669
        },
        "2004-08": {
            "month": "2004-08",
            "price": "30.24",
            "revenue": 761722
        },
        "2004-09": {
            "month": "2004-09",
            "price": "32.80",
            "revenue": 693141
        },
        "2004-10": {
            "month": "2004-10",
            "price": "33.07",
            "revenue": 749678
        },
        "2004-11": {
            "month": "2004-11",
            "price": "32.28",
            "revenue": 747079
        },
        "2004-12": {
            "month": "2004-12",
            "price": "32.65",
            "revenue": 788271
        },
        "2005-01": {
            "month": "2005-01",
            "price": "32.59",
            "revenue": 703591
        },
        "2005-02": {
            "month": "2005-02",
            "price": "32.32",
            "revenue": 509440
        },
        "2005-03": {
            "month": "2005-03",
            "price": "31.56",
            "revenue": 660138
        },
        "2005-04": {
            "month": "2005-04",
            "price": "29.86",
            "revenue": 596429
        },
        "2005-05": {
            "month": "2005-05",
            "price": "27.42",
            "revenue": 584707
        },
        "2005-06": {
            "month": "2005-06",
            "price": "26.46",
            "revenue": 561826
        },
        "2005-07": {
            "month": "2005-07",
            "price": "21.27",
            "revenue": 506606
        },
        "2005-08": {
            "month": "2005-08",
            "price": "20.66",
            "revenue": 533860
        },
        "2005-09": {
            "month": "2005-09",
            "price": "19.99",
            "revenue": 510610
        },
        "2005-10": {
            "month": "2005-10",
            "price": "19.40",
            "revenue": 465734
        },
        "2005-11": {
            "month": "2005-11",
            "price": "18.07",
            "revenue": 492781
        },
        "2005-12": {
            "month": "2005-12",
            "price": "17.64",
            "revenue": 488646
        },
        "2006-01": {
            "month": "2006-01",
            "price": "19.98",
            "revenue": 366360
        },
        "2006-02": {
            "month": "2006-02",
            "price": "20.39",
            "revenue": 414876
        },
        "2006-03": {
            "month": "2006-03",
            "price": "20.21",
            "revenue": 463819
        },
        "2006-04": {
            "month": "2006-04",
            "price": "21.45",
            "revenue": 461986
        },
        "2006-05": {
            "month": "2006-05",
            "price": "23.23",
            "revenue": 419563
        },
        "2006-06": {
            "month": "2006-06",
            "price": "22.39",
            "revenue": 463237
        },
        "2006-07": {
            "month": "2006-07",
            "price": "20.74",
            "revenue": 465745
        },
        "2006-08": {
            "month": "2006-08",
            "price": "19.72",
            "revenue": 524382
        },
        "2006-09": {
            "month": "2006-09",
            "price": "21.28",
            "revenue": 536851
        },
        "2006-10": {
            "month": "2006-10",
            "price": "23.48",
            "revenue": 485512
        },
        "2006-11": {
            "month": "2006-11",
            "price": "23.73",
            "revenue": 522568
        },
        "2006-12": {
            "month": "2006-12",
            "price": "24.73",
            "revenue": 494041
        },
        "2007-01": {
            "month": "2007-01",
            "price": "26.70",
            "revenue": 476158
        },
        "2007-02": {
            "month": "2007-02",
            "price": "27.24",
            "revenue": 381704
        },
        "2007-03": {
            "month": "2007-03",
            "price": "28.73",
            "revenue": 510644
        },
        "2007-04": {
            "month": "2007-04",
            "price": "31.28",
            "revenue": 436218
        },
        "2007-05": {
            "month": "2007-05",
            "price": "30.90",
            "revenue": 515407
        },
        "2007-06": {
            "month": "2007-06",
            "price": "30.22",
            "revenue": 440766
        },
        "2007-07": {
            "month": "2007-07",
            "price": "31.96",
            "revenue": 415935
        },
        "2007-08": {
            "month": "2007-08",
            "price": "29.02",
            "revenue": 464161
        },
        "2007-09": {
            "month": "2007-09",
            "price": "29.02",
            "revenue": 436526
        },
        "2007-10": {
            "month": "2007-10",
            "price": "29.79",
            "revenue": 448852
        },
        "2007-11": {
            "month": "2007-11",
            "price": "28.94",
            "revenue": 441332
        },
        "2007-12": {
            "month": "2007-12",
            "price": "28.93",
            "revenue": 452627
        },
        "2008-01": {
            "month": "2008-01",
            "price": "28.30",
            "revenue": 471301
        },
        "2008-02": {
            "month": "2008-02",
            "price": "26.98",
            "revenue": 423404
        },
        "2008-03": {
            "month": "2008-03",
            "price": "27.02",
            "revenue": 440366
        },
        "2008-04": {
            "month": "2008-04",
            "price": "28.21",
            "revenue": 482640
        },
        "2008-05": {
            "month": "2008-05",
            "price": "28.49",
            "revenue": 497468
        },
        "2008-06": {
            "month": "2008-06",
            "price": "28.25",
            "revenue": 443236
        },
        "2008-07": {
            "month": "2008-07",
            "price": "27.29",
            "revenue": 580465
        },
        "2008-08": {
            "month": "2008-08",
            "price": "26.55",
            "revenue": 602118
        },
        "2008-09": {
            "month": "2008-09",
            "price": "25.94",
            "revenue": 576432
        },
        "2008-10": {
            "month": "2008-10",
            "price": "19.39",
            "revenue": 533153
        },
        "2008-11": {
            "month": "2008-11",
            "price": "16.88",
            "revenue": 354282
        },
        "2008-12": {
            "month": "2008-12",
            "price": "16.63",
            "revenue": 357982
        },
        "2009-01": {
            "month": "2009-01",
            "price": "16.75",
            "revenue": 264070
        },
        "2009-02": {
            "month": "2009-02",
            "price": "16.17",
            "revenue": 250754
        },
        "2009-03": {
            "month": "2009-03",
            "price": "15.53",
            "revenue": 199585
        },
        "2009-04": {
            "month": "2009-04",
            "price": "16.62",
            "revenue": 170225
        },
        "2009-05": {
            "month": "2009-05",
            "price": "16.31",
            "revenue": 165424
        },
        "2009-06": {
            "month": "2009-06",
            "price": "16.20",
            "revenue": 171954
        },
        "2009-07": {
            "month": "2009-07",
            "price": "16.39",
            "revenue": 182556
        },
        "2009-08": {
            "month": "2009-08",
            "price": "16.92",
            "revenue": 224839
        },
        "2009-09": {
            "month": "2009-09",
            "price": "18.52",
            "revenue": 228069
        },
        "2009-10": {
            "month": "2009-10",
            "price": "20.95",
            "revenue": 274033
        },
        "2009-11": {
            "month": "2009-11",
            "price": "20.34",
            "revenue": 263600
        },
        "2009-12": {
            "month": "2009-12",
            "price": "24.40",
            "revenue": 284716
        },
        "2010-01": {
            "month": "2010-01",
            "price": "28.71",
            "revenue": 304899
        },
        "2010-02": {
            "month": "2010-02",
            "price": "27.88",
            "revenue": 268882
        },
        "2010-03": {
            "month": "2010-03",
            "price": "27.65",
            "revenue": 370435
        },
        "2010-04": {
            "month": "2010-04",
            "price": "28.89",
            "revenue": 343497
        },
        "2010-05": {
            "month": "2010-05",
            "price": "27.78",
            "revenue": 347880
        },
        "2010-06": {
            "month": "2010-06",
            "price": "28.03",
            "revenue": 399917
        },
        "2010-07": {
            "month": "2010-07",
            "price": "27.66",
            "revenue": 404231
        },
        "2010-08": {
            "month": "2010-08",
            "price": "28.48",
            "revenue": 417842
        },
        "2010-09": {
            "month": "2010-09",
            "price": "28.21",
            "revenue": 434775
        },
        "2010-10": {
            "month": "2010-10",
            "price": "28.39",
            "revenue": 391323
        },
        "2010-11": {
            "month": "2010-11",
            "price": "28.68",
            "revenue": 425731
        },
        "2010-12": {
            "month": "2010-12",
            "price": "30.48",
            "revenue": 442319
        },
        "2011-01": {
            "month": "2011-01",
            "price": "32.22",
            "revenue": 492631
        },
        "2011-02": {
            "month": "2011-02",
            "price": "32.00",
            "revenue": 380987
        },
        "2011-03": {
            "month": "2011-03",
            "price": "33.48",
            "revenue": 548907
        },
        "2011-04": {
            "month": "2011-04",
            "price": "36.79",
            "revenue": 548702
        },
        "2011-05": {
            "month": "2011-05",
            "price": "43.67",
            "revenue": 557387
        },
        "2011-06": {
            "month": "2011-06",
            "price": "46.05",
            "revenue": 540661
        },
        "2011-07": {
            "month": "2011-07",
            "price": "46.83",
            "revenue": 539292
        },
        "2011-08": {
            "month": "2011-08",
            "price": "49.21",
            "revenue": 543875
        },
        "2011-09": {
            "month": "2011-09",
            "price": "44.86",
            "revenue": 542850
        },
        "2011-10": {
            "month": "2011-10",
            "price": "42.91",
            "revenue": 515714
        },
        "2011-11": {
            "month": "2011-11",
            "price": "42.37",
            "revenue": 494684
        },
        "2011-12": {
            "month": "2011-12",
            "price": "41.30",
            "revenue": 467306
        },
        "2012-01": {
            "month": "2012-01",
            "price": "41.15",
            "revenue": 415550
        },
        "2012-02": {
            "month": "2012-02",
            "price": "42.92",
            "revenue": 403405
        },
        "2012-03": {
            "month": "2012-03",
            "price": "45.10",
            "revenue": 471081
        },
        "2012-04": {
            "month": "2012-04",
            "price": "44.99",
            "revenue": 471659
        },
        "2012-05": {
            "month": "2012-05",
            "price": "44.69",
            "revenue": 501420
        },
        "2012-06": {
            "month": "2012-06",
            "price": "43.82",
            "revenue": 450139
        },
        "2012-07": {
            "month": "2012-07",
            "price": "40.54",
            "revenue": 473580
        },
        "2012-08": {
            "month": "2012-08",
            "price": "40.01",
            "revenue": 425797
        },
        "2012-09": {
            "month": "2012-09",
            "price": "41.55",
            "revenue": 363501
        },
        "2012-10": {
            "month": "2012-10",
            "price": "43.44",
            "revenue": 351590
        },
        "2012-11": {
            "month": "2012-11",
            "price": "42.39",
            "revenue": 327153
        },
        "2012-12": {
            "month": "2012-12",
            "price": "41.99",
            "revenue": 380294
        },
        "2013-01": {
            "month": "2013-01",
            "price": "42.41",
            "revenue": 475867
        },
        "2013-02": {
            "month": "2013-02",
            "price": "45.42",
            "revenue": 410580
        },
        "2013-03": {
            "month": "2013-03",
            "price": "47.06",
            "revenue": 526843
        },
        "2013-04": {
            "month": "2013-04",
            "price": "46.65",
            "revenue": 529824
        },
        "2013-05": {
            "month": "2013-05",
            "price": "49.00",
            "revenue": 562815
        },
        "2013-06": {
            "month": "2013-06",
            "price": "57.65",
            "revenue": 534792
        },
        "2013-07": {
            "month": "2013-07",
            "price": "66.91",
            "revenue": 586467
        },
        "2013-08": {
            "month": "2013-08",
            "price": "66.51",
            "revenue": 612004
        },
        "2013-09": {
            "month": "2013-09",
            "price": "68.26",
            "revenue": 545396
        },
        "2013-10": {
            "month": "2013-10",
            "price": "67.28",
            "revenue": 556881
        },
        "2013-11": {
            "month": "2013-11",
            "price": "67.28",
            "revenue": 524341
        },
        "2013-12": {
            "month": "2013-12",
            "price": "67.65",
            "revenue": 584404
        },
        "2014-01": {
            "month": "2014-01",
            "price": "68.84",
            "revenue": 620695
        },
        "2014-02": {
            "month": "2014-02",
            "price": "77.39",
            "revenue": 535459
        },
        "2014-03": {
            "month": "2014-03",
            "price": "87.84",
            "revenue": 614603
        },
        "2014-04": {
            "month": "2014-04",
            "price": "88.31",
            "revenue": 613622
        },
        "2014-05": {
            "month": "2014-05",
            "price": "87.10",
            "revenue": 625296
        },
        "2014-06": {
            "month": "2014-06",
            "price": "85.39",
            "revenue": 576891
        },
        "2014-07": {
            "month": "2014-07",
            "price": "84.24",
            "revenue": 644468
        },
        "2014-08": {
            "month": "2014-08",
            "price": "81.89",
            "revenue": 580747
        },
        "2014-09": {
            "month": "2014-09",
            "price": "83.41",
            "revenue": 590823
        },
        "2014-10": {
            "month": "2014-10",
            "price": "80.52",
            "revenue": 602608
        },
        "2014-11": {
            "month": "2014-11",
            "price": "71.57",
            "revenue": 522028
        },
        "2014-12": {
            "month": "2014-12",
            "price": "73.48",
            "revenue": 575704
        },
        "2015-01": {
            "month": "2015-01",
            "price": "75.62",
            "revenue": 657343
        },
        "2015-02": {
            "month": "2015-02",
            "price": "76.38",
            "revenue": 506577
        },
        "2015-03": {
            "month": "2015-03",
            "price": "77.28",
            "revenue": 670538
        },
        "2015-04": {
            "month": "2015-04",
            "price": "77.52",
            "revenue": 600373
        },
        "2015-05": {
            "month": "2015-05",
            "price": "74.52",
            "revenue": 538203
        },
        "2015-06": {
            "month": "2015-06",
            "price": "70.55",
            "revenue": 564563
        },
        "2015-07": {
            "month": "2015-07",
            "price": "74.80",
            "revenue": 536215
        },
        "2015-08": {
            "month": "2015-08",
            "price": "57.92",
            "revenue": 526846
        },
        "2015-09": {
            "month": "2015-09",
            "price": "60.20",
            "revenue": 556836
        },
        "2015-10": {
            "month": "2015-10",
            "price": "64.82",
            "revenue": 517140
        },
        "2015-11": {
            "month": "2015-11",
            "price": "63.65",
            "revenue": 475435
        },
        "2015-12": {
            "month": "2015-12",
            "price": "61.26",
            "revenue": 546969
        },
        "2016-01": {
            "month": "2016-01",
            "price": "62.17",
            "revenue": 582122
        },
        "2016-02": {
            "month": "2016-02",
            "price": "63.97",
            "revenue": 378203
        },
        "2016-03": {
            "month": "2016-03",
            "price": "63.19",
            "revenue": 739472
        },
        "2016-04": {
            "month": "2016-04",
            "price": "61.76",
            "revenue": 576052
        },
        "2016-05": {
            "month": "2016-05",
            "price": "60.11",
            "revenue": 592656
        },
        "2016-06": {
            "month": "2016-06",
            "price": "60.66",
            "revenue": 626102
        },
        "2016-07": {
            "month": "2016-07",
            "price": "60.54",
            "revenue": 511330
        },
        "2016-08": {
            "month": "2016-08",
            "price": "59.77",
            "revenue": 609266
        },
        "2016-09": {
            "month": "2016-09",
            "price": "58.31",
            "revenue": 585609
        },
        "2016-10": {
            "month": "2016-10",
            "price": "56.59",
            "revenue": 482154
        },
        "2016-11": {
            "month": "2016-11",
            "price": "53.88",
            "revenue": 577571
        },
        "2016-12": {
            "month": "2016-12",
            "price": "54.05",
            "revenue": 540639
        },
        "2017-01": {
            "month": "2017-01",
            "price": "53.33",
            "revenue": 623313
        },
        "2017-02": {
            "month": "2017-02",
            "price": "54.32",
            "revenue": 514128
        },
        "2017-03": {
            "month": "2017-03",
            "price": "52.94",
            "revenue": 703557
        },
        "2017-04": {
            "month": "2017-04",
            "price": "53.49",
            "revenue": 542796
        },
        "2017-05": {
            "month": "2017-05",
            "price": "53.14",
            "revenue": 604499
        },
        "2017-06": {
            "month": "2017-06",
            "price": "53.03",
            "revenue": 593153
        },
        "2017-07": {
            "month": "2017-07",
            "price": "50.56",
            "revenue": 574576
        },
        "2017-08": {
            "month": "2017-08",
            "price": "53.43",
            "revenue": 674178
        },
        "2017-09": {
            "month": "2017-09",
            "price": "61.29",
            "revenue": 597976
        },
        "2017-10": {
            "month": "2017-10",
            "price": "59.39",
            "revenue": 588371
        },
        "2017-11": {
            "month": "2017-11",
            "price": "61.26",
            "revenue": 658020
        },
        "2017-12": {
            "month": "2017-12",
            "price": "58.42",
            "revenue": 584333
        },
        "2018-01": {
            "month": "2018-01",
            "price": "56.80",
            "revenue": 769710
        },
        "2018-02": {
            "month": "2018-02",
            "price": "58.08",
            "revenue": 545730
        },
        "2018-03": {
            "month": "2018-03",
            "price": "57.64",
            "revenue": 716259
        },
        "2018-04": {
            "month": "2018-04",
            "price": "58.37",
            "revenue": 634815
        },
        "2018-05": {
            "month": "2018-05",
            "price": "56.90",
            "revenue": 672769
        },
        "2018-06": {
            "month": "2018-06",
            "price": "56.18",
            "revenue": 657383
        },
        "2018-07": {
            "month": "2018-07",
            "price": "53.89",
            "revenue": 727096
        },
        "2018-08": {
            "month": "2018-08",
            "price": "54.13",
            "revenue": 692908
        },
        "2018-09": {
            "month": "2018-09",
            "price": "53.85",
            "revenue": 627885
        },
        "2018-10": {
            "month": "2018-10",
            "price": "51.40",
            "revenue": 727117
        },
        "2018-11": {
            "month": "2018-11",
            "price": "51.03",
            "revenue": 598451
        },
        "2018-12": {
            "month": "2018-12",
            "price": "50.77",
            "revenue": 612308
        },
        "2019-01": {
            "month": "2019-01",
            "price": "51.97",
            "revenue": 761368
        },
        "2019-02": {
            "month": "2019-02",
            "price": "52.38",
            "revenue": 479644
        },
        "2019-03": {
            "month": "2019-03",
            "price": "52.27",
            "revenue": 602195
        },
        "2019-04": {
            "month": "2019-04",
            "price": "53.68",
            "revenue": 588623
        },
        "2019-05": {
            "month": "2019-05",
            "price": "53.27",
            "revenue": 503479
        },
        "2019-06": {
            "month": "2019-06",
            "price": "53.88",
            "revenue": 487712
        },
        "2019-07": {
            "month": "2019-07",
            "price": "52.61",
            "revenue": 602012
        },
        "2019-08": {
            "month": "2019-08",
            "price": "52.49",
            "revenue": 561290
        },
        "2019-09": {
            "month": "2019-09",
            "price": "51.92",
            "revenue": 498668
        },
        "2019-10": {
            "month": "2019-10",
            "price": "51.26",
            "revenue": 515657
        },
        "2019-11": {
            "month": "2019-11",
            "price": "51.37",
            "revenue": 444822
        },
        "2019-12": {
            "month": "2019-12",
            "price": "51.25",
            "revenue": 503575
        },
        "2020-01": {
            "month": "2020-01",
            "price": "51.30",
            "revenue": 481014
        },
        "2020-02": {
            "month": "2020-02",
            "price": "50.14",
            "revenue": 485385
        },
        "2020-03": {
            "month": "2020-03",
            "price": "46.84",
            "revenue": 527560
        },
        "2020-04": {
            "month": "2020-04",
            "price": "45.32",
            "revenue": 240603
        },
        "2020-05": {
            "month": "2020-05",
            "price": "44.80",
            "revenue": 226280
        },
        "2020-06": {
            "month": "2020-06",
            "price": "45.49",
            "revenue": 321088
        },
        "2020-07": {
            "month": "2020-07",
            "price": "45.86",
            "revenue": 396755
        },
        "2020-08": {
            "month": "2020-08",
            "price": "45.43",
            "revenue": 426295
        },
        "2020-09": {
            "month": "2020-09",
            "price": "44.66",
            "revenue": 508898
        },
        "2020-10": {
            "month": "2020-10",
            "price": "45.46",
            "revenue": 430654
        },
        "2020-11": {
            "month": "2020-11",
            "price": "47.21",
            "revenue": 415632
        },
        "2020-12": {
            "month": "2020-12",
            "price": "49.43",
            "revenue": 612479
        },
        "2021-01": {
            "month": "2021-01",
            "price": "50.08",
            "revenue": 552972
        },
        "2021-02": {
            "month": "2021-02",
            "price": "51.60",
            "revenue": 441325
        },
        "2021-03": {
            "month": "2021-03",
            "price": "58.83",
            "revenue": 637305
        },
        "2021-04": {
            "month": "2021-04",
            "price": "63.52",
            "revenue": 610860
        },
        "2021-05": {
            "month": "2021-05",
            "price": "61.38",
            "revenue": 622722
        },
        "2021-06": {
            "month": "2021-06",
            "price": "58.85",
            "revenue": 633938
        },
        "2021-07": {
            "month": "2021-07",
            "price": "58.39",
            "revenue": 679852
        },
        "2021-08": {
            "month": "2021-08",
            "price": "57.99",
            "revenue": 547791
        },
        "2021-09": {
            "month": "2021-09",
            "price": "58.23",
            "revenue": 745429
        },
        "2021-10": {
            "month": "2021-10",
            "price": "59.00",
            "revenue": 508868
        },
        "2021-11": {
            "month": "2021-11",
            "price": "58.31",
            "revenue": 551139
        },
        "2021-12": {
            "month": "2021-12",
            "price": "56.76",
            "revenue": 574972
        },
        "2022-01": {
            "month": "2022-01",
            "price": "56.64",
            "revenue": 650468
        },
        "2022-02": {
            "month": "2022-02",
            "price": "54.94",
            "revenue": 510104
        },
        "2022-03": {
            "month": "2022-03",
            "price": "54.83",
            "revenue": 715250
        },
        "2022-04": {
            "month": "2022-04",
            "price": "55.19",
            "revenue": 565467
        },
        "2022-05": {
            "month": "2022-05",
            "price": "55.81",
            "revenue": 736602
        },
        "2022-06": {
            "month": "2022-06",
            "price": "57.69",
            "revenue": 590782
        },
        "2022-07": {
            "month": "2022-07",
            "price": "54.76",
            "revenue": 532636
        },
        "2022-08": {
            "month": "2022-08",
            "price": "53.54",
            "revenue": 597907
        },
        "2022-09": {
            "month": "2022-09",
            "price": "52.50",
            "revenue": 601643
        },
        "2022-10": {
            "month": "2022-10",
            "price": "52.85",
            "revenue": 560630
        },
        "2022-11": {
            "month": "2022-11",
            "price": "52.29",
            "revenue": 544169
        },
        "2022-12": {
            "month": "2022-12",
            "price": "51.02",
            "revenue": 559378
        },
        "2023-01": {
            "month": "2023-01",
            "price": "51.11",
            "revenue": 482318
        },
        "2023-02": {
            "month": "2023-02",
            "price": "51.56",
            "revenue": 521807
        },
        "2023-03": {
            "month": "2023-03",
            "price": "52.36",
            "revenue": 612843
        },
        "2023-04": {
            "month": "2023-04",
            "price": "52.19",
            "revenue": 469226
        },
        "2023-05": {
            "month": "2023-05",
            "price": "52.81",
            "revenue": 603465
        }
    }
}
