{
    "summary": {
        "stock_name": "榮剛",
        "stock_id": "5009",
        "category": "鋼鐵",
        "main_business": "特殊鋼(工具鋼、低合金鋼、軸承鋼、不銹鋼、高速鋼)<br>碳鋼(含中、高拉鋼筋)特殊鍛件與模具(鍛胚、車軸、機械主軸<br>、輥子、輥軸、壓輪等)之製造加工與銷售業務。",
        "website_url": "http://www.gmtc.com.tw",
        "ceo": "康永昌",
        "pe_ratio": 11,
        "report_year_from": 2001,
        "report_year_to": 2023,
        "age": 23,
        "eps_negative_percentage": 4,
        "eps_growth_avg": {
            "last_all": 17.11,
            "last_2y": 67.62,
            "last_4y": 39.37,
            "last_8y": 18.72,
            "last_12y": 20.75,
            "last_16y": 7.62,
            "last_20y": 12.96,
            "at_2006_last_3y": 34.33,
            "at_2007_last_3y": 36.73,
            "at_2008_last_3y": -7.41,
            "at_2009_last_3y": -38.94,
            "at_2010_last_3y": -49.28,
            "at_2011_last_3y": -25.52,
            "at_2012_last_3y": -12.44,
            "at_2013_last_3y": 0.45,
            "at_2014_last_3y": 25.34,
            "at_2015_last_3y": 2.96,
            "at_2016_last_3y": -1.48,
            "at_2017_last_3y": 0.48,
            "at_2018_last_3y": -7.1,
            "at_2019_last_3y": -6.15,
            "at_2020_last_3y": 2.54,
            "at_2021_last_3y": 40.92,
            "at_2022_last_3y": 48.49,
            "at_2023_last_3y": 45.64,
            "at_2024_last_3y": 45.64,
            "at_2006_last_all": 47.47,
            "at_2007_last_all": 44.34,
            "at_2008_last_all": 27.07,
            "at_2009_last_all": 11.18,
            "at_2010_last_all": 11.18,
            "at_2011_last_all": 21.05,
            "at_2012_last_all": 15.22,
            "at_2013_last_all": 8.26,
            "at_2014_last_all": 15.9,
            "at_2015_last_all": 15.49,
            "at_2016_last_all": 10.45,
            "at_2017_last_all": 6.18,
            "at_2018_last_all": 10.15,
            "at_2019_last_all": 10.39,
            "at_2020_last_all": 8.69,
            "at_2021_last_all": 13.49,
            "at_2022_last_all": 17.82,
            "at_2023_last_all": 17.11,
            "at_2024_last_all": 17.11
        },
        "latest_eps": 4.45,
        "latest_price": 48.7,
        "latest_roe": 18.15,
        "latest_gross_margin": 24,
        "latest_equity": 15261269,
        "latest_revenue": 3291203,
        "latest_gross_profit": 790045,
        "latest_net_income": 670107,
        "latest_debt_ratio": 49.43,
        "latest_current_ratio": 522.63,
        "latest_account_receivable_turnover_ratio": 1.19,
        "latest_inventory_turnover_ratio": 0.38,
        "latest_reinvestment_rate": -12.7,
        "latest_research_to_sale_ratio": 0.17
    },
    "eps_dividends": {
        "2001": {
            "cash": 0,
            "stock": 0,
            "eps": 0.15
        },
        "2002": {
            "cash": 0,
            "stock": 0,
            "eps": 0.68
        },
        "2003": {
            "cash": 0,
            "stock": 0,
            "eps": 0.81
        },
        "2004": {
            "cash": 0,
            "stock": 0,
            "eps": 2.91
        },
        "2005": {
            "cash": 0.3,
            "stock": 0.3,
            "eps": 3.67
        },
        "2006": {
            "cash": 2.1,
            "stock": 0,
            "eps": 3.38
        },
        "2007": {
            "cash": 2.3,
            "stock": 0,
            "eps": 4.35
        },
        "2008": {
            "cash": 2.5,
            "stock": 0,
            "eps": 1.02
        },
        "2009": {
            "cash": 0,
            "stock": 1,
            "eps": -1.2
        },
        "2010": {
            "cash": 0,
            "stock": 0,
            "eps": 0.8
        },
        "2011": {
            "cash": 0,
            "stock": 0.5,
            "eps": 2.6
        },
        "2012": {
            "cash": 1,
            "stock": 0.5,
            "eps": 1.63
        },
        "2013": {
            "cash": 0.5,
            "stock": 0.5,
            "eps": 0.63
        },
        "2014": {
            "cash": 0.5,
            "stock": 0,
            "eps": 1.43
        },
        "2015": {
            "cash": 0.8,
            "stock": 0,
            "eps": 1.58
        },
        "2016": {
            "cash": 0.6,
            "stock": 0.4,
            "eps": 0.71
        },
        "2017": {
            "cash": 0.4,
            "stock": 0,
            "eps": 0.33
        },
        "2018": {
            "cash": 0.3,
            "stock": 0,
            "eps": 0.56
        },
        "2019": {
            "cash": 0.45,
            "stock": 0,
            "eps": 0.64
        },
        "2020": {
            "cash": 0.5,
            "stock": 0,
            "eps": 0.51
        },
        "2021": {
            "cash": 0.4,
            "stock": 0,
            "eps": 1.71
        },
        "2022": {
            "cash": 1.4,
            "stock": 0,
            "eps": 4.53
        },
        "2023": {
            "cash": 2.5,
            "stock": 0,
            "eps": 4.66
        },
        "2024": {
            "cash": 2.5,
            "stock": 0,
            "eps": 0
        }
    },
    "dividends": {
        "2005-02-15": {
            "cash": 0.3,
            "stock": 0.3
        },
        "2006-03-03": {
            "cash": 2.1,
            "stock": 0
        },
        "2007-03-27": {
            "cash": 2.3,
            "stock": 0
        },
        "2008-03-10": {
            "cash": 2.5,
            "stock": 0
        },
        "2009-03-09": {
            "cash": 0,
            "stock": 1
        },
        "2011-03-22": {
            "cash": 0,
            "stock": 0.5
        },
        "2012-06-22": {
            "cash": 1,
            "stock": 0.5
        },
        "2013-06-13": {
            "cash": 0.5,
            "stock": 0.5
        },
        "2014-06-17": {
            "cash": 0.5,
            "stock": 0
        },
        "2015-08-14": {
            "cash": 0.8,
            "stock": 0
        },
        "2016-08-26": {
            "cash": 0.6,
            "stock": 0.4
        },
        "2017-09-22": {
            "cash": 0.4,
            "stock": 0
        },
        "2018-08-16": {
            "cash": 0.3,
            "stock": 0
        },
        "2019-07-17": {
            "cash": 0.45,
            "stock": 0
        },
        "2020-07-21": {
            "cash": 0.5,
            "stock": 0
        },
        "2021-04-27": {
            "cash": 0.4,
            "stock": 0
        },
        "2022-04-12": {
            "cash": 1.4,
            "stock": 0
        },
        "2023-07-25": {
            "cash": 2.5,
            "stock": 0
        },
        "2024-02-29": {
            "cash": 2.5,
            "stock": 0
        }
    },
    "prices": {
        "200101": "3.80",
        "200102": "4.03",
        "200103": "3.80",
        "200104": "3.64",
        "200105": "3.43",
        "200106": "3.23",
        "200107": "2.73",
        "200108": "3.04",
        "200109": "2.97",
        "200110": "2.85",
        "200111": "2.52",
        "200112": "2.77",
        "200201": "4.69",
        "200202": "4.72",
        "200203": "5.40",
        "200204": "6.34",
        "200205": "6.47",
        "200206": "6.94",
        "200207": "6.49",
        "200208": "5.93",
        "200209": "5.04",
        "200210": "4.49",
        "200211": "6.22",
        "200212": "7.42",
        "200301": "8.83",
        "200302": "9.56",
        "200303": "7.63",
        "200304": "7.30",
        "200305": "6.36",
        "200306": "6.88",
        "200307": "7.19",
        "200308": "7.00",
        "200309": "6.95",
        "200310": "7.40",
        "200311": "7.60",
        "200312": "8.05",
        "200401": "8.89",
        "200402": "10.66",
        "200403": "14.28",
        "200404": "14.65",
        "200405": "13.46",
        "200406": "13.24",
        "200407": "13.72",
        "200408": "13.63",
        "200409": "16.78",
        "200410": "18.24",
        "200411": "17.67",
        "200412": "18.88",
        "200501": "17.55",
        "200502": "17.80",
        "200503": "18.30",
        "200504": "17.37",
        "200505": "16.30",
        "200506": "17.11",
        "200507": "16.76",
        "200508": "18.08",
        "200509": "19.14",
        "200510": "18.00",
        "200511": "18.21",
        "200512": "19.52",
        "200601": "21.10",
        "200602": "22.78",
        "200603": "22.25",
        "200604": "27.40",
        "200605": "29.97",
        "200606": "28.25",
        "200607": "27.89",
        "200608": "29.44",
        "200609": "37.47",
        "200610": "43.40",
        "200611": "45.90",
        "200612": "47.41",
        "200701": "48.75",
        "200702": "52.06",
        "200703": "50.91",
        "200704": "50.71",
        "200705": "53.55",
        "200706": "53.44",
        "200707": "58.25",
        "200708": "60.98",
        "200709": "67.77",
        "200710": "66.28",
        "200711": "58.56",
        "200712": "54.60",
        "200801": "48.28",
        "200802": "46.80",
        "200803": "47.55",
        "200804": "48.98",
        "200805": "47.14",
        "200806": "40.91",
        "200807": "33.24",
        "200808": "31.31",
        "200809": "26.28",
        "200810": "13.72",
        "200811": "12.92",
        "200812": "10.99",
        "200901": "12.11",
        "200902": "11.98",
        "200903": "12.91",
        "200904": "16.28",
        "200905": "19.38",
        "200906": "20.20",
        "200907": "18.99",
        "200908": "18.32",
        "200909": "16.98",
        "200910": "16.58",
        "200911": "15.87",
        "200912": "18.54",
        "201001": "20.40",
        "201002": "19.16",
        "201003": "22.08",
        "201004": "23.54",
        "201005": "19.48",
        "201006": "18.32",
        "201007": "16.96",
        "201008": "19.74",
        "201009": "20.35",
        "201010": "22.12",
        "201011": "22.71",
        "201012": "25.21",
        "201101": "26.35",
        "201102": "29.95",
        "201103": "31.00",
        "201104": "31.38",
        "201105": "36.40",
        "201106": "34.05",
        "201107": "34.61",
        "201108": "30.45",
        "201109": "24.47",
        "201110": "22.66",
        "201111": "24.09",
        "201112": "23.00",
        "201201": "23.58",
        "201202": "26.89",
        "201203": "28.76",
        "201204": "31.52",
        "201205": "31.98",
        "201206": "28.81",
        "201207": "29.12",
        "201208": "29.02",
        "201209": "27.96",
        "201210": "25.55",
        "201211": "21.70",
        "201212": "22.54",
        "201301": "24.10",
        "201302": "24.02",
        "201303": "23.26",
        "201304": "23.12",
        "201305": "22.68",
        "201306": "20.83",
        "201307": "21.06",
        "201308": "19.93",
        "201309": "20.07",
        "201310": "21.08",
        "201311": "20.40",
        "201312": "21.50",
        "201401": "21.88",
        "201402": "24.21",
        "201403": "23.95",
        "201404": "24.25",
        "201405": "24.02",
        "201406": "25.30",
        "201407": "26.26",
        "201408": "24.64",
        "201409": "24.08",
        "201410": "20.73",
        "201411": "20.46",
        "201412": "21.28",
        "201501": "22.10",
        "201502": "22.14",
        "201503": "21.20",
        "201504": "22.06",
        "201505": "23.02",
        "201506": "21.60",
        "201507": "18.62",
        "201508": "15.40",
        "201509": "16.32",
        "201510": "17.16",
        "201511": "17.19",
        "201512": "17.55",
        "201601": "16.81",
        "201602": "17.65",
        "201603": "18.32",
        "201604": "18.06",
        "201605": "16.25",
        "201606": "16.25",
        "201607": "16.88",
        "201608": "16.53",
        "201609": "17.57",
        "201610": "17.23",
        "201611": "17.42",
        "201612": "18.45",
        "201701": "19.82",
        "201702": "23.30",
        "201703": "24.13",
        "201704": "20.02",
        "201705": "19.17",
        "201706": "19.42",
        "201707": "19.95",
        "201708": "20.36",
        "201709": "21.01",
        "201710": "20.17",
        "201711": "20.42",
        "201712": "20.39",
        "201801": "20.32",
        "201802": "20.12",
        "201803": "20.00",
        "201804": "19.73",
        "201805": "19.14",
        "201806": "19.08",
        "201807": "17.81",
        "201808": "17.65",
        "201809": "17.64",
        "201810": "17.11",
        "201811": "16.63",
        "201812": "16.63",
        "201901": "18.50",
        "201902": "18.93",
        "201903": "21.74",
        "201904": "20.48",
        "201905": "19.40",
        "201906": "19.50",
        "201907": "19.30",
        "201908": "19.88",
        "201909": "20.54",
        "201910": "19.52",
        "201911": "18.60",
        "201912": "18.47",
        "202001": "18.36",
        "202002": "17.10",
        "202003": "15.31",
        "202004": "15.38",
        "202005": "16.47",
        "202006": "16.39",
        "202007": "15.67",
        "202008": "15.56",
        "202009": "16.09",
        "202010": "15.54",
        "202011": "15.74",
        "202012": "16.95",
        "202101": "16.03",
        "202102": "16.20",
        "202103": "17.05",
        "202104": "20.00",
        "202105": "19.40",
        "202106": "21.39",
        "202107": "25.73",
        "202108": "26.63",
        "202109": "25.58",
        "202110": "22.58",
        "202111": "21.47",
        "202112": "21.85",
        "202201": "21.18",
        "202202": "22.60",
        "202203": "25.47",
        "202204": "28.97",
        "202205": "29.99",
        "202206": "27.78",
        "202207": "27.35",
        "202208": "29.75",
        "202209": "28.40",
        "202210": "30.06",
        "202211": "31.42",
        "202212": "35.44",
        "202301": "36.34",
        "202302": "40.73",
        "202303": "49.35",
        "202304": "56.89",
        "202305": "55.76",
        "202306": "57.96",
        "202307": "55.36",
        "202308": "47.11",
        "202309": "46.14",
        "202310": "44.82",
        "202311": "46.32",
        "202312": "49.71"
    },
    "quarters": {
        "20011": {
            "year_quarter": 20011,
            "year": 2001,
            "quarter": 1,
            "eps": 0.05,
            "eps_growth_year": null,
            "eps_4q": 0.11,
            "eps_4q_growth_year": null,
            "roe": 0.67,
            "roe_4q": 0.67,
            "gross_profit": 145058,
            "gross_margin": 20.32,
            "gross_margin_4q_avg": 20.32,
            "net_income": 10539,
            "net_income_4q": null,
            "revenue": 713763,
            "revenue_4q": null,
            "common_shares": 2300000,
            "book_valuer_per_share": 6.77,
            "book_valuer_per_share_4q_avg": 6.77,
            "equity": 1557476,
            "current_ratio": 62.82,
            "debt_ratio": 71.11,
            "inventory_turnover_ratio": 0.5,
            "account_receivable_turnover_ratio": null,
            "reinvestment_rate": null,
            "research_to_sale_ratio": null,
            "price_fair": 0,
            "eps_avg_yearly": 0,
            "eps_latest_yearly": 0,
            "eps_growth_yearly": 0
        },
        "20012": {
            "year_quarter": 20012,
            "year": 2001,
            "quarter": 2,
            "eps": 0.1,
            "eps_growth_year": 900,
            "eps_4q": 0.19,
            "eps_4q_growth_year": null,
            "roe": 1.45,
            "roe_4q": 2.12,
            "gross_profit": 146365,
            "gross_margin": 20.97,
            "gross_margin_4q_avg": 20.65,
            "net_income": 22626,
            "net_income_4q": null,
            "revenue": 697854,
            "revenue_4q": null,
            "common_shares": 2300000,
            "book_valuer_per_share": 6.84,
            "book_valuer_per_share_4q_avg": 6.81,
            "equity": 1573094,
            "current_ratio": 62.07,
            "debt_ratio": 70.61,
            "inventory_turnover_ratio": 0.58,
            "account_receivable_turnover_ratio": null,
            "reinvestment_rate": null,
            "research_to_sale_ratio": null,
            "price_fair": 0,
            "eps_avg_yearly": 0,
            "eps_latest_yearly": 0,
            "eps_growth_yearly": 0
        },
        "20013": {
            "year_quarter": 20013,
            "year": 2001,
            "quarter": 3,
            "eps": 0.01,
            "eps_growth_year": null,
            "eps_4q": 0.2,
            "eps_4q_growth_year": null,
            "roe": 0.08,
            "roe_4q": 2.2,
            "gross_profit": 122064,
            "gross_margin": 20.03,
            "gross_margin_4q_avg": 20.44,
            "net_income": 1276,
            "net_income_4q": null,
            "revenue": 609414,
            "revenue_4q": null,
            "common_shares": 2300000,
            "book_valuer_per_share": 6.83,
            "book_valuer_per_share_4q_avg": 6.81,
            "equity": 1569970,
            "current_ratio": 62.67,
            "debt_ratio": 70.62,
            "inventory_turnover_ratio": 0.54,
            "account_receivable_turnover_ratio": null,
            "reinvestment_rate": null,
            "research_to_sale_ratio": null,
            "price_fair": 0,
            "eps_avg_yearly": 0,
            "eps_latest_yearly": 0,
            "eps_growth_yearly": 0
        },
        "20014": {
            "year_quarter": 20014,
            "year": 2001,
            "quarter": 4,
            "eps": -0.01,
            "eps_growth_year": -120,
            "eps_4q": 0.14,
            "eps_4q_growth_year": 178.35,
            "roe": -0.16,
            "roe_4q": 2.04,
            "gross_profit": 137445,
            "gross_margin": 19.44,
            "gross_margin_4q_avg": 20.19,
            "net_income": -2551,
            "net_income_4q": null,
            "revenue": 707027,
            "revenue_4q": null,
            "common_shares": 2300000,
            "book_valuer_per_share": 6.8,
            "book_valuer_per_share_4q_avg": 6.81,
            "equity": 1577915,
            "current_ratio": 62.87,
            "debt_ratio": 69.51,
            "inventory_turnover_ratio": 0.65,
            "account_receivable_turnover_ratio": null,
            "reinvestment_rate": null,
            "research_to_sale_ratio": null,
            "price_fair": 0,
            "eps_avg_yearly": 0,
            "eps_latest_yearly": 0,
            "eps_growth_yearly": 0
        },
        "20021": {
            "year_quarter": 20021,
            "year": 2002,
            "quarter": 1,
            "eps": 0.14,
            "eps_growth_year": 180,
            "eps_4q": 0.24,
            "eps_4q_growth_year": 118.33,
            "roe": 1.93,
            "roe_4q": 3.3,
            "gross_profit": 173044,
            "gross_margin": 22.55,
            "gross_margin_4q_avg": 20.75,
            "net_income": 30085,
            "net_income_4q": null,
            "revenue": 767354,
            "revenue_4q": null,
            "common_shares": 2300000,
            "book_valuer_per_share": 6.71,
            "book_valuer_per_share_4q_avg": 6.8,
            "equity": 1542806,
            "current_ratio": 61.67,
            "debt_ratio": 69.29,
            "inventory_turnover_ratio": 0.76,
            "account_receivable_turnover_ratio": null,
            "reinvestment_rate": null,
            "research_to_sale_ratio": null,
            "price_fair": 0,
            "eps_avg_yearly": 0,
            "eps_latest_yearly": 0,
            "eps_growth_yearly": 0
        },
        "20022": {
            "year_quarter": 20022,
            "year": 2002,
            "quarter": 2,
            "eps": 0.27,
            "eps_growth_year": 170,
            "eps_4q": 0.41,
            "eps_4q_growth_year": 115.39,
            "roe": 3.58,
            "roe_4q": 5.43,
            "gross_profit": 180680,
            "gross_margin": 22.25,
            "gross_margin_4q_avg": 21.07,
            "net_income": 56126,
            "net_income_4q": null,
            "revenue": 812081,
            "revenue_4q": null,
            "common_shares": 2300000,
            "book_valuer_per_share": 6.94,
            "book_valuer_per_share_4q_avg": 6.82,
            "equity": 1595808,
            "current_ratio": 66.89,
            "debt_ratio": 68.25,
            "inventory_turnover_ratio": 0.88,
            "account_receivable_turnover_ratio": null,
            "reinvestment_rate": null,
            "research_to_sale_ratio": null,
            "price_fair": 37.8,
            "eps_avg_yearly": 1.08,
            "eps_latest_yearly": 1.08,
            "eps_growth_yearly": 371.43
        },
        "20023": {
            "year_quarter": 20023,
            "year": 2002,
            "quarter": 3,
            "eps": 0.17,
            "eps_growth_year": 1600,
            "eps_4q": 0.56,
            "eps_4q_growth_year": 173.74,
            "roe": 2.27,
            "roe_4q": 7.619999999999999,
            "gross_profit": 155408,
            "gross_margin": 21.01,
            "gross_margin_4q_avg": 21.31,
            "net_income": 36683,
            "net_income_4q": null,
            "revenue": 739739,
            "revenue_4q": null,
            "common_shares": 2300000,
            "book_valuer_per_share": 7.11,
            "book_valuer_per_share_4q_avg": 6.89,
            "equity": 1635406,
            "current_ratio": 66.94,
            "debt_ratio": 67.11,
            "inventory_turnover_ratio": 0.78,
            "account_receivable_turnover_ratio": null,
            "reinvestment_rate": null,
            "research_to_sale_ratio": null,
            "price_fair": 30.8,
            "eps_avg_yearly": 0.88,
            "eps_latest_yearly": 0.68,
            "eps_growth_yearly": 111.64
        },
        "20024": {
            "year_quarter": 20024,
            "year": 2002,
            "quarter": 4,
            "eps": 0.1,
            "eps_growth_year": null,
            "eps_4q": 0.7,
            "eps_4q_growth_year": 389.87,
            "roe": 1.24,
            "roe_4q": 9.02,
            "gross_profit": 170824,
            "gross_margin": 22.58,
            "gross_margin_4q_avg": 22.1,
            "net_income": 20569,
            "net_income_4q": null,
            "revenue": 756561,
            "revenue_4q": null,
            "common_shares": 2300000,
            "book_valuer_per_share": 7.2,
            "book_valuer_per_share_4q_avg": 6.99,
            "equity": 1673043,
            "current_ratio": 66.92,
            "debt_ratio": 67.14,
            "inventory_turnover_ratio": 0.71,
            "account_receivable_turnover_ratio": null,
            "reinvestment_rate": -118.49,
            "research_to_sale_ratio": null,
            "price_fair": 21.26,
            "eps_avg_yearly": 0.72,
            "eps_latest_yearly": 0.4,
            "eps_growth_yearly": 19.52
        },
        "20031": {
            "year_quarter": 20031,
            "year": 2003,
            "quarter": 1,
            "eps": 0.13,
            "eps_growth_year": -7.14,
            "eps_4q": 0.68,
            "eps_4q_growth_year": 184.13,
            "roe": 1.6,
            "roe_4q": 8.69,
            "gross_profit": 117808,
            "gross_margin": 16.76,
            "gross_margin_4q_avg": 20.65,
            "net_income": 26795,
            "net_income_4q": null,
            "revenue": 703096,
            "revenue_4q": null,
            "common_shares": 2300000,
            "book_valuer_per_share": 7.32,
            "book_valuer_per_share_4q_avg": 7.14,
            "equity": 1682573,
            "current_ratio": 63.94,
            "debt_ratio": 66.8,
            "inventory_turnover_ratio": 0.69,
            "account_receivable_turnover_ratio": null,
            "reinvestment_rate": 28.84,
            "research_to_sale_ratio": null,
            "price_fair": 23.45,
            "eps_avg_yearly": 0.67,
            "eps_latest_yearly": 0.52,
            "eps_growth_yearly": 44.64
        },
        "20032": {
            "year_quarter": 20032,
            "year": 2003,
            "quarter": 2,
            "eps": 0.27,
            "eps_growth_year": 0,
            "eps_4q": 0.67,
            "eps_4q_growth_year": 63.96,
            "roe": 3.32,
            "roe_4q": 8.43,
            "gross_profit": 186473,
            "gross_margin": 21.6,
            "gross_margin_4q_avg": 20.49,
            "net_income": 56742,
            "net_income_4q": null,
            "revenue": 863396,
            "revenue_4q": null,
            "common_shares": 2300000,
            "book_valuer_per_share": 7.56,
            "book_valuer_per_share_4q_avg": 7.3,
            "equity": 1739023,
            "current_ratio": 68.74,
            "debt_ratio": 66.75,
            "inventory_turnover_ratio": 0.77,
            "account_receivable_turnover_ratio": null,
            "reinvestment_rate": -51.43,
            "research_to_sale_ratio": null,
            "price_fair": 26.32,
            "eps_avg_yearly": 0.75,
            "eps_latest_yearly": 1.08,
            "eps_growth_yearly": 121.87
        },
        "20033": {
            "year_quarter": 20033,
            "year": 2003,
            "quarter": 3,
            "eps": 0.23,
            "eps_growth_year": 35.29,
            "eps_4q": 0.73,
            "eps_4q_growth_year": 30.83,
            "roe": 2.72,
            "roe_4q": 8.88,
            "gross_profit": 145466,
            "gross_margin": 16.58,
            "gross_margin_4q_avg": 19.38,
            "net_income": 47924,
            "net_income_4q": null,
            "revenue": 877378,
            "revenue_4q": null,
            "common_shares": 2300000,
            "book_valuer_per_share": 7.76,
            "book_valuer_per_share_4q_avg": 7.46,
            "equity": 1785123,
            "current_ratio": 71.05,
            "debt_ratio": 66.46,
            "inventory_turnover_ratio": 0.75,
            "account_receivable_turnover_ratio": null,
            "reinvestment_rate": -54.17,
            "research_to_sale_ratio": null,
            "price_fair": 27.3,
            "eps_avg_yearly": 0.78,
            "eps_latest_yearly": 0.92,
            "eps_growth_yearly": 91.68
        },
        "20034": {
            "year_quarter": 20034,
            "year": 2003,
            "quarter": 4,
            "eps": 0.18,
            "eps_growth_year": 80,
            "eps_4q": 0.81,
            "eps_4q_growth_year": 15.72,
            "roe": 2.07,
            "roe_4q": 9.709999999999999,
            "gross_profit": 157512,
            "gross_margin": 18,
            "gross_margin_4q_avg": 18.24,
            "net_income": 37734,
            "net_income_4q": null,
            "revenue": 874887,
            "revenue_4q": null,
            "common_shares": 2302000,
            "book_valuer_per_share": 7.93,
            "book_valuer_per_share_4q_avg": 7.64,
            "equity": 1857425,
            "current_ratio": 111.74,
            "debt_ratio": 67.29,
            "inventory_turnover_ratio": 0.62,
            "account_receivable_turnover_ratio": null,
            "reinvestment_rate": -50.45,
            "research_to_sale_ratio": null,
            "price_fair": 27,
            "eps_avg_yearly": 0.77,
            "eps_latest_yearly": 0.72,
            "eps_growth_yearly": 66.16
        },
        "20041": {
            "year_quarter": 20041,
            "year": 2004,
            "quarter": 1,
            "eps": 0.56,
            "eps_growth_year": 330.77,
            "eps_4q": 1.23,
            "eps_4q_growth_year": 81.04,
            "roe": 6.25,
            "roe_4q": 14.360000000000001,
            "gross_profit": 227235,
            "gross_margin": 21.18,
            "gross_margin_4q_avg": 19.34,
            "net_income": 118808,
            "net_income_4q": null,
            "revenue": 1072737,
            "revenue_4q": null,
            "common_shares": 2302000,
            "book_valuer_per_share": 8.44,
            "book_valuer_per_share_4q_avg": 7.92,
            "equity": 1942039,
            "current_ratio": 119.02,
            "debt_ratio": 66.13,
            "inventory_turnover_ratio": 0.67,
            "account_receivable_turnover_ratio": null,
            "reinvestment_rate": -34.84,
            "research_to_sale_ratio": null,
            "price_fair": 33.43,
            "eps_avg_yearly": 0.96,
            "eps_latest_yearly": 2.24,
            "eps_growth_yearly": 163.45
        },
        "20042": {
            "year_quarter": 20042,
            "year": 2004,
            "quarter": 2,
            "eps": 0.61,
            "eps_growth_year": 125.93,
            "eps_4q": 1.57,
            "eps_4q_growth_year": 134.45,
            "roe": 6.44,
            "roe_4q": 17.48,
            "gross_profit": 275772,
            "gross_margin": 21.54,
            "gross_margin_4q_avg": 19.33,
            "net_income": 129830,
            "net_income_4q": null,
            "revenue": 1280243,
            "revenue_4q": null,
            "common_shares": 2302000,
            "book_valuer_per_share": 9.07,
            "book_valuer_per_share_4q_avg": 8.3,
            "equity": 2087041,
            "current_ratio": 125.35,
            "debt_ratio": 65.99,
            "inventory_turnover_ratio": 0.73,
            "account_receivable_turnover_ratio": null,
            "reinvestment_rate": -24.58,
            "research_to_sale_ratio": null,
            "price_fair": 39.2,
            "eps_avg_yearly": 1.12,
            "eps_latest_yearly": 2.44,
            "eps_growth_yearly": 149.25
        },
        "20043": {
            "year_quarter": 20043,
            "year": 2004,
            "quarter": 3,
            "eps": 0.94,
            "eps_growth_year": 308.7,
            "eps_4q": 2.29,
            "eps_4q_growth_year": 214.3,
            "roe": 9.1,
            "roe_4q": 23.86,
            "gross_profit": 368780,
            "gross_margin": 25.69,
            "gross_margin_4q_avg": 21.6,
            "net_income": 198918,
            "net_income_4q": null,
            "revenue": 1435376,
            "revenue_4q": null,
            "common_shares": 2302000,
            "book_valuer_per_share": 9.93,
            "book_valuer_per_share_4q_avg": 8.84,
            "equity": 2285600,
            "current_ratio": 132.09,
            "debt_ratio": 64.88,
            "inventory_turnover_ratio": 0.65,
            "account_receivable_turnover_ratio": null,
            "reinvestment_rate": -19.36,
            "research_to_sale_ratio": null,
            "price_fair": 48.44,
            "eps_avg_yearly": 1.38,
            "eps_latest_yearly": 3.76,
            "eps_growth_yearly": 155.97
        },
        "20044": {
            "year_quarter": 20044,
            "year": 2004,
            "quarter": 4,
            "eps": 0.8,
            "eps_growth_year": 344.44,
            "eps_4q": 2.89,
            "eps_4q_growth_year": 258.32,
            "roe": 6.54,
            "roe_4q": 28.330000000000002,
            "gross_profit": 359956,
            "gross_margin": 24.65,
            "gross_margin_4q_avg": 23.27,
            "net_income": 171150,
            "net_income_4q": null,
            "revenue": 1460073,
            "revenue_4q": null,
            "common_shares": 2438101,
            "book_valuer_per_share": 12.1,
            "book_valuer_per_share_4q_avg": 9.89,
            "equity": 2950562,
            "current_ratio": 198.14,
            "debt_ratio": 56.97,
            "inventory_turnover_ratio": 0.6,
            "account_receivable_turnover_ratio": null,
            "reinvestment_rate": -14.41,
            "research_to_sale_ratio": null,
            "price_fair": 54.22,
            "eps_avg_yearly": 1.55,
            "eps_latest_yearly": 3.2,
            "eps_growth_yearly": 136.37
        },
        "20051": {
            "year_quarter": 20051,
            "year": 2005,
            "quarter": 1,
            "eps": 0.6,
            "eps_growth_year": 7.14,
            "eps_4q": 2.64,
            "eps_4q_growth_year": 114.18,
            "roe": 4.85,
            "roe_4q": 26.930000000000003,
            "gross_profit": 333731,
            "gross_margin": 22.64,
            "gross_margin_4q_avg": 23.63,
            "net_income": 147250,
            "net_income_4q": null,
            "revenue": 1474120,
            "revenue_4q": null,
            "common_shares": 2455333,
            "book_valuer_per_share": 12.73,
            "book_valuer_per_share_4q_avg": 10.96,
            "equity": 3126695,
            "current_ratio": 186.19,
            "debt_ratio": 57.07,
            "inventory_turnover_ratio": 0.56,
            "account_receivable_turnover_ratio": null,
            "reinvestment_rate": 2.24,
            "research_to_sale_ratio": null,
            "price_fair": 56.7,
            "eps_avg_yearly": 1.62,
            "eps_latest_yearly": 2.4,
            "eps_growth_yearly": 116.68
        },
        "20052": {
            "year_quarter": 20052,
            "year": 2005,
            "quarter": 2,
            "eps": 0.88,
            "eps_growth_year": 44.26,
            "eps_4q": 2.92,
            "eps_4q_growth_year": 86.13,
            "roe": 6.95,
            "roe_4q": 27.439999999999998,
            "gross_profit": 478014,
            "gross_margin": 28.04,
            "gross_margin_4q_avg": 25.26,
            "net_income": 222769,
            "net_income_4q": null,
            "revenue": 1704879,
            "revenue_4q": null,
            "common_shares": 2463525,
            "book_valuer_per_share": 13.32,
            "book_valuer_per_share_4q_avg": 12.02,
            "equity": 3282501,
            "current_ratio": 181.51,
            "debt_ratio": 55.88,
            "inventory_turnover_ratio": 0.56,
            "account_receivable_turnover_ratio": null,
            "reinvestment_rate": 1.12,
            "research_to_sale_ratio": null,
            "price_fair": 61.82,
            "eps_avg_yearly": 1.77,
            "eps_latest_yearly": 3.52,
            "eps_growth_yearly": 122.06
        },
        "20053": {
            "year_quarter": 20053,
            "year": 2005,
            "quarter": 3,
            "eps": 1.12,
            "eps_growth_year": 19.15,
            "eps_4q": 3.25,
            "eps_4q_growth_year": 41.53,
            "roe": 8.07,
            "roe_4q": 26.409999999999997,
            "gross_profit": 521825,
            "gross_margin": 29.85,
            "gross_margin_4q_avg": 26.3,
            "net_income": 285149,
            "net_income_4q": null,
            "revenue": 1747919,
            "revenue_4q": null,
            "common_shares": 2655191,
            "book_valuer_per_share": 14.24,
            "book_valuer_per_share_4q_avg": 13.1,
            "equity": 3780588,
            "current_ratio": 182.52,
            "debt_ratio": 50.69,
            "inventory_turnover_ratio": 0.54,
            "account_receivable_turnover_ratio": null,
            "reinvestment_rate": 8.04,
            "research_to_sale_ratio": null,
            "price_fair": 68.6,
            "eps_avg_yearly": 1.96,
            "eps_latest_yearly": 4.48,
            "eps_growth_yearly": 121.13
        },
        "20054": {
            "year_quarter": 20054,
            "year": 2005,
            "quarter": 4,
            "eps": 1.07,
            "eps_growth_year": 33.75,
            "eps_4q": 3.61,
            "eps_4q_growth_year": 24.9,
            "roe": 6.67,
            "roe_4q": 26.54,
            "gross_profit": 520174,
            "gross_margin": 29.14,
            "gross_margin_4q_avg": 27.42,
            "net_income": 275753,
            "net_income_4q": null,
            "revenue": 1785094,
            "revenue_4q": null,
            "common_shares": 2719586,
            "book_valuer_per_share": 15.3,
            "book_valuer_per_share_4q_avg": 13.9,
            "equity": 4490009,
            "current_ratio": 167.86,
            "debt_ratio": 51.78,
            "inventory_turnover_ratio": 0.46,
            "account_receivable_turnover_ratio": null,
            "reinvestment_rate": 25.46,
            "research_to_sale_ratio": null,
            "price_fair": 74.01,
            "eps_avg_yearly": 2.11,
            "eps_latest_yearly": 4.28,
            "eps_growth_yearly": 111.87
        },
        "20061": {
            "year_quarter": 20061,
            "year": 2006,
            "quarter": 1,
            "eps": 0.75,
            "eps_growth_year": 25,
            "eps_4q": 3.62,
            "eps_4q_growth_year": 37.13,
            "roe": 4.52,
            "roe_4q": 26.209999999999997,
            "gross_profit": 361337,
            "gross_margin": 21.86,
            "gross_margin_4q_avg": 27.22,
            "net_income": 205067,
            "net_income_4q": null,
            "revenue": 1652945,
            "revenue_4q": null,
            "common_shares": 2801606,
            "book_valuer_per_share": 16.39,
            "book_valuer_per_share_4q_avg": 14.81,
            "equity": 4591810,
            "current_ratio": 224.78,
            "debt_ratio": 43.03,
            "inventory_turnover_ratio": 0.51,
            "account_receivable_turnover_ratio": null,
            "reinvestment_rate": 15.95,
            "research_to_sale_ratio": null,
            "price_fair": 75.95,
            "eps_avg_yearly": 2.17,
            "eps_latest_yearly": 3,
            "eps_growth_yearly": 97.4
        },
        "20062": {
            "year_quarter": 20062,
            "year": 2006,
            "quarter": 2,
            "eps": 0.73,
            "eps_growth_year": -17.05,
            "eps_4q": 3.47,
            "eps_4q_growth_year": 18.58,
            "roe": 4.56,
            "roe_4q": 23.82,
            "gross_profit": 333018,
            "gross_margin": 19.54,
            "gross_margin_4q_avg": 25.1,
            "net_income": 204304,
            "net_income_4q": null,
            "revenue": 1704325,
            "revenue_4q": null,
            "common_shares": 2898316,
            "book_valuer_per_share": 15.08,
            "book_valuer_per_share_4q_avg": 15.25,
            "equity": 4371657,
            "current_ratio": 159.59,
            "debt_ratio": 45.34,
            "inventory_turnover_ratio": 0.72,
            "account_receivable_turnover_ratio": null,
            "reinvestment_rate": 22.07,
            "research_to_sale_ratio": null,
            "price_fair": 79.98,
            "eps_avg_yearly": 2.29,
            "eps_latest_yearly": 2.92,
            "eps_growth_yearly": 73.52
        },
        "20063": {
            "year_quarter": 20063,
            "year": 2006,
            "quarter": 3,
            "eps": 0.91,
            "eps_growth_year": -18.75,
            "eps_4q": 3.34,
            "eps_4q_growth_year": 2.84,
            "roe": 5.65,
            "roe_4q": 21.4,
            "gross_profit": 425629,
            "gross_margin": 22.83,
            "gross_margin_4q_avg": 23.34,
            "net_income": 256806,
            "net_income_4q": null,
            "revenue": 1864062,
            "revenue_4q": null,
            "common_shares": 2900265,
            "book_valuer_per_share": 16.29,
            "book_valuer_per_share_4q_avg": 15.77,
            "equity": 4725584,
            "current_ratio": 179.85,
            "debt_ratio": 46.04,
            "inventory_turnover_ratio": 0.69,
            "account_receivable_turnover_ratio": null,
            "reinvestment_rate": 25.56,
            "research_to_sale_ratio": null,
            "price_fair": 86.45,
            "eps_avg_yearly": 2.47,
            "eps_latest_yearly": 3.64,
            "eps_growth_yearly": 88.94
        },
        "20064": {
            "year_quarter": 20064,
            "year": 2006,
            "quarter": 4,
            "eps": 0.99,
            "eps_growth_year": -7.48,
            "eps_4q": 3.33,
            "eps_4q_growth_year": -7.9,
            "roe": 5.39,
            "roe_4q": 20.119999999999997,
            "gross_profit": 443574,
            "gross_margin": 22.56,
            "gross_margin_4q_avg": 21.7,
            "net_income": 282221,
            "net_income_4q": null,
            "revenue": 1966313,
            "revenue_4q": null,
            "common_shares": 2953492,
            "book_valuer_per_share": 17.58,
            "book_valuer_per_share_4q_avg": 16.34,
            "equity": 5755790,
            "current_ratio": 158.47,
            "debt_ratio": 47.93,
            "inventory_turnover_ratio": 0.54,
            "account_receivable_turnover_ratio": null,
            "reinvestment_rate": 57.01,
            "research_to_sale_ratio": null,
            "price_fair": 94.24,
            "eps_avg_yearly": 2.69,
            "eps_latest_yearly": 3.96,
            "eps_growth_yearly": 101.43
        },
        "20071": {
            "year_quarter": 20071,
            "year": 2007,
            "quarter": 1,
            "eps": 0.82,
            "eps_growth_year": 9.33,
            "eps_4q": 3.33,
            "eps_4q_growth_year": -7.8,
            "roe": 4.32,
            "roe_4q": 19.92,
            "gross_profit": 433322,
            "gross_margin": 20.45,
            "gross_margin_4q_avg": 21.35,
            "net_income": 242460,
            "net_income_4q": null,
            "revenue": 2119334,
            "revenue_4q": null,
            "common_shares": 2958486,
            "book_valuer_per_share": 18.47,
            "book_valuer_per_share_4q_avg": 16.86,
            "equity": 5463437,
            "current_ratio": 150.09,
            "debt_ratio": 47.49,
            "inventory_turnover_ratio": 0.52,
            "account_receivable_turnover_ratio": null,
            "reinvestment_rate": 40.97,
            "research_to_sale_ratio": null,
            "price_fair": 100.28,
            "eps_avg_yearly": 2.87,
            "eps_latest_yearly": 3.28,
            "eps_growth_yearly": 89.64
        },
        "20072": {
            "year_quarter": 20072,
            "year": 2007,
            "quarter": 2,
            "eps": 1.18,
            "eps_growth_year": 61.64,
            "eps_4q": 3.83,
            "eps_4q_growth_year": 10.4,
            "roe": 6.56,
            "roe_4q": 21.92,
            "gross_profit": 546383,
            "gross_margin": 21.54,
            "gross_margin_4q_avg": 21.85,
            "net_income": 348303,
            "net_income_4q": null,
            "revenue": 2536468,
            "revenue_4q": null,
            "common_shares": 2958486,
            "book_valuer_per_share": 17.45,
            "book_valuer_per_share_4q_avg": 17.45,
            "equity": 5162817,
            "current_ratio": 163.52,
            "debt_ratio": 58.65,
            "inventory_turnover_ratio": 0.61,
            "account_receivable_turnover_ratio": null,
            "reinvestment_rate": 55.82,
            "research_to_sale_ratio": null,
            "price_fair": 108.24,
            "eps_avg_yearly": 3.09,
            "eps_latest_yearly": 4.72,
            "eps_growth_yearly": 73.69
        },
        "20073": {
            "year_quarter": 20073,
            "year": 2007,
            "quarter": 3,
            "eps": 1.87,
            "eps_growth_year": 105.49,
            "eps_4q": 4.82,
            "eps_4q_growth_year": 44.51,
            "roe": 10.2,
            "roe_4q": 26.47,
            "gross_profit": 601975,
            "gross_margin": 20.86,
            "gross_margin_4q_avg": 21.35,
            "net_income": 552726,
            "net_income_4q": null,
            "revenue": 2885111,
            "revenue_4q": null,
            "common_shares": 2958486,
            "book_valuer_per_share": 19.17,
            "book_valuer_per_share_4q_avg": 18.17,
            "equity": 5671644,
            "current_ratio": 175.46,
            "debt_ratio": 54.94,
            "inventory_turnover_ratio": 0.64,
            "account_receivable_turnover_ratio": null,
            "reinvestment_rate": 51.96,
            "research_to_sale_ratio": null,
            "price_fair": 122.59,
            "eps_avg_yearly": 3.5,
            "eps_latest_yearly": 7.48,
            "eps_growth_yearly": 92.02
        },
        "20074": {
            "year_quarter": 20074,
            "year": 2007,
            "quarter": 4,
            "eps": 0.48,
            "eps_growth_year": -51.52,
            "eps_4q": 4.36,
            "eps_4q_growth_year": 31.12,
            "roe": 2.28,
            "roe_4q": 23.36,
            "gross_profit": 451957,
            "gross_margin": 16.17,
            "gross_margin_4q_avg": 19.76,
            "net_income": 141387,
            "net_income_4q": null,
            "revenue": 2795207,
            "revenue_4q": null,
            "common_shares": 2997388,
            "book_valuer_per_share": 19.59,
            "book_valuer_per_share_4q_avg": 18.67,
            "equity": 6712347,
            "current_ratio": 188.73,
            "debt_ratio": 55.44,
            "inventory_turnover_ratio": 0.58,
            "account_receivable_turnover_ratio": null,
            "reinvestment_rate": 85.21,
            "research_to_sale_ratio": null,
            "price_fair": 125.21,
            "eps_avg_yearly": 3.58,
            "eps_latest_yearly": 1.92,
            "eps_growth_yearly": 78.87
        },
        "20081": {
            "year_quarter": 20081,
            "year": 2008,
            "quarter": 1,
            "eps": 0.67,
            "eps_growth_year": -18.29,
            "eps_4q": 4.4,
            "eps_4q_growth_year": 32.04,
            "roe": 2.76,
            "roe_4q": 21.799999999999997,
            "gross_profit": 521876,
            "gross_margin": 17.34,
            "gross_margin_4q_avg": 18.98,
            "net_income": 189323,
            "net_income_4q": null,
            "revenue": 3009196,
            "revenue_4q": null,
            "common_shares": 2997388,
            "book_valuer_per_share": 20.27,
            "book_valuer_per_share_4q_avg": 19.12,
            "equity": 6997053,
            "current_ratio": 199.54,
            "debt_ratio": 53.47,
            "inventory_turnover_ratio": 0.56,
            "account_receivable_turnover_ratio": null,
            "reinvestment_rate": 88.03,
            "research_to_sale_ratio": null,
            "price_fair": 126.18,
            "eps_avg_yearly": 3.61,
            "eps_latest_yearly": 2.68,
            "eps_growth_yearly": 35.99
        },
        "20082": {
            "year_quarter": 20082,
            "year": 2008,
            "quarter": 2,
            "eps": 0.34,
            "eps_growth_year": -71.19,
            "eps_4q": 3.19,
            "eps_4q_growth_year": -16.65,
            "roe": 1.63,
            "roe_4q": 16.869999999999997,
            "gross_profit": 568518,
            "gross_margin": 18.44,
            "gross_margin_4q_avg": 18.2,
            "net_income": 106157,
            "net_income_4q": null,
            "revenue": 3082477,
            "revenue_4q": null,
            "common_shares": 2997388,
            "book_valuer_per_share": 17,
            "book_valuer_per_share_4q_avg": 19.01,
            "equity": 5991342,
            "current_ratio": 113.24,
            "debt_ratio": 61.71,
            "inventory_turnover_ratio": 0.55,
            "account_receivable_turnover_ratio": null,
            "reinvestment_rate": 98.47,
            "research_to_sale_ratio": null,
            "price_fair": 111.22,
            "eps_avg_yearly": 3.54,
            "eps_latest_yearly": 1.36,
            "eps_growth_yearly": 21.44
        },
        "20083": {
            "year_quarter": 20083,
            "year": 2008,
            "quarter": 3,
            "eps": 0.8,
            "eps_growth_year": -57.22,
            "eps_4q": 2.11,
            "eps_4q_growth_year": -56.35,
            "roe": 4.24,
            "roe_4q": 10.909999999999998,
            "gross_profit": 515585,
            "gross_margin": 16.63,
            "gross_margin_4q_avg": 17.15,
            "net_income": 259275,
            "net_income_4q": null,
            "revenue": 3100779,
            "revenue_4q": null,
            "common_shares": 3019728,
            "book_valuer_per_share": 17.65,
            "book_valuer_per_share_4q_avg": 18.63,
            "equity": 6227235,
            "current_ratio": 115.16,
            "debt_ratio": 60.1,
            "inventory_turnover_ratio": 0.55,
            "account_receivable_turnover_ratio": null,
            "reinvestment_rate": 99.8,
            "research_to_sale_ratio": null,
            "price_fair": 122.59,
            "eps_avg_yearly": 3.5,
            "eps_latest_yearly": 3.2,
            "eps_growth_yearly": 41.74
        },
        "20084": {
            "year_quarter": 20084,
            "year": 2008,
            "quarter": 4,
            "eps": -0.79,
            "eps_growth_year": -264.58,
            "eps_4q": 1.09,
            "eps_4q_growth_year": -75.01,
            "roe": -4.44,
            "roe_4q": 4.1899999999999995,
            "gross_profit": -54892,
            "gross_margin": -2.48,
            "gross_margin_4q_avg": 12.48,
            "net_income": -269945,
            "net_income_4q": null,
            "revenue": 2209363,
            "revenue_4q": null,
            "common_shares": 3019728,
            "book_valuer_per_share": 16.75,
            "book_valuer_per_share_4q_avg": 17.92,
            "equity": 5919561,
            "current_ratio": 119.44,
            "debt_ratio": 60.08,
            "inventory_turnover_ratio": 0.52,
            "account_receivable_turnover_ratio": null,
            "reinvestment_rate": 118.16,
            "research_to_sale_ratio": null,
            "price_fair": 123.29,
            "eps_avg_yearly": 3.52,
            "eps_latest_yearly": 3.2,
            "eps_growth_yearly": 48.49
        },
        "20091": {
            "year_quarter": 20091,
            "year": 2009,
            "quarter": 1,
            "eps": -0.37,
            "eps_growth_year": -155.22,
            "eps_4q": -0.02,
            "eps_4q_growth_year": -100.48,
            "roe": -2.49,
            "roe_4q": -1.0600000000000005,
            "gross_profit": 6715,
            "gross_margin": 0.38,
            "gross_margin_4q_avg": 8.24,
            "net_income": -145468,
            "net_income_4q": null,
            "revenue": 1766275,
            "revenue_4q": null,
            "common_shares": 3019728,
            "book_valuer_per_share": 16.42,
            "book_valuer_per_share_4q_avg": 16.96,
            "equity": 5787264,
            "current_ratio": 115.49,
            "debt_ratio": 57.77,
            "inventory_turnover_ratio": 0.49,
            "account_receivable_turnover_ratio": 2.09,
            "reinvestment_rate": 129.05,
            "research_to_sale_ratio": null,
            "price_fair": 126.1,
            "eps_avg_yearly": 3.6,
            "eps_latest_yearly": 3.2,
            "eps_growth_yearly": 59.1
        },
        "20092": {
            "year_quarter": 20092,
            "year": 2009,
            "quarter": 2,
            "eps": -0.31,
            "eps_growth_year": -191.18,
            "eps_4q": -0.65,
            "eps_4q_growth_year": -120.3,
            "roe": -2.24,
            "roe_4q": -4.9300000000000015,
            "gross_profit": 82388,
            "gross_margin": 6.63,
            "gross_margin_4q_avg": 5.29,
            "net_income": -127830,
            "net_income_4q": null,
            "revenue": 1243072,
            "revenue_4q": null,
            "common_shares": 3019728,
            "book_valuer_per_share": 16.08,
            "book_valuer_per_share_4q_avg": 16.73,
            "equity": 5641177,
            "current_ratio": 116.26,
            "debt_ratio": 55.04,
            "inventory_turnover_ratio": 0.4,
            "account_receivable_turnover_ratio": 0.84,
            "reinvestment_rate": 148.03,
            "research_to_sale_ratio": null,
            "price_fair": 126.32,
            "eps_avg_yearly": 3.61,
            "eps_latest_yearly": 3.2,
            "eps_growth_yearly": 49.29
        },
        "20093": {
            "year_quarter": 20093,
            "year": 2009,
            "quarter": 3,
            "eps": -0.15,
            "eps_growth_year": -118.75,
            "eps_4q": -1.45,
            "eps_4q_growth_year": -169.05,
            "roe": -0.94,
            "roe_4q": -10.11,
            "gross_profit": 26960,
            "gross_margin": 2.69,
            "gross_margin_4q_avg": 1.81,
            "net_income": -53558,
            "net_income_4q": null,
            "revenue": 1002603,
            "revenue_4q": null,
            "common_shares": 3311701,
            "book_valuer_per_share": 14.48,
            "book_valuer_per_share_4q_avg": 15.93,
            "equity": 5699605,
            "current_ratio": 110.72,
            "debt_ratio": 53.75,
            "inventory_turnover_ratio": 0.38,
            "account_receivable_turnover_ratio": 0.86,
            "reinvestment_rate": 169.64,
            "research_to_sale_ratio": null,
            "price_fair": 123.78,
            "eps_avg_yearly": 3.54,
            "eps_latest_yearly": 3.2,
            "eps_growth_yearly": 44.3
        },
        "20094": {
            "year_quarter": 20094,
            "year": 2009,
            "quarter": 4,
            "eps": -0.37,
            "eps_growth_year": null,
            "eps_4q": -0.9,
            "eps_4q_growth_year": -182.34,
            "roe": -2.32,
            "roe_4q": -7.99,
            "gross_profit": -21756,
            "gross_margin": -1.79,
            "gross_margin_4q_avg": 1.98,
            "net_income": -130535,
            "net_income_4q": null,
            "revenue": 1217184,
            "revenue_4q": null,
            "common_shares": 3311701,
            "book_valuer_per_share": 14.1,
            "book_valuer_per_share_4q_avg": 15.27,
            "equity": 5542187,
            "current_ratio": 124.09,
            "debt_ratio": 55.84,
            "inventory_turnover_ratio": 0.49,
            "account_receivable_turnover_ratio": 1.15,
            "reinvestment_rate": 197.96,
            "research_to_sale_ratio": null,
            "price_fair": 121.42,
            "eps_avg_yearly": 3.47,
            "eps_latest_yearly": 3.2,
            "eps_growth_yearly": 49.95
        },
        "20101": {
            "year_quarter": 20101,
            "year": 2010,
            "quarter": 1,
            "eps": -0.08,
            "eps_growth_year": null,
            "eps_4q": -0.9,
            "eps_4q_growth_year": null,
            "roe": -0.27,
            "roe_4q": -5.77,
            "gross_profit": 171875,
            "gross_margin": 10.33,
            "gross_margin_4q_avg": 4.47,
            "net_income": -15266,
            "net_income_4q": null,
            "revenue": 1664294,
            "revenue_4q": null,
            "common_shares": 3311701,
            "book_valuer_per_share": 15.27,
            "book_valuer_per_share_4q_avg": 14.98,
            "equity": 5564149,
            "current_ratio": 134.63,
            "debt_ratio": 59.07,
            "inventory_turnover_ratio": 0.53,
            "account_receivable_turnover_ratio": 2.11,
            "reinvestment_rate": 279.17,
            "research_to_sale_ratio": 1.94,
            "price_fair": 123.06,
            "eps_avg_yearly": 3.52,
            "eps_latest_yearly": 3.2,
            "eps_growth_yearly": 66.91
        },
        "20102": {
            "year_quarter": 20102,
            "year": 2010,
            "quarter": 2,
            "eps": 0.12,
            "eps_growth_year": null,
            "eps_4q": -0.49,
            "eps_4q_growth_year": null,
            "roe": 1.42,
            "roe_4q": -2.11,
            "gross_profit": 359423,
            "gross_margin": 17.39,
            "gross_margin_4q_avg": 7.16,
            "net_income": 79574,
            "net_income_4q": null,
            "revenue": 2066413,
            "revenue_4q": null,
            "common_shares": 3316851,
            "book_valuer_per_share": 15.42,
            "book_valuer_per_share_4q_avg": 14.82,
            "equity": 5670054,
            "current_ratio": 139.95,
            "debt_ratio": 62.05,
            "inventory_turnover_ratio": 0.5,
            "account_receivable_turnover_ratio": 1.14,
            "reinvestment_rate": 314.98,
            "research_to_sale_ratio": 1.72,
            "price_fair": 125.38,
            "eps_avg_yearly": 3.58,
            "eps_latest_yearly": 3.2,
            "eps_growth_yearly": 75.53
        },
        "20103": {
            "year_quarter": 20103,
            "year": 2010,
            "quarter": 3,
            "eps": 0.45,
            "eps_growth_year": null,
            "eps_4q": 0.12,
            "eps_4q_growth_year": null,
            "roe": 2.79,
            "roe_4q": 1.62,
            "gross_profit": 391325,
            "gross_margin": 17.39,
            "gross_margin_4q_avg": 10.83,
            "net_income": 160392,
            "net_income_4q": null,
            "revenue": 2250429,
            "revenue_4q": null,
            "common_shares": 3316851,
            "book_valuer_per_share": 15.86,
            "book_valuer_per_share_4q_avg": 15.16,
            "equity": 5815304,
            "current_ratio": 138.96,
            "debt_ratio": 62.59,
            "inventory_turnover_ratio": 0.49,
            "account_receivable_turnover_ratio": 1.03,
            "reinvestment_rate": 349.52,
            "research_to_sale_ratio": 1.48,
            "price_fair": 118.22,
            "eps_avg_yearly": 3.38,
            "eps_latest_yearly": 1.8,
            "eps_growth_yearly": 186.79
        },
        "20104": {
            "year_quarter": 20104,
            "year": 2010,
            "quarter": 4,
            "eps": 0.31,
            "eps_growth_year": null,
            "eps_4q": 0.79,
            "eps_4q_growth_year": null,
            "roe": 2.06,
            "roe_4q": 6,
            "gross_profit": 420926,
            "gross_margin": 16.83,
            "gross_margin_4q_avg": 15.49,
            "net_income": 123912,
            "net_income_4q": null,
            "revenue": 2501470,
            "revenue_4q": null,
            "common_shares": 3319034,
            "book_valuer_per_share": 16.18,
            "book_valuer_per_share_4q_avg": 15.68,
            "equity": 6202088,
            "current_ratio": 144.23,
            "debt_ratio": 61.73,
            "inventory_turnover_ratio": 0.53,
            "account_receivable_turnover_ratio": 1.04,
            "reinvestment_rate": 339.86,
            "research_to_sale_ratio": 2.04,
            "price_fair": 107.64,
            "eps_avg_yearly": 3.08,
            "eps_latest_yearly": 1.24,
            "eps_growth_yearly": 169.06
        },
        "20111": {
            "year_quarter": 20111,
            "year": 2011,
            "quarter": 1,
            "eps": 0.58,
            "eps_growth_year": null,
            "eps_4q": 1.33,
            "eps_4q_growth_year": null,
            "roe": 3.74,
            "roe_4q": 10.01,
            "gross_profit": 465139,
            "gross_margin": 15.6,
            "gross_margin_4q_avg": 16.8,
            "net_income": 242506,
            "net_income_4q": null,
            "revenue": 2981075,
            "revenue_4q": null,
            "common_shares": 3319034,
            "book_valuer_per_share": 17.01,
            "book_valuer_per_share_4q_avg": 16.12,
            "equity": 6781322,
            "current_ratio": 153.93,
            "debt_ratio": 61.57,
            "inventory_turnover_ratio": 0.59,
            "account_receivable_turnover_ratio": 1.05,
            "reinvestment_rate": 404.18,
            "research_to_sale_ratio": 1.09,
            "price_fair": 103.91,
            "eps_avg_yearly": 2.97,
            "eps_latest_yearly": 2.32,
            "eps_growth_yearly": 215.4
        },
        "20112": {
            "year_quarter": 20112,
            "year": 2011,
            "quarter": 2,
            "eps": 0.57,
            "eps_growth_year": 376.17,
            "eps_4q": 1.73,
            "eps_4q_growth_year": null,
            "roe": 3.52,
            "roe_4q": 12.11,
            "gross_profit": 547116,
            "gross_margin": 17.01,
            "gross_margin_4q_avg": 16.71,
            "net_income": 244581,
            "net_income_4q": null,
            "revenue": 3216699,
            "revenue_4q": null,
            "common_shares": 3503274,
            "book_valuer_per_share": 17.92,
            "book_valuer_per_share_4q_avg": 16.74,
            "equity": 7118240,
            "current_ratio": 144.42,
            "debt_ratio": 61.22,
            "inventory_turnover_ratio": 0.58,
            "account_receivable_turnover_ratio": 1.03,
            "reinvestment_rate": 459.98,
            "research_to_sale_ratio": 1.33,
            "price_fair": 94.42,
            "eps_avg_yearly": 2.7,
            "eps_latest_yearly": 2.28,
            "eps_growth_yearly": 195.12
        },
        "20113": {
            "year_quarter": 20113,
            "year": 2011,
            "quarter": 3,
            "eps": 0.75,
            "eps_growth_year": 65.76,
            "eps_4q": 2.03,
            "eps_4q_growth_year": 1652.6,
            "roe": 4.29,
            "roe_4q": 13.610000000000001,
            "gross_profit": 641880,
            "gross_margin": 18.62,
            "gross_margin_4q_avg": 17.02,
            "net_income": 329850,
            "net_income_4q": null,
            "revenue": 3448054,
            "revenue_4q": null,
            "common_shares": 3830214,
            "book_valuer_per_share": 18.52,
            "book_valuer_per_share_4q_avg": 17.41,
            "equity": 8241689,
            "current_ratio": 162.26,
            "debt_ratio": 56.57,
            "inventory_turnover_ratio": 0.62,
            "account_receivable_turnover_ratio": 1.11,
            "reinvestment_rate": 649.37,
            "research_to_sale_ratio": 1.58,
            "price_fair": 77,
            "eps_avg_yearly": 2.2,
            "eps_latest_yearly": 3,
            "eps_growth_yearly": 183.17
        },
        "20114": {
            "year_quarter": 20114,
            "year": 2011,
            "quarter": 4,
            "eps": 0.7,
            "eps_growth_year": 128.39,
            "eps_4q": 2.53,
            "eps_4q_growth_year": 221.87,
            "roe": 3.03,
            "roe_4q": 14.58,
            "gross_profit": 528230,
            "gross_margin": 16.61,
            "gross_margin_4q_avg": 16.96,
            "net_income": 257457,
            "net_income_4q": null,
            "revenue": 3180766,
            "revenue_4q": null,
            "common_shares": 3919762,
            "book_valuer_per_share": 19.21,
            "book_valuer_per_share_4q_avg": 18.17,
            "equity": 8726447,
            "current_ratio": 175.23,
            "debt_ratio": 53.82,
            "inventory_turnover_ratio": 0.64,
            "account_receivable_turnover_ratio": 1.02,
            "reinvestment_rate": 508.88,
            "research_to_sale_ratio": 1.49,
            "price_fair": 80.42,
            "eps_avg_yearly": 2.3,
            "eps_latest_yearly": 2.8,
            "eps_growth_yearly": 213.24
        },
        "20121": {
            "year_quarter": 20121,
            "year": 2012,
            "quarter": 1,
            "eps": 0.73,
            "eps_growth_year": 25.86,
            "eps_4q": 2.76,
            "eps_4q_growth_year": 107.93,
            "roe": 3.33,
            "roe_4q": 14.169999999999998,
            "gross_profit": 614937,
            "gross_margin": 20.46,
            "gross_margin_4q_avg": 18.18,
            "net_income": 296879,
            "net_income_4q": null,
            "revenue": 3005170,
            "revenue_4q": null,
            "common_shares": 3950727,
            "book_valuer_per_share": 18.96,
            "book_valuer_per_share_4q_avg": 18.65,
            "equity": 9091728,
            "current_ratio": 142.1,
            "debt_ratio": 53.35,
            "inventory_turnover_ratio": 0.59,
            "account_receivable_turnover_ratio": 0.98,
            "reinvestment_rate": 507.11,
            "research_to_sale_ratio": 1.23,
            "price_fair": 81.36,
            "eps_avg_yearly": 2.32,
            "eps_latest_yearly": 2.92,
            "eps_growth_yearly": 197.56
        },
        "20122": {
            "year_quarter": 20122,
            "year": 2012,
            "quarter": 2,
            "eps": 0.59,
            "eps_growth_year": 2.69,
            "eps_4q": 2.63,
            "eps_4q_growth_year": 52.47,
            "roe": 2.57,
            "roe_4q": 13.219999999999999,
            "gross_profit": 647910,
            "gross_margin": 20.62,
            "gross_margin_4q_avg": 19.08,
            "net_income": 233874,
            "net_income_4q": null,
            "revenue": 3142014,
            "revenue_4q": null,
            "common_shares": 3988981,
            "book_valuer_per_share": 19.53,
            "book_valuer_per_share_4q_avg": 19.06,
            "equity": 9127752,
            "current_ratio": 143.05,
            "debt_ratio": 54.33,
            "inventory_turnover_ratio": 0.61,
            "account_receivable_turnover_ratio": 1,
            "reinvestment_rate": 450.97,
            "research_to_sale_ratio": 2.49,
            "price_fair": 85.24,
            "eps_avg_yearly": 2.44,
            "eps_latest_yearly": 2.36,
            "eps_growth_yearly": 210.92
        },
        "20123": {
            "year_quarter": 20123,
            "year": 2012,
            "quarter": 3,
            "eps": 0.3,
            "eps_growth_year": -59.66,
            "eps_4q": 2.2,
            "eps_4q_growth_year": 8.37,
            "roe": 1.11,
            "roe_4q": 10.04,
            "gross_profit": 407358,
            "gross_margin": 13.5,
            "gross_margin_4q_avg": 17.8,
            "net_income": 103119,
            "net_income_4q": null,
            "revenue": 3017368,
            "revenue_4q": null,
            "common_shares": 4257388,
            "book_valuer_per_share": 19,
            "book_valuer_per_share_4q_avg": 19.18,
            "equity": 9397288,
            "current_ratio": 155.7,
            "debt_ratio": 51.71,
            "inventory_turnover_ratio": 0.67,
            "account_receivable_turnover_ratio": 0.99,
            "reinvestment_rate": 497.52,
            "research_to_sale_ratio": 1.41,
            "price_fair": 77.47,
            "eps_avg_yearly": 2.21,
            "eps_latest_yearly": 1.2,
            "eps_growth_yearly": 128.95
        },
        "20124": {
            "year_quarter": 20124,
            "year": 2012,
            "quarter": 4,
            "eps": 0.01,
            "eps_growth_year": -99.07,
            "eps_4q": 1.58,
            "eps_4q_growth_year": -37.68,
            "roe": -0.3,
            "roe_4q": 6.71,
            "gross_profit": 236171,
            "gross_margin": 10.56,
            "gross_margin_4q_avg": 16.29,
            "net_income": -28107,
            "net_income_4q": null,
            "revenue": 2237059,
            "revenue_4q": null,
            "common_shares": 4257657,
            "book_valuer_per_share": 18.81,
            "book_valuer_per_share_4q_avg": 19.08,
            "equity": 9255766,
            "current_ratio": 188.3,
            "debt_ratio": 51.42,
            "inventory_turnover_ratio": 0.54,
            "account_receivable_turnover_ratio": 0.79,
            "reinvestment_rate": 409.1,
            "research_to_sale_ratio": 1.33,
            "price_fair": 69.86,
            "eps_avg_yearly": 2,
            "eps_latest_yearly": 0.04,
            "eps_growth_yearly": 77.38
        },
        "20131": {
            "year_quarter": 20131,
            "year": 2013,
            "quarter": 1,
            "eps": 0.05,
            "eps_growth_year": -93.15,
            "eps_4q": 0.94,
            "eps_4q_growth_year": -65.77,
            "roe": -0.04,
            "roe_4q": 3.34,
            "gross_profit": 245561,
            "gross_margin": 10.37,
            "gross_margin_4q_avg": 13.76,
            "net_income": -3922,
            "net_income_4q": null,
            "revenue": 2368894,
            "revenue_4q": null,
            "common_shares": 4257657,
            "book_valuer_per_share": 18.73,
            "book_valuer_per_share_4q_avg": 19.02,
            "equity": 9182773,
            "current_ratio": 177.9,
            "debt_ratio": 52.39,
            "inventory_turnover_ratio": 0.56,
            "account_receivable_turnover_ratio": 0.98,
            "reinvestment_rate": 223.25,
            "research_to_sale_ratio": 1.7,
            "price_fair": 64.15,
            "eps_avg_yearly": 1.83,
            "eps_latest_yearly": 0.2,
            "eps_growth_yearly": 215.8
        },
        "20132": {
            "year_quarter": 20132,
            "year": 2013,
            "quarter": 2,
            "eps": 0.2,
            "eps_growth_year": -66.04,
            "eps_4q": 0.55,
            "eps_4q_growth_year": -79.04,
            "roe": 0.62,
            "roe_4q": 1.3900000000000001,
            "gross_profit": 343174,
            "gross_margin": 12.27,
            "gross_margin_4q_avg": 11.68,
            "net_income": 56394,
            "net_income_4q": null,
            "revenue": 2796447,
            "revenue_4q": null,
            "common_shares": 4257657,
            "book_valuer_per_share": 18.49,
            "book_valuer_per_share_4q_avg": 18.76,
            "equity": 8921926,
            "current_ratio": 155.13,
            "debt_ratio": 53.48,
            "inventory_turnover_ratio": 0.65,
            "account_receivable_turnover_ratio": 1.31,
            "reinvestment_rate": 197.31,
            "research_to_sale_ratio": 1.56,
            "price_fair": 61.13,
            "eps_avg_yearly": 1.75,
            "eps_latest_yearly": 0.8,
            "eps_growth_yearly": 297.82
        },
        "20133": {
            "year_quarter": 20133,
            "year": 2013,
            "quarter": 3,
            "eps": 0.17,
            "eps_growth_year": -43.93,
            "eps_4q": 0.43,
            "eps_4q_growth_year": -80.3,
            "roe": 0.58,
            "roe_4q": 0.8599999999999999,
            "gross_profit": 334957,
            "gross_margin": 12.18,
            "gross_margin_4q_avg": 11.35,
            "net_income": 51550,
            "net_income_4q": null,
            "revenue": 2749883,
            "revenue_4q": null,
            "common_shares": 4469624,
            "book_valuer_per_share": 17.75,
            "book_valuer_per_share_4q_avg": 18.45,
            "equity": 8965920,
            "current_ratio": 176.61,
            "debt_ratio": 53,
            "inventory_turnover_ratio": 0.67,
            "account_receivable_turnover_ratio": 1.25,
            "reinvestment_rate": 187.82,
            "research_to_sale_ratio": 1.57,
            "price_fair": 58.26,
            "eps_avg_yearly": 1.66,
            "eps_latest_yearly": 0.68,
            "eps_growth_yearly": 270.3
        },
        "20134": {
            "year_quarter": 20134,
            "year": 2013,
            "quarter": 4,
            "eps": 0.21,
            "eps_growth_year": 3062.62,
            "eps_4q": 0.63,
            "eps_4q_growth_year": -59.9,
            "roe": 0.78,
            "roe_4q": 1.94,
            "gross_profit": 334529,
            "gross_margin": 11.9,
            "gross_margin_4q_avg": 11.68,
            "net_income": 69852,
            "net_income_4q": null,
            "revenue": 2809991,
            "revenue_4q": null,
            "common_shares": 4469624,
            "book_valuer_per_share": 17.9,
            "book_valuer_per_share_4q_avg": 18.22,
            "equity": 9017551,
            "current_ratio": 174.44,
            "debt_ratio": 53.38,
            "inventory_turnover_ratio": 0.69,
            "account_receivable_turnover_ratio": 1.24,
            "reinvestment_rate": 157.23,
            "research_to_sale_ratio": 1.15,
            "price_fair": 56.2,
            "eps_avg_yearly": 1.61,
            "eps_latest_yearly": 0.84,
            "eps_growth_yearly": 257.71
        },
        "20141": {
            "year_quarter": 20141,
            "year": 2014,
            "quarter": 1,
            "eps": 0.26,
            "eps_growth_year": 420,
            "eps_4q": 0.85,
            "eps_4q_growth_year": -10.26,
            "roe": 1.08,
            "roe_4q": 3.06,
            "gross_profit": 396287,
            "gross_margin": 13.97,
            "gross_margin_4q_avg": 12.58,
            "net_income": 98444,
            "net_income_4q": null,
            "revenue": 2836146,
            "revenue_4q": null,
            "common_shares": 4506156,
            "book_valuer_per_share": 18.24,
            "book_valuer_per_share_4q_avg": 18.1,
            "equity": 9217015,
            "current_ratio": 181.61,
            "debt_ratio": 52.35,
            "inventory_turnover_ratio": 0.66,
            "account_receivable_turnover_ratio": 1.25,
            "reinvestment_rate": 108.15,
            "research_to_sale_ratio": 1.87,
            "price_fair": 54.88,
            "eps_avg_yearly": 1.57,
            "eps_latest_yearly": 1.04,
            "eps_growth_yearly": 246.88
        },
        "20142": {
            "year_quarter": 20142,
            "year": 2014,
            "quarter": 2,
            "eps": 0.34,
            "eps_growth_year": 70,
            "eps_4q": 0.99,
            "eps_4q_growth_year": 79.28,
            "roe": 1.59,
            "roe_4q": 4.03,
            "gross_profit": 510978,
            "gross_margin": 16.22,
            "gross_margin_4q_avg": 13.57,
            "net_income": 145803,
            "net_income_4q": null,
            "revenue": 3149386,
            "revenue_4q": null,
            "common_shares": 4506156,
            "book_valuer_per_share": 18.03,
            "book_valuer_per_share_4q_avg": 17.98,
            "equity": 9110919,
            "current_ratio": 163.86,
            "debt_ratio": 54.1,
            "inventory_turnover_ratio": 0.68,
            "account_receivable_turnover_ratio": 1.33,
            "reinvestment_rate": 87.94,
            "research_to_sale_ratio": 1.83,
            "price_fair": 54.43,
            "eps_avg_yearly": 1.56,
            "eps_latest_yearly": 1.36,
            "eps_growth_yearly": 239.14
        },
        "20143": {
            "year_quarter": 20143,
            "year": 2014,
            "quarter": 3,
            "eps": 0.35,
            "eps_growth_year": 105.88,
            "eps_4q": 1.18,
            "eps_4q_growth_year": 172.68,
            "roe": 1.74,
            "roe_4q": 5.19,
            "gross_profit": 517891,
            "gross_margin": 16.49,
            "gross_margin_4q_avg": 14.65,
            "net_income": 161733,
            "net_income_4q": null,
            "revenue": 3139923,
            "revenue_4q": null,
            "common_shares": 4506156,
            "book_valuer_per_share": 18.44,
            "book_valuer_per_share_4q_avg": 18.15,
            "equity": 9480158,
            "current_ratio": 169.7,
            "debt_ratio": 53.91,
            "inventory_turnover_ratio": 0.61,
            "account_receivable_turnover_ratio": 1.25,
            "reinvestment_rate": 75.08,
            "research_to_sale_ratio": 1.59,
            "price_fair": 53.55,
            "eps_avg_yearly": 1.53,
            "eps_latest_yearly": 1.4,
            "eps_growth_yearly": 171.13
        },
        "20144": {
            "year_quarter": 20144,
            "year": 2014,
            "quarter": 4,
            "eps": 0.48,
            "eps_growth_year": 135.1,
            "eps_4q": 1.46,
            "eps_4q_growth_year": 130.84,
            "roe": 2.3,
            "roe_4q": 6.71,
            "gross_profit": 528901,
            "gross_margin": 17.3,
            "gross_margin_4q_avg": 16,
            "net_income": 220712,
            "net_income_4q": null,
            "revenue": 3057659,
            "revenue_4q": null,
            "common_shares": 4506156,
            "book_valuer_per_share": 19.04,
            "book_valuer_per_share_4q_avg": 18.44,
            "equity": 9749535,
            "current_ratio": 165.01,
            "debt_ratio": 51.75,
            "inventory_turnover_ratio": 0.56,
            "account_receivable_turnover_ratio": 1.2,
            "reinvestment_rate": 77.72,
            "research_to_sale_ratio": 1.48,
            "price_fair": 55.04,
            "eps_avg_yearly": 1.57,
            "eps_latest_yearly": 1.92,
            "eps_growth_yearly": 188.19
        },
        "20151": {
            "year_quarter": 20151,
            "year": 2015,
            "quarter": 1,
            "eps": 0.5,
            "eps_growth_year": 92.31,
            "eps_4q": 1.7,
            "eps_4q_growth_year": 99.93,
            "roe": 2.23,
            "roe_4q": 7.859999999999999,
            "gross_profit": 602155,
            "gross_margin": 19.63,
            "gross_margin_4q_avg": 17.41,
            "net_income": 219793,
            "net_income_4q": null,
            "revenue": 3067362,
            "revenue_4q": null,
            "common_shares": 4506156,
            "book_valuer_per_share": 19.5,
            "book_valuer_per_share_4q_avg": 18.75,
            "equity": 9953766,
            "current_ratio": 172.7,
            "debt_ratio": 50.99,
            "inventory_turnover_ratio": 0.55,
            "account_receivable_turnover_ratio": 1.16,
            "reinvestment_rate": 53.59,
            "research_to_sale_ratio": 0.87,
            "price_fair": 54.34,
            "eps_avg_yearly": 1.55,
            "eps_latest_yearly": 2,
            "eps_growth_yearly": 167.46
        },
        "20152": {
            "year_quarter": 20152,
            "year": 2015,
            "quarter": 2,
            "eps": 0.4,
            "eps_growth_year": 17.65,
            "eps_4q": 1.76,
            "eps_4q_growth_year": 77.36,
            "roe": 1.83,
            "roe_4q": 8.1,
            "gross_profit": 526145,
            "gross_margin": 17.56,
            "gross_margin_4q_avg": 17.75,
            "net_income": 180511,
            "net_income_4q": null,
            "revenue": 2996141,
            "revenue_4q": null,
            "common_shares": 4506156,
            "book_valuer_per_share": 19.08,
            "book_valuer_per_share_4q_avg": 19.02,
            "equity": 9806282,
            "current_ratio": 155.68,
            "debt_ratio": 51.41,
            "inventory_turnover_ratio": 0.56,
            "account_receivable_turnover_ratio": 1.12,
            "reinvestment_rate": 24.04,
            "research_to_sale_ratio": 1.45,
            "price_fair": 52.85,
            "eps_avg_yearly": 1.51,
            "eps_latest_yearly": 1.6,
            "eps_growth_yearly": 162.89
        },
        "20153": {
            "year_quarter": 20153,
            "year": 2015,
            "quarter": 3,
            "eps": 0.61,
            "eps_growth_year": 74.29,
            "eps_4q": 2.02,
            "eps_4q_growth_year": 71.19,
            "roe": 2.59,
            "roe_4q": 8.95,
            "gross_profit": 477829,
            "gross_margin": 18.15,
            "gross_margin_4q_avg": 18.16,
            "net_income": 257896,
            "net_income_4q": null,
            "revenue": 2632137,
            "revenue_4q": null,
            "common_shares": 4506156,
            "book_valuer_per_share": 19.8,
            "book_valuer_per_share_4q_avg": 19.36,
            "equity": 10086015,
            "current_ratio": 171.54,
            "debt_ratio": 48.01,
            "inventory_turnover_ratio": 0.51,
            "account_receivable_turnover_ratio": 1.07,
            "reinvestment_rate": -7.58,
            "research_to_sale_ratio": 0.93,
            "price_fair": 51.63,
            "eps_avg_yearly": 1.48,
            "eps_latest_yearly": 2.44,
            "eps_growth_yearly": 168.12
        },
        "20154": {
            "year_quarter": 20154,
            "year": 2015,
            "quarter": 4,
            "eps": 0.07,
            "eps_growth_year": -86.01,
            "eps_4q": 1.6,
            "eps_4q_growth_year": 9.59,
            "roe": -0.45,
            "roe_4q": 6.199999999999999,
            "gross_profit": 212382,
            "gross_margin": 9.8,
            "gross_margin_4q_avg": 16.29,
            "net_income": -44879,
            "net_income_4q": null,
            "revenue": 2167220,
            "revenue_4q": null,
            "common_shares": 4487846,
            "book_valuer_per_share": 19.86,
            "book_valuer_per_share_4q_avg": 19.56,
            "equity": 10048973,
            "current_ratio": 164.98,
            "debt_ratio": 45.23,
            "inventory_turnover_ratio": 0.52,
            "account_receivable_turnover_ratio": 1.02,
            "reinvestment_rate": -39.93,
            "research_to_sale_ratio": 1.41,
            "price_fair": 46.11,
            "eps_avg_yearly": 1.32,
            "eps_latest_yearly": 0.28,
            "eps_growth_yearly": 147.66
        },
        "20161": {
            "year_quarter": 20161,
            "year": 2016,
            "quarter": 1,
            "eps": 0.04,
            "eps_growth_year": -92,
            "eps_4q": 1.13,
            "eps_4q_growth_year": -33.21,
            "roe": 0.06,
            "roe_4q": 4.029999999999999,
            "gross_profit": 271495,
            "gross_margin": 13.54,
            "gross_margin_4q_avg": 14.76,
            "net_income": 6156,
            "net_income_4q": null,
            "revenue": 2005497,
            "revenue_4q": null,
            "common_shares": 4487846,
            "book_valuer_per_share": 19.85,
            "book_valuer_per_share_4q_avg": 19.65,
            "equity": 10032842,
            "current_ratio": 279.88,
            "debt_ratio": 45.13,
            "inventory_turnover_ratio": 0.52,
            "account_receivable_turnover_ratio": 1.09,
            "reinvestment_rate": -82.43,
            "research_to_sale_ratio": 1.53,
            "price_fair": 40.08,
            "eps_avg_yearly": 1.15,
            "eps_latest_yearly": 0.16,
            "eps_growth_yearly": 135.87
        },
        "20162": {
            "year_quarter": 20162,
            "year": 2016,
            "quarter": 2,
            "eps": 0.17,
            "eps_growth_year": -57.5,
            "eps_4q": 0.87,
            "eps_4q_growth_year": -50.38,
            "roe": 0.89,
            "roe_4q": 3.09,
            "gross_profit": 351908,
            "gross_margin": 16.28,
            "gross_margin_4q_avg": 14.44,
            "net_income": 88335,
            "net_income_4q": null,
            "revenue": 2161560,
            "revenue_4q": null,
            "common_shares": 4487846,
            "book_valuer_per_share": 19.4,
            "book_valuer_per_share_4q_avg": 19.73,
            "equity": 9804695,
            "current_ratio": 285.72,
            "debt_ratio": 47.86,
            "inventory_turnover_ratio": 0.53,
            "account_receivable_turnover_ratio": 1.16,
            "reinvestment_rate": -114.99,
            "research_to_sale_ratio": 1.64,
            "price_fair": 36.4,
            "eps_avg_yearly": 1.04,
            "eps_latest_yearly": 0.68,
            "eps_growth_yearly": 221.91
        },
        "20163": {
            "year_quarter": 20163,
            "year": 2016,
            "quarter": 3,
            "eps": 0.18,
            "eps_growth_year": -70.49,
            "eps_4q": 0.46,
            "eps_4q_growth_year": -77.17,
            "roe": 0.9,
            "roe_4q": 1.4000000000000001,
            "gross_profit": 392993,
            "gross_margin": 17.02,
            "gross_margin_4q_avg": 14.16,
            "net_income": 87450,
            "net_income_4q": null,
            "revenue": 2308749,
            "revenue_4q": null,
            "common_shares": 4667360,
            "book_valuer_per_share": 18.76,
            "book_valuer_per_share_4q_avg": 19.47,
            "equity": 9691700,
            "current_ratio": 241.45,
            "debt_ratio": 48.86,
            "inventory_turnover_ratio": 0.52,
            "account_receivable_turnover_ratio": 1.15,
            "reinvestment_rate": -125.85,
            "research_to_sale_ratio": 0.99,
            "price_fair": 35.35,
            "eps_avg_yearly": 1.01,
            "eps_latest_yearly": 0.72,
            "eps_growth_yearly": 235.67
        },
        "20164": {
            "year_quarter": 20164,
            "year": 2016,
            "quarter": 4,
            "eps": 0.32,
            "eps_growth_year": 369.74,
            "eps_4q": 0.71,
            "eps_4q_growth_year": -55.42,
            "roe": 1.51,
            "roe_4q": 3.3600000000000003,
            "gross_profit": 404772,
            "gross_margin": 17.87,
            "gross_margin_4q_avg": 16.18,
            "net_income": 147566,
            "net_income_4q": null,
            "revenue": 2265709,
            "revenue_4q": null,
            "common_shares": 4667360,
            "book_valuer_per_share": 18.98,
            "book_valuer_per_share_4q_avg": 19.25,
            "equity": 9793649,
            "current_ratio": 276.27,
            "debt_ratio": 47.45,
            "inventory_turnover_ratio": 0.48,
            "account_receivable_turnover_ratio": 1.12,
            "reinvestment_rate": -139.8,
            "research_to_sale_ratio": 1.19,
            "price_fair": 38.06,
            "eps_avg_yearly": 1.09,
            "eps_latest_yearly": 1.28,
            "eps_growth_yearly": 279.28
        },
        "20171": {
            "year_quarter": 20171,
            "year": 2017,
            "quarter": 1,
            "eps": 0.07,
            "eps_growth_year": 75,
            "eps_4q": 0.81,
            "eps_4q_growth_year": -28.82,
            "roe": 0.25,
            "roe_4q": 3.5500000000000003,
            "gross_profit": 371358,
            "gross_margin": 17.25,
            "gross_margin_4q_avg": 17.11,
            "net_income": 23829,
            "net_income_4q": null,
            "revenue": 2152396,
            "revenue_4q": null,
            "common_shares": 4667360,
            "book_valuer_per_share": 19.59,
            "book_valuer_per_share_4q_avg": 19.18,
            "equity": 8946826,
            "current_ratio": 189.44,
            "debt_ratio": 53.43,
            "inventory_turnover_ratio": 0.45,
            "account_receivable_turnover_ratio": 1.09,
            "reinvestment_rate": -25.44,
            "research_to_sale_ratio": 1.5,
            "price_fair": 38.24,
            "eps_avg_yearly": 1.09,
            "eps_latest_yearly": 0.28,
            "eps_growth_yearly": 159.75
        },
        "20172": {
            "year_quarter": 20172,
            "year": 2017,
            "quarter": 2,
            "eps": 0.15,
            "eps_growth_year": -11.76,
            "eps_4q": 0.77,
            "eps_4q_growth_year": -11.07,
            "roe": 0.69,
            "roe_4q": 3.35,
            "gross_profit": 326752,
            "gross_margin": 13.96,
            "gross_margin_4q_avg": 16.53,
            "net_income": 61704,
            "net_income_4q": null,
            "revenue": 2340314,
            "revenue_4q": null,
            "common_shares": 4667360,
            "book_valuer_per_share": 19.54,
            "book_valuer_per_share_4q_avg": 19.22,
            "equity": 8956772,
            "current_ratio": 216.32,
            "debt_ratio": 54.32,
            "inventory_turnover_ratio": 0.48,
            "account_receivable_turnover_ratio": 1.2,
            "reinvestment_rate": -37.77,
            "research_to_sale_ratio": 1.52,
            "price_fair": 37.8,
            "eps_avg_yearly": 1.08,
            "eps_latest_yearly": 0.6,
            "eps_growth_yearly": 113.32
        },
        "20173": {
            "year_quarter": 20173,
            "year": 2017,
            "quarter": 3,
            "eps": 0.1,
            "eps_growth_year": -44.44,
            "eps_4q": 0.68,
            "eps_4q_growth_year": 47.29,
            "roe": 0.46,
            "roe_4q": 2.91,
            "gross_profit": 294956,
            "gross_margin": 12.33,
            "gross_margin_4q_avg": 15.35,
            "net_income": 41260,
            "net_income_4q": null,
            "revenue": 2391308,
            "revenue_4q": null,
            "common_shares": 4667360,
            "book_valuer_per_share": 19.63,
            "book_valuer_per_share_4q_avg": 19.44,
            "equity": 9050880,
            "current_ratio": 192.13,
            "debt_ratio": 53.35,
            "inventory_turnover_ratio": 0.49,
            "account_receivable_turnover_ratio": 1.2,
            "reinvestment_rate": -55.73,
            "research_to_sale_ratio": 0.91,
            "price_fair": 37.19,
            "eps_avg_yearly": 1.06,
            "eps_latest_yearly": 0.4,
            "eps_growth_yearly": 108.74
        },
        "20174": {
            "year_quarter": 20174,
            "year": 2017,
            "quarter": 4,
            "eps": 0.01,
            "eps_growth_year": -95.71,
            "eps_4q": 0.35,
            "eps_4q_growth_year": -50.85,
            "roe": -0.02,
            "roe_4q": 1.38,
            "gross_profit": 238566,
            "gross_margin": 10.45,
            "gross_margin_4q_avg": 13.5,
            "net_income": -1679,
            "net_income_4q": null,
            "revenue": 2282901,
            "revenue_4q": null,
            "common_shares": 4667360,
            "book_valuer_per_share": 19.66,
            "book_valuer_per_share_4q_avg": 19.61,
            "equity": 9054815,
            "current_ratio": 205.19,
            "debt_ratio": 51.71,
            "inventory_turnover_ratio": 0.47,
            "account_receivable_turnover_ratio": 1.15,
            "reinvestment_rate": -62.67,
            "research_to_sale_ratio": 1.12,
            "price_fair": 35.44,
            "eps_avg_yearly": 1.01,
            "eps_latest_yearly": 0.04,
            "eps_growth_yearly": 80.36
        },
        "20181": {
            "year_quarter": 20181,
            "year": 2018,
            "quarter": 1,
            "eps": 0.05,
            "eps_growth_year": -28.57,
            "eps_4q": 0.33,
            "eps_4q_growth_year": -59.5,
            "roe": 0.14,
            "roe_4q": 1.27,
            "gross_profit": 305977,
            "gross_margin": 13.11,
            "gross_margin_4q_avg": 12.46,
            "net_income": 12665,
            "net_income_4q": null,
            "revenue": 2333144,
            "revenue_4q": null,
            "common_shares": 4667360,
            "book_valuer_per_share": 19.7,
            "book_valuer_per_share_4q_avg": 19.63,
            "equity": 9124737,
            "current_ratio": 184.62,
            "debt_ratio": 51.24,
            "inventory_turnover_ratio": 0.44,
            "account_receivable_turnover_ratio": 1.2,
            "reinvestment_rate": -77.86,
            "research_to_sale_ratio": 1.22,
            "price_fair": 33.6,
            "eps_avg_yearly": 0.96,
            "eps_latest_yearly": 0.2,
            "eps_growth_yearly": 174.41
        },
        "20182": {
            "year_quarter": 20182,
            "year": 2018,
            "quarter": 2,
            "eps": 0.12,
            "eps_growth_year": -20,
            "eps_4q": 0.3,
            "eps_4q_growth_year": -61.24,
            "roe": 0.7,
            "roe_4q": 1.28,
            "gross_profit": 351453,
            "gross_margin": 13.83,
            "gross_margin_4q_avg": 12.43,
            "net_income": 62579,
            "net_income_4q": null,
            "revenue": 2540423,
            "revenue_4q": null,
            "common_shares": 4667360,
            "book_valuer_per_share": 19.3,
            "book_valuer_per_share_4q_avg": 19.57,
            "equity": 8657586,
            "current_ratio": 156.25,
            "debt_ratio": 55.5,
            "inventory_turnover_ratio": 0.47,
            "account_receivable_turnover_ratio": 1.28,
            "reinvestment_rate": -61.03,
            "research_to_sale_ratio": 1.42,
            "price_fair": 31.68,
            "eps_avg_yearly": 0.91,
            "eps_latest_yearly": 0.48,
            "eps_growth_yearly": 201.71
        },
        "20183": {
            "year_quarter": 20183,
            "year": 2018,
            "quarter": 3,
            "eps": 0.2,
            "eps_growth_year": 100,
            "eps_4q": 0.41,
            "eps_4q_growth_year": -39.63,
            "roe": 1.1,
            "roe_4q": 1.92,
            "gross_profit": 436862,
            "gross_margin": 16.1,
            "gross_margin_4q_avg": 13.37,
            "net_income": 95394,
            "net_income_4q": null,
            "revenue": 2713813,
            "revenue_4q": null,
            "common_shares": 4667360,
            "book_valuer_per_share": 19.44,
            "book_valuer_per_share_4q_avg": 19.53,
            "equity": 8692244,
            "current_ratio": 132.97,
            "debt_ratio": 56.87,
            "inventory_turnover_ratio": 0.48,
            "account_receivable_turnover_ratio": 1.28,
            "reinvestment_rate": -67,
            "research_to_sale_ratio": 1.66,
            "price_fair": 30.36,
            "eps_avg_yearly": 0.87,
            "eps_latest_yearly": 0.8,
            "eps_growth_yearly": 217.65
        },
        "20184": {
            "year_quarter": 20184,
            "year": 2018,
            "quarter": 4,
            "eps": 0.19,
            "eps_growth_year": 1317.8,
            "eps_4q": 0.59,
            "eps_4q_growth_year": 68.45,
            "roe": 0.82,
            "roe_4q": 2.7600000000000002,
            "gross_profit": 385320,
            "gross_margin": 14.33,
            "gross_margin_4q_avg": 14.34,
            "net_income": 71710,
            "net_income_4q": null,
            "revenue": 2688760,
            "revenue_4q": null,
            "common_shares": 4667360,
            "book_valuer_per_share": 19.66,
            "book_valuer_per_share_4q_avg": 19.53,
            "equity": 8753546,
            "current_ratio": 132.19,
            "debt_ratio": 56.24,
            "inventory_turnover_ratio": 0.47,
            "account_receivable_turnover_ratio": 1.26,
            "reinvestment_rate": -88.49,
            "research_to_sale_ratio": 1.34,
            "price_fair": 27.83,
            "eps_avg_yearly": 0.8,
            "eps_latest_yearly": 0.76,
            "eps_growth_yearly": 207.11
        },
        "20191": {
            "year_quarter": 20191,
            "year": 2019,
            "quarter": 1,
            "eps": 0.19,
            "eps_growth_year": 280,
            "eps_4q": 0.73,
            "eps_4q_growth_year": 123.24,
            "roe": 0.85,
            "roe_4q": 3.4699999999999998,
            "gross_profit": 403886,
            "gross_margin": 15.59,
            "gross_margin_4q_avg": 14.96,
            "net_income": 75344,
            "net_income_4q": null,
            "revenue": 2591078,
            "revenue_4q": null,
            "common_shares": 4667360,
            "book_valuer_per_share": 19.87,
            "book_valuer_per_share_4q_avg": 19.57,
            "equity": 8907459,
            "current_ratio": 167.26,
            "debt_ratio": 55.8,
            "inventory_turnover_ratio": 0.44,
            "account_receivable_turnover_ratio": 1.24,
            "reinvestment_rate": -119.02,
            "research_to_sale_ratio": 1.33,
            "price_fair": 25.11,
            "eps_avg_yearly": 0.72,
            "eps_latest_yearly": 0.76,
            "eps_growth_yearly": 206.07
        },
        "20192": {
            "year_quarter": 20192,
            "year": 2019,
            "quarter": 2,
            "eps": 0.31,
            "eps_growth_year": 158.33,
            "eps_4q": 0.93,
            "eps_4q_growth_year": 210.6,
            "roe": 1.5,
            "roe_4q": 4.27,
            "gross_profit": 473499,
            "gross_margin": 17.04,
            "gross_margin_4q_avg": 15.77,
            "net_income": 133104,
            "net_income_4q": null,
            "revenue": 2779078,
            "revenue_4q": null,
            "common_shares": 4667360,
            "book_valuer_per_share": 19.66,
            "book_valuer_per_share_4q_avg": 19.66,
            "equity": 8813276,
            "current_ratio": 158.32,
            "debt_ratio": 57.45,
            "inventory_turnover_ratio": 0.45,
            "account_receivable_turnover_ratio": 1.32,
            "reinvestment_rate": -120.5,
            "research_to_sale_ratio": 1.49,
            "price_fair": 24.33,
            "eps_avg_yearly": 0.7,
            "eps_latest_yearly": 1.24,
            "eps_growth_yearly": 226.86
        },
        "20193": {
            "year_quarter": 20193,
            "year": 2019,
            "quarter": 3,
            "eps": 0.13,
            "eps_growth_year": -35,
            "eps_4q": 0.85,
            "eps_4q_growth_year": 107.75,
            "roe": 0.62,
            "roe_4q": 3.79,
            "gross_profit": 373942,
            "gross_margin": 13.83,
            "gross_margin_4q_avg": 15.2,
            "net_income": 54432,
            "net_income_4q": null,
            "revenue": 2704378,
            "revenue_4q": null,
            "common_shares": 4667360,
            "book_valuer_per_share": 19.64,
            "book_valuer_per_share_4q_avg": 19.71,
            "equity": 8861653,
            "current_ratio": 166.87,
            "debt_ratio": 56.13,
            "inventory_turnover_ratio": 0.45,
            "account_receivable_turnover_ratio": 1.31,
            "reinvestment_rate": -132.02,
            "research_to_sale_ratio": 1.11,
            "price_fair": 20.13,
            "eps_avg_yearly": 0.58,
            "eps_latest_yearly": 0.52,
            "eps_growth_yearly": 199.22
        },
        "20194": {
            "year_quarter": 20194,
            "year": 2019,
            "quarter": 4,
            "eps": 0.01,
            "eps_growth_year": -93.98,
            "eps_4q": 0.67,
            "eps_4q_growth_year": 13.7,
            "roe": -0.09,
            "roe_4q": 2.8800000000000003,
            "gross_profit": 287548,
            "gross_margin": 11.56,
            "gross_margin_4q_avg": 14.51,
            "net_income": -8379,
            "net_income_4q": null,
            "revenue": 2487200,
            "revenue_4q": null,
            "common_shares": 4667360,
            "book_valuer_per_share": 19.55,
            "book_valuer_per_share_4q_avg": 19.68,
            "equity": 8798156,
            "current_ratio": 243.01,
            "debt_ratio": 56,
            "inventory_turnover_ratio": 0.44,
            "account_receivable_turnover_ratio": 1.29,
            "reinvestment_rate": -134.91,
            "research_to_sale_ratio": 1.25,
            "price_fair": 19.6,
            "eps_avg_yearly": 0.56,
            "eps_latest_yearly": 0.04,
            "eps_growth_yearly": 198.27
        },
        "20201": {
            "year_quarter": 20201,
            "year": 2020,
            "quarter": 1,
            "eps": 0.04,
            "eps_growth_year": -78.95,
            "eps_4q": 0.52,
            "eps_4q_growth_year": -28.75,
            "roe": 0.24,
            "roe_4q": 2.27,
            "gross_profit": 303214,
            "gross_margin": 13.38,
            "gross_margin_4q_avg": 13.95,
            "net_income": 20716,
            "net_income_4q": null,
            "revenue": 2265955,
            "revenue_4q": null,
            "common_shares": 4667360,
            "book_valuer_per_share": 19.01,
            "book_valuer_per_share_4q_avg": 19.47,
            "equity": 8529172,
            "current_ratio": 190.53,
            "debt_ratio": 58.73,
            "inventory_turnover_ratio": 0.41,
            "account_receivable_turnover_ratio": 1.23,
            "reinvestment_rate": -109.61,
            "research_to_sale_ratio": 0.78,
            "price_fair": 19.6,
            "eps_avg_yearly": 0.56,
            "eps_latest_yearly": 0.16,
            "eps_growth_yearly": 283.98
        },
        "20202": {
            "year_quarter": 20202,
            "year": 2020,
            "quarter": 2,
            "eps": 0.21,
            "eps_growth_year": -32.26,
            "eps_4q": 0.42,
            "eps_4q_growth_year": -55.05,
            "roe": 1.14,
            "roe_4q": 1.9099999999999997,
            "gross_profit": 334470,
            "gross_margin": 16.99,
            "gross_margin_4q_avg": 13.94,
            "net_income": 97441,
            "net_income_4q": null,
            "revenue": 1968877,
            "revenue_4q": null,
            "common_shares": 4667360,
            "book_valuer_per_share": 19.28,
            "book_valuer_per_share_4q_avg": 19.37,
            "equity": 8520036,
            "current_ratio": 230.66,
            "debt_ratio": 58.48,
            "inventory_turnover_ratio": 0.34,
            "account_receivable_turnover_ratio": 1.15,
            "reinvestment_rate": -90.03,
            "research_to_sale_ratio": 1.16,
            "price_fair": 19.95,
            "eps_avg_yearly": 0.57,
            "eps_latest_yearly": 0.84,
            "eps_growth_yearly": 308.98
        },
        "20203": {
            "year_quarter": 20203,
            "year": 2020,
            "quarter": 3,
            "eps": 0.02,
            "eps_growth_year": -84.62,
            "eps_4q": 0.31,
            "eps_4q_growth_year": -64.16,
            "roe": 0.34,
            "roe_4q": 1.63,
            "gross_profit": 221777,
            "gross_margin": 12.23,
            "gross_margin_4q_avg": 13.54,
            "net_income": 28795,
            "net_income_4q": null,
            "revenue": 1814019,
            "revenue_4q": null,
            "common_shares": 4667360,
            "book_valuer_per_share": 19.36,
            "book_valuer_per_share_4q_avg": 19.3,
            "equity": 8571361,
            "current_ratio": 243.83,
            "debt_ratio": 57.48,
            "inventory_turnover_ratio": 0.35,
            "account_receivable_turnover_ratio": 1.15,
            "reinvestment_rate": -87.08,
            "research_to_sale_ratio": 1.2,
            "price_fair": 18.55,
            "eps_avg_yearly": 0.53,
            "eps_latest_yearly": 0.08,
            "eps_growth_yearly": 284.9
        },
        "20204": {
            "year_quarter": 20204,
            "year": 2020,
            "quarter": 4,
            "eps": 0.24,
            "eps_growth_year": 1936.81,
            "eps_4q": 0.53,
            "eps_4q_growth_year": -20.89,
            "roe": 1.28,
            "roe_4q": 3,
            "gross_profit": 231268,
            "gross_margin": 14.53,
            "gross_margin_4q_avg": 14.28,
            "net_income": 110959,
            "net_income_4q": null,
            "revenue": 1591646,
            "revenue_4q": null,
            "common_shares": 4667360,
            "book_valuer_per_share": 19.82,
            "book_valuer_per_share_4q_avg": 19.37,
            "equity": 8771693,
            "current_ratio": 230.16,
            "debt_ratio": 57.21,
            "inventory_turnover_ratio": 0.3,
            "account_receivable_turnover_ratio": 1.05,
            "reinvestment_rate": -78.15,
            "research_to_sale_ratio": 0.95,
            "price_fair": 17.85,
            "eps_avg_yearly": 0.51,
            "eps_latest_yearly": 0.96,
            "eps_growth_yearly": 540.45
        },
        "20211": {
            "year_quarter": 20211,
            "year": 2021,
            "quarter": 1,
            "eps": 0.34,
            "eps_growth_year": 750,
            "eps_4q": 0.85,
            "eps_4q_growth_year": 63.01,
            "roe": 1.77,
            "roe_4q": 4.529999999999999,
            "gross_profit": 369834,
            "gross_margin": 20.93,
            "gross_margin_4q_avg": 16.17,
            "net_income": 157733,
            "net_income_4q": null,
            "revenue": 1766647,
            "revenue_4q": null,
            "common_shares": 4667360,
            "book_valuer_per_share": 19.71,
            "book_valuer_per_share_4q_avg": 19.54,
            "equity": 9019813,
            "current_ratio": 224.04,
            "debt_ratio": 56.98,
            "inventory_turnover_ratio": 0.3,
            "account_receivable_turnover_ratio": 1.15,
            "reinvestment_rate": -63.58,
            "research_to_sale_ratio": 0.91,
            "price_fair": 20.21,
            "eps_avg_yearly": 0.58,
            "eps_latest_yearly": 1.36,
            "eps_growth_yearly": 570.4
        },
        "20212": {
            "year_quarter": 20212,
            "year": 2021,
            "quarter": 2,
            "eps": 0.36,
            "eps_growth_year": 71.43,
            "eps_4q": 0.97,
            "eps_4q_growth_year": 130.94,
            "roe": 1.97,
            "roe_4q": 5.36,
            "gross_profit": 541512,
            "gross_margin": 26.89,
            "gross_margin_4q_avg": 18.65,
            "net_income": 183183,
            "net_income_4q": null,
            "revenue": 2013748,
            "revenue_4q": null,
            "common_shares": 4567360,
            "book_valuer_per_share": 19.63,
            "book_valuer_per_share_4q_avg": 19.63,
            "equity": 9600859,
            "current_ratio": 226.33,
            "debt_ratio": 55.93,
            "inventory_turnover_ratio": 0.29,
            "account_receivable_turnover_ratio": 1.22,
            "reinvestment_rate": -53.09,
            "research_to_sale_ratio": 0.75,
            "price_fair": 22.05,
            "eps_avg_yearly": 0.63,
            "eps_latest_yearly": 1.44,
            "eps_growth_yearly": 543.3
        },
        "20213": {
            "year_quarter": 20213,
            "year": 2021,
            "quarter": 3,
            "eps": 0.45,
            "eps_growth_year": 2150,
            "eps_4q": 1.37,
            "eps_4q_growth_year": 350.12,
            "roe": 2.48,
            "roe_4q": 7.500000000000001,
            "gross_profit": 658643,
            "gross_margin": 26.96,
            "gross_margin_4q_avg": 22.33,
            "net_income": 234301,
            "net_income_4q": null,
            "revenue": 2443219,
            "revenue_4q": null,
            "common_shares": 4567360,
            "book_valuer_per_share": 19.82,
            "book_valuer_per_share_4q_avg": 19.75,
            "equity": 9286230,
            "current_ratio": 198.63,
            "debt_ratio": 55.22,
            "inventory_turnover_ratio": 0.35,
            "account_receivable_turnover_ratio": 1.27,
            "reinvestment_rate": -92.5,
            "research_to_sale_ratio": 0.52,
            "price_fair": 25.11,
            "eps_avg_yearly": 0.72,
            "eps_latest_yearly": 1.8,
            "eps_growth_yearly": 557.88
        },
        "20214": {
            "year_quarter": 20214,
            "year": 2021,
            "quarter": 4,
            "eps": 0.56,
            "eps_growth_year": 134.44,
            "eps_4q": 1.71,
            "eps_4q_growth_year": 221.81,
            "roe": 2.79,
            "roe_4q": 9.01,
            "gross_profit": 768781,
            "gross_margin": 30.18,
            "gross_margin_4q_avg": 26.24,
            "net_income": 262083,
            "net_income_4q": null,
            "revenue": 2547330,
            "revenue_4q": null,
            "common_shares": 4567360,
            "book_valuer_per_share": 20.35,
            "book_valuer_per_share_4q_avg": 19.88,
            "equity": 9511094,
            "current_ratio": 199.65,
            "debt_ratio": 57.04,
            "inventory_turnover_ratio": 0.35,
            "account_receivable_turnover_ratio": 1.21,
            "reinvestment_rate": -78.42,
            "research_to_sale_ratio": 0.45,
            "price_fair": 29.93,
            "eps_avg_yearly": 0.86,
            "eps_latest_yearly": 2.24,
            "eps_growth_yearly": 586.49
        },
        "20221": {
            "year_quarter": 20221,
            "year": 2022,
            "quarter": 1,
            "eps": 0.77,
            "eps_growth_year": 126.47,
            "eps_4q": 2.16,
            "eps_4q_growth_year": 155.47,
            "roe": 3.91,
            "roe_4q": 11.15,
            "gross_profit": 838943,
            "gross_margin": 31.74,
            "gross_margin_4q_avg": 28.94,
            "net_income": 368294,
            "net_income_4q": null,
            "revenue": 2643362,
            "revenue_4q": null,
            "common_shares": 4567360,
            "book_valuer_per_share": 19.84,
            "book_valuer_per_share_4q_avg": 19.91,
            "equity": 9327339,
            "current_ratio": 180.58,
            "debt_ratio": 58.83,
            "inventory_turnover_ratio": 0.33,
            "account_receivable_turnover_ratio": 1.17,
            "reinvestment_rate": -53.37,
            "research_to_sale_ratio": 0.34,
            "price_fair": 36.23,
            "eps_avg_yearly": 1.04,
            "eps_latest_yearly": 3.08,
            "eps_growth_yearly": 495.87
        },
        "20222": {
            "year_quarter": 20222,
            "year": 2022,
            "quarter": 2,
            "eps": 1.23,
            "eps_growth_year": 241.67,
            "eps_4q": 3.05,
            "eps_4q_growth_year": 214.94,
            "roe": 6.01,
            "roe_4q": 15.190000000000001,
            "gross_profit": 1083770,
            "gross_margin": 34.57,
            "gross_margin_4q_avg": 30.86,
            "net_income": 575177,
            "net_income_4q": null,
            "revenue": 3134983,
            "revenue_4q": null,
            "common_shares": 4567360,
            "book_valuer_per_share": 21,
            "book_valuer_per_share_4q_avg": 20.25,
            "equity": 9804159,
            "current_ratio": 172.21,
            "debt_ratio": 58.05,
            "inventory_turnover_ratio": 0.36,
            "account_receivable_turnover_ratio": 1.21,
            "reinvestment_rate": -66.54,
            "research_to_sale_ratio": 0.4,
            "price_fair": 45.94,
            "eps_avg_yearly": 1.31,
            "eps_latest_yearly": 4.92,
            "eps_growth_yearly": 475.8
        },
        "20223": {
            "year_quarter": 20223,
            "year": 2022,
            "quarter": 3,
            "eps": 1.26,
            "eps_growth_year": 180,
            "eps_4q": 3.86,
            "eps_4q_growth_year": 181.43,
            "roe": 5.75,
            "roe_4q": 18.46,
            "gross_profit": 1019578,
            "gross_margin": 31.31,
            "gross_margin_4q_avg": 31.95,
            "net_income": 584809,
            "net_income_4q": null,
            "revenue": 3256175,
            "revenue_4q": null,
            "common_shares": 4567360,
            "book_valuer_per_share": 22.62,
            "book_valuer_per_share_4q_avg": 20.95,
            "equity": 10535934,
            "current_ratio": 264.86,
            "debt_ratio": 56.87,
            "inventory_turnover_ratio": 0.38,
            "account_receivable_turnover_ratio": 1.17,
            "reinvestment_rate": -52.36,
            "research_to_sale_ratio": 0.29,
            "price_fair": 55.21,
            "eps_avg_yearly": 1.58,
            "eps_latest_yearly": 5.04,
            "eps_growth_yearly": 459.75
        },
        "20224": {
            "year_quarter": 20224,
            "year": 2022,
            "quarter": 4,
            "eps": 1.27,
            "eps_growth_year": 128.48,
            "eps_4q": 4.57,
            "eps_4q_growth_year": 167.68,
            "roe": 5.26,
            "roe_4q": 20.93,
            "gross_profit": 1013339,
            "gross_margin": 30.42,
            "gross_margin_4q_avg": 32.01,
            "net_income": 569735,
            "net_income_4q": null,
            "revenue": 3330797,
            "revenue_4q": null,
            "common_shares": 4571224,
            "book_valuer_per_share": 23.87,
            "book_valuer_per_share_4q_avg": 21.83,
            "equity": 11132280,
            "current_ratio": 244.58,
            "debt_ratio": 55.93,
            "inventory_turnover_ratio": 0.37,
            "account_receivable_turnover_ratio": 1.24,
            "reinvestment_rate": -48.72,
            "research_to_sale_ratio": 0.27,
            "price_fair": 64.66,
            "eps_avg_yearly": 1.85,
            "eps_latest_yearly": 5.08,
            "eps_growth_yearly": 461.19
        },
        "20231": {
            "year_quarter": 20231,
            "year": 2023,
            "quarter": 1,
            "eps": 1.2,
            "eps_growth_year": 55.84,
            "eps_4q": 4.58,
            "eps_4q_growth_year": 111.72,
            "roe": 4.76,
            "roe_4q": 21.78,
            "gross_profit": 927513,
            "gross_margin": 27.96,
            "gross_margin_4q_avg": 31.07,
            "net_income": 578493,
            "net_income_4q": null,
            "revenue": 3317519,
            "revenue_4q": null,
            "common_shares": 5019660,
            "book_valuer_per_share": 25.8,
            "book_valuer_per_share_4q_avg": 23.32,
            "equity": 13156343,
            "current_ratio": 227.84,
            "debt_ratio": 48.48,
            "inventory_turnover_ratio": 0.36,
            "account_receivable_turnover_ratio": 1.32,
            "reinvestment_rate": -25.87,
            "research_to_sale_ratio": 0.17,
            "price_fair": 73.5,
            "eps_avg_yearly": 2.1,
            "eps_latest_yearly": 4.8,
            "eps_growth_yearly": 459.82
        },
        "20232": {
            "year_quarter": 20232,
            "year": 2023,
            "quarter": 2,
            "eps": 1.2,
            "eps_growth_year": -2.44,
            "eps_4q": 4.43,
            "eps_4q_growth_year": 45.44,
            "roe": 4.64,
            "roe_4q": 20.409999999999997,
            "gross_profit": 991487,
            "gross_margin": 27.38,
            "gross_margin_4q_avg": 29.27,
            "net_income": 615892,
            "net_income_4q": null,
            "revenue": 3621638,
            "revenue_4q": null,
            "common_shares": 5229496,
            "book_valuer_per_share": 24.95,
            "book_valuer_per_share_4q_avg": 24.31,
            "equity": 13409605,
            "current_ratio": 183.54,
            "debt_ratio": 46.3,
            "inventory_turnover_ratio": 0.39,
            "account_receivable_turnover_ratio": 1.36,
            "reinvestment_rate": -22.35,
            "research_to_sale_ratio": 0.13,
            "price_fair": 81.29,
            "eps_avg_yearly": 2.32,
            "eps_latest_yearly": 4.8,
            "eps_growth_yearly": 444.03
        },
        "20233": {
            "year_quarter": 20233,
            "year": 2023,
            "quarter": 3,
            "eps": 1,
            "eps_growth_year": -20.63,
            "eps_4q": 4.33,
            "eps_4q_growth_year": 11.95,
            "roe": 3.83,
            "roe_4q": 18.49,
            "gross_profit": 935605,
            "gross_margin": 28.4,
            "gross_margin_4q_avg": 28.54,
            "net_income": 530759,
            "net_income_4q": null,
            "revenue": 3294891,
            "revenue_4q": null,
            "common_shares": 5298234,
            "book_valuer_per_share": 26.59,
            "book_valuer_per_share_4q_avg": 25.3,
            "equity": 14302854,
            "current_ratio": 500.68,
            "debt_ratio": 52.01,
            "inventory_turnover_ratio": 0.35,
            "account_receivable_turnover_ratio": 1.13,
            "reinvestment_rate": -28.5,
            "research_to_sale_ratio": 0.31,
            "price_fair": 88.9,
            "eps_avg_yearly": 2.54,
            "eps_latest_yearly": 4,
            "eps_growth_yearly": 454.38
        },
        "20234": {
            "year_quarter": 20234,
            "year": 2023,
            "quarter": 4,
            "eps": 1.26,
            "eps_growth_year": -1.36,
            "eps_4q": 4.45,
            "eps_4q_growth_year": -2.81,
            "roe": 4.53,
            "roe_4q": 17.759999999999998,
            "gross_profit": 790045,
            "gross_margin": 24,
            "gross_margin_4q_avg": 26.94,
            "net_income": 670107,
            "net_income_4q": null,
            "revenue": 3291203,
            "revenue_4q": null,
            "common_shares": 5395512,
            "book_valuer_per_share": 27.83,
            "book_valuer_per_share_4q_avg": 26.29,
            "equity": 15261269,
            "current_ratio": 522.63,
            "debt_ratio": 49.43,
            "inventory_turnover_ratio": 0.38,
            "account_receivable_turnover_ratio": 1.19,
            "reinvestment_rate": -12.7,
            "research_to_sale_ratio": 0.17,
            "price_fair": 99.84,
            "eps_avg_yearly": 2.85,
            "eps_latest_yearly": 5.04,
            "eps_growth_yearly": 483.95
        }
    },
    "months": {
        "2001-06": {
            "month": "2001-06",
            "price": "3.23",
            "revenue": 214061
        },
        "2001-07": {
            "month": "2001-07",
            "price": "2.73",
            "revenue": 221909
        },
        "2001-08": {
            "month": "2001-08",
            "price": "3.04",
            "revenue": 210113
        },
        "2001-09": {
            "month": "2001-09",
            "price": "2.97",
            "revenue": 177418
        },
        "2001-10": {
            "month": "2001-10",
            "price": "2.85",
            "revenue": 272690
        },
        "2001-11": {
            "month": "2001-11",
            "price": "2.52",
            "revenue": 210843
        },
        "2001-12": {
            "month": "2001-12",
            "price": "2.77",
            "revenue": 223558
        },
        "2002-01": {
            "month": "2002-01",
            "price": "4.69",
            "revenue": 266887
        },
        "2002-02": {
            "month": "2002-02",
            "price": "4.72",
            "revenue": 249521
        },
        "2002-03": {
            "month": "2002-03",
            "price": "5.40",
            "revenue": 250577
        },
        "2002-04": {
            "month": "2002-04",
            "price": "6.34",
            "revenue": 266449
        },
        "2002-05": {
            "month": "2002-05",
            "price": "6.47",
            "revenue": 273758
        },
        "2002-06": {
            "month": "2002-06",
            "price": "6.94",
            "revenue": 271978
        },
        "2002-07": {
            "month": "2002-07",
            "price": "6.49",
            "revenue": 251500
        },
        "2002-08": {
            "month": "2002-08",
            "price": "5.93",
            "revenue": 247356
        },
        "2002-09": {
            "month": "2002-09",
            "price": "5.04",
            "revenue": 241147
        },
        "2002-10": {
            "month": "2002-10",
            "price": "4.49",
            "revenue": 266565
        },
        "2002-11": {
            "month": "2002-11",
            "price": "6.22",
            "revenue": 249202
        },
        "2002-12": {
            "month": "2002-12",
            "price": "7.42",
            "revenue": 240858
        },
        "2003-01": {
            "month": "2003-01",
            "price": "8.83",
            "revenue": 245506
        },
        "2003-02": {
            "month": "2003-02",
            "price": "9.56",
            "revenue": 187467
        },
        "2003-03": {
            "month": "2003-03",
            "price": "7.63",
            "revenue": 270122
        },
        "2003-04": {
            "month": "2003-04",
            "price": "7.30",
            "revenue": 312407
        },
        "2003-05": {
            "month": "2003-05",
            "price": "6.36",
            "revenue": 288700
        },
        "2003-06": {
            "month": "2003-06",
            "price": "6.88",
            "revenue": 262289
        },
        "2003-07": {
            "month": "2003-07",
            "price": "7.19",
            "revenue": 289917
        },
        "2003-08": {
            "month": "2003-08",
            "price": "7.00",
            "revenue": 293695
        },
        "2003-09": {
            "month": "2003-09",
            "price": "6.95",
            "revenue": 293767
        },
        "2003-10": {
            "month": "2003-10",
            "price": "7.40",
            "revenue": 312051
        },
        "2003-11": {
            "month": "2003-11",
            "price": "7.60",
            "revenue": 287588
        },
        "2003-12": {
            "month": "2003-12",
            "price": "8.05",
            "revenue": 275479
        },
        "2004-01": {
            "month": "2004-01",
            "price": "8.89",
            "revenue": 345712
        },
        "2004-02": {
            "month": "2004-02",
            "price": "10.66",
            "revenue": 354178
        },
        "2004-03": {
            "month": "2004-03",
            "price": "14.28",
            "revenue": 372849
        },
        "2004-04": {
            "month": "2004-04",
            "price": "14.65",
            "revenue": 392462
        },
        "2004-05": {
            "month": "2004-05",
            "price": "13.46",
            "revenue": 430420
        },
        "2004-06": {
            "month": "2004-06",
            "price": "13.24",
            "revenue": 457361
        },
        "2004-07": {
            "month": "2004-07",
            "price": "13.72",
            "revenue": 466210
        },
        "2004-08": {
            "month": "2004-08",
            "price": "13.63",
            "revenue": 479822
        },
        "2004-09": {
            "month": "2004-09",
            "price": "16.78",
            "revenue": 489344
        },
        "2004-10": {
            "month": "2004-10",
            "price": "18.24",
            "revenue": 502597
        },
        "2004-11": {
            "month": "2004-11",
            "price": "17.67",
            "revenue": 500124
        },
        "2004-12": {
            "month": "2004-12",
            "price": "18.88",
            "revenue": 457351
        },
        "2005-01": {
            "month": "2005-01",
            "price": "17.55",
            "revenue": 505559
        },
        "2005-02": {
            "month": "2005-02",
            "price": "17.80",
            "revenue": 432042
        },
        "2005-03": {
            "month": "2005-03",
            "price": "18.30",
            "revenue": 536518
        },
        "2005-04": {
            "month": "2005-04",
            "price": "17.37",
            "revenue": 549124
        },
        "2005-05": {
            "month": "2005-05",
            "price": "16.30",
            "revenue": 568643
        },
        "2005-06": {
            "month": "2005-06",
            "price": "17.11",
            "revenue": 587113
        },
        "2005-07": {
            "month": "2005-07",
            "price": "16.76",
            "revenue": 601843
        },
        "2005-08": {
            "month": "2005-08",
            "price": "18.08",
            "revenue": 572799
        },
        "2005-09": {
            "month": "2005-09",
            "price": "19.14",
            "revenue": 573277
        },
        "2005-10": {
            "month": "2005-10",
            "price": "18.00",
            "revenue": 581154
        },
        "2005-11": {
            "month": "2005-11",
            "price": "18.21",
            "revenue": 609751
        },
        "2005-12": {
            "month": "2005-12",
            "price": "19.52",
            "revenue": 600162
        },
        "2006-01": {
            "month": "2006-01",
            "price": "21.10",
            "revenue": 563832
        },
        "2006-02": {
            "month": "2006-02",
            "price": "22.78",
            "revenue": 474407
        },
        "2006-03": {
            "month": "2006-03",
            "price": "22.25",
            "revenue": 614707
        },
        "2006-04": {
            "month": "2006-04",
            "price": "27.40",
            "revenue": 549868
        },
        "2006-05": {
            "month": "2006-05",
            "price": "29.97",
            "revenue": 580643
        },
        "2006-06": {
            "month": "2006-06",
            "price": "28.25",
            "revenue": 573813
        },
        "2006-07": {
            "month": "2006-07",
            "price": "27.89",
            "revenue": 606661
        },
        "2006-08": {
            "month": "2006-08",
            "price": "29.44",
            "revenue": 622671
        },
        "2006-09": {
            "month": "2006-09",
            "price": "37.47",
            "revenue": 634729
        },
        "2006-10": {
            "month": "2006-10",
            "price": "43.40",
            "revenue": 643158
        },
        "2006-11": {
            "month": "2006-11",
            "price": "45.90",
            "revenue": 651879
        },
        "2006-12": {
            "month": "2006-12",
            "price": "47.41",
            "revenue": 671931
        },
        "2007-01": {
            "month": "2007-01",
            "price": "48.75",
            "revenue": 720681
        },
        "2007-02": {
            "month": "2007-02",
            "price": "52.06",
            "revenue": 664859
        },
        "2007-03": {
            "month": "2007-03",
            "price": "50.91",
            "revenue": 733794
        },
        "2007-04": {
            "month": "2007-04",
            "price": "50.71",
            "revenue": 823356
        },
        "2007-05": {
            "month": "2007-05",
            "price": "53.55",
            "revenue": 801297
        },
        "2007-06": {
            "month": "2007-06",
            "price": "53.44",
            "revenue": 911815
        },
        "2007-07": {
            "month": "2007-07",
            "price": "58.25",
            "revenue": 971486
        },
        "2007-08": {
            "month": "2007-08",
            "price": "60.98",
            "revenue": 950880
        },
        "2007-09": {
            "month": "2007-09",
            "price": "67.77",
            "revenue": 962745
        },
        "2007-10": {
            "month": "2007-10",
            "price": "66.28",
            "revenue": 963318
        },
        "2007-11": {
            "month": "2007-11",
            "price": "58.56",
            "revenue": 904949
        },
        "2007-12": {
            "month": "2007-12",
            "price": "54.60",
            "revenue": 929319
        },
        "2008-01": {
            "month": "2008-01",
            "price": "48.28",
            "revenue": 955893
        },
        "2008-02": {
            "month": "2008-02",
            "price": "46.80",
            "revenue": 801381
        },
        "2008-03": {
            "month": "2008-03",
            "price": "47.55",
            "revenue": 910272
        },
        "2008-04": {
            "month": "2008-04",
            "price": "48.98",
            "revenue": 902366
        },
        "2008-05": {
            "month": "2008-05",
            "price": "47.14",
            "revenue": 908261
        },
        "2008-06": {
            "month": "2008-06",
            "price": "40.91",
            "revenue": 937178
        },
        "2008-07": {
            "month": "2008-07",
            "price": "33.24",
            "revenue": 985707
        },
        "2008-08": {
            "month": "2008-08",
            "price": "31.31",
            "revenue": 1004867
        },
        "2008-09": {
            "month": "2008-09",
            "price": "26.28",
            "revenue": 901361
        },
        "2008-10": {
            "month": "2008-10",
            "price": "13.72",
            "revenue": 651704
        },
        "2008-11": {
            "month": "2008-11",
            "price": "12.92",
            "revenue": 571139
        },
        "2008-12": {
            "month": "2008-12",
            "price": "10.99",
            "revenue": 622653
        },
        "2009-01": {
            "month": "2009-01",
            "price": "12.11",
            "revenue": 455701
        },
        "2009-02": {
            "month": "2009-02",
            "price": "11.98",
            "revenue": 485111
        },
        "2009-03": {
            "month": "2009-03",
            "price": "12.91",
            "revenue": 502679
        },
        "2009-04": {
            "month": "2009-04",
            "price": "16.28",
            "revenue": 369070
        },
        "2009-05": {
            "month": "2009-05",
            "price": "19.38",
            "revenue": 333622
        },
        "2009-06": {
            "month": "2009-06",
            "price": "20.20",
            "revenue": 281032
        },
        "2009-07": {
            "month": "2009-07",
            "price": "18.99",
            "revenue": 264426
        },
        "2009-08": {
            "month": "2009-08",
            "price": "18.32",
            "revenue": 250299
        },
        "2009-09": {
            "month": "2009-09",
            "price": "16.98",
            "revenue": 280180
        },
        "2009-10": {
            "month": "2009-10",
            "price": "16.58",
            "revenue": 282790
        },
        "2009-11": {
            "month": "2009-11",
            "price": "15.87",
            "revenue": 316825
        },
        "2009-12": {
            "month": "2009-12",
            "price": "18.54",
            "revenue": 349748
        },
        "2010-01": {
            "month": "2010-01",
            "price": "20.40",
            "revenue": 501861
        },
        "2010-02": {
            "month": "2010-02",
            "price": "19.16",
            "revenue": 405474
        },
        "2010-03": {
            "month": "2010-03",
            "price": "22.08",
            "revenue": 508479
        },
        "2010-04": {
            "month": "2010-04",
            "price": "23.54",
            "revenue": 603276
        },
        "2010-05": {
            "month": "2010-05",
            "price": "19.48",
            "revenue": 606963
        },
        "2010-06": {
            "month": "2010-06",
            "price": "18.32",
            "revenue": 616906
        },
        "2010-07": {
            "month": "2010-07",
            "price": "16.96",
            "revenue": 630240
        },
        "2010-08": {
            "month": "2010-08",
            "price": "19.74",
            "revenue": 634769
        },
        "2010-09": {
            "month": "2010-09",
            "price": "20.35",
            "revenue": 651209
        },
        "2010-10": {
            "month": "2010-10",
            "price": "22.12",
            "revenue": 700238
        },
        "2010-11": {
            "month": "2010-11",
            "price": "22.71",
            "revenue": 708484
        },
        "2010-12": {
            "month": "2010-12",
            "price": "25.21",
            "revenue": 701637
        },
        "2011-01": {
            "month": "2011-01",
            "price": "26.35",
            "revenue": 999894
        },
        "2011-02": {
            "month": "2011-02",
            "price": "29.95",
            "revenue": 606139
        },
        "2011-03": {
            "month": "2011-03",
            "price": "31.00",
            "revenue": 1003930
        },
        "2011-04": {
            "month": "2011-04",
            "price": "31.38",
            "revenue": 850362
        },
        "2011-05": {
            "month": "2011-05",
            "price": "36.40",
            "revenue": 871336
        },
        "2011-06": {
            "month": "2011-06",
            "price": "34.05",
            "revenue": 911065
        },
        "2011-07": {
            "month": "2011-07",
            "price": "34.61",
            "revenue": 1013947
        },
        "2011-08": {
            "month": "2011-08",
            "price": "30.45",
            "revenue": 1024701
        },
        "2011-09": {
            "month": "2011-09",
            "price": "24.47",
            "revenue": 1004916
        },
        "2011-10": {
            "month": "2011-10",
            "price": "22.66",
            "revenue": 1009088
        },
        "2011-11": {
            "month": "2011-11",
            "price": "24.09",
            "revenue": 1004422
        },
        "2011-12": {
            "month": "2011-12",
            "price": "23.00",
            "revenue": 802676
        },
        "2012-01": {
            "month": "2012-01",
            "price": "23.58",
            "revenue": 706255
        },
        "2012-02": {
            "month": "2012-02",
            "price": "26.89",
            "revenue": 904863
        },
        "2012-03": {
            "month": "2012-03",
            "price": "28.76",
            "revenue": 1000348
        },
        "2012-04": {
            "month": "2012-04",
            "price": "31.52",
            "revenue": 1002147
        },
        "2012-05": {
            "month": "2012-05",
            "price": "31.98",
            "revenue": 929003
        },
        "2012-06": {
            "month": "2012-06",
            "price": "28.81",
            "revenue": 909707
        },
        "2012-07": {
            "month": "2012-07",
            "price": "29.12",
            "revenue": 912028
        },
        "2012-08": {
            "month": "2012-08",
            "price": "29.02",
            "revenue": 815480
        },
        "2012-09": {
            "month": "2012-09",
            "price": "27.96",
            "revenue": 806188
        },
        "2012-10": {
            "month": "2012-10",
            "price": "25.55",
            "revenue": 803532
        },
        "2012-11": {
            "month": "2012-11",
            "price": "21.70",
            "revenue": 732841
        },
        "2012-12": {
            "month": "2012-12",
            "price": "22.54",
            "revenue": 706250
        },
        "2013-01": {
            "month": "2013-01",
            "price": "24.10",
            "revenue": 806390
        },
        "2013-02": {
            "month": "2013-02",
            "price": "24.02",
            "revenue": 642371
        },
        "2013-03": {
            "month": "2013-03",
            "price": "23.26",
            "revenue": 920133
        },
        "2013-04": {
            "month": "2013-04",
            "price": "23.12",
            "revenue": 1009815
        },
        "2013-05": {
            "month": "2013-05",
            "price": "22.68",
            "revenue": 992512
        },
        "2013-06": {
            "month": "2013-06",
            "price": "20.83",
            "revenue": 794119
        },
        "2013-07": {
            "month": "2013-07",
            "price": "21.06",
            "revenue": 875539
        },
        "2013-08": {
            "month": "2013-08",
            "price": "19.93",
            "revenue": 961920
        },
        "2013-09": {
            "month": "2013-09",
            "price": "20.07",
            "revenue": 912425
        },
        "2013-10": {
            "month": "2013-10",
            "price": "21.08",
            "revenue": 945562
        },
        "2013-11": {
            "month": "2013-11",
            "price": "20.40",
            "revenue": 927465
        },
        "2013-12": {
            "month": "2013-12",
            "price": "21.50",
            "revenue": 936964
        },
        "2014-01": {
            "month": "2014-01",
            "price": "21.88",
            "revenue": 934241
        },
        "2014-02": {
            "month": "2014-02",
            "price": "24.21",
            "revenue": 906059
        },
        "2014-03": {
            "month": "2014-03",
            "price": "23.95",
            "revenue": 995846
        },
        "2014-04": {
            "month": "2014-04",
            "price": "24.25",
            "revenue": 987126
        },
        "2014-05": {
            "month": "2014-05",
            "price": "24.02",
            "revenue": 1152713
        },
        "2014-06": {
            "month": "2014-06",
            "price": "25.30",
            "revenue": 1009547
        },
        "2014-07": {
            "month": "2014-07",
            "price": "26.26",
            "revenue": 1008035
        },
        "2014-08": {
            "month": "2014-08",
            "price": "24.64",
            "revenue": 1055596
        },
        "2014-09": {
            "month": "2014-09",
            "price": "24.08",
            "revenue": 1076292
        },
        "2014-10": {
            "month": "2014-10",
            "price": "20.73",
            "revenue": 1011552
        },
        "2014-11": {
            "month": "2014-11",
            "price": "20.46",
            "revenue": 1008913
        },
        "2014-12": {
            "month": "2014-12",
            "price": "21.28",
            "revenue": 1037194
        },
        "2015-01": {
            "month": "2015-01",
            "price": "22.10",
            "revenue": 1043307
        },
        "2015-02": {
            "month": "2015-02",
            "price": "22.14",
            "revenue": 889717
        },
        "2015-03": {
            "month": "2015-03",
            "price": "21.20",
            "revenue": 1134338
        },
        "2015-04": {
            "month": "2015-04",
            "price": "22.06",
            "revenue": 1037427
        },
        "2015-05": {
            "month": "2015-05",
            "price": "23.02",
            "revenue": 1003818
        },
        "2015-06": {
            "month": "2015-06",
            "price": "21.60",
            "revenue": 950930
        },
        "2015-07": {
            "month": "2015-07",
            "price": "18.62",
            "revenue": 912552
        },
        "2015-08": {
            "month": "2015-08",
            "price": "15.40",
            "revenue": 925107
        },
        "2015-09": {
            "month": "2015-09",
            "price": "16.32",
            "revenue": 798444
        },
        "2015-10": {
            "month": "2015-10",
            "price": "17.16",
            "revenue": 737489
        },
        "2015-11": {
            "month": "2015-11",
            "price": "17.19",
            "revenue": 693657
        },
        "2015-12": {
            "month": "2015-12",
            "price": "17.55",
            "revenue": 735284
        },
        "2016-01": {
            "month": "2016-01",
            "price": "16.81",
            "revenue": 727307
        },
        "2016-02": {
            "month": "2016-02",
            "price": "17.65",
            "revenue": 552647
        },
        "2016-03": {
            "month": "2016-03",
            "price": "18.32",
            "revenue": 725543
        },
        "2016-04": {
            "month": "2016-04",
            "price": "18.06",
            "revenue": 692711
        },
        "2016-05": {
            "month": "2016-05",
            "price": "16.25",
            "revenue": 711971
        },
        "2016-06": {
            "month": "2016-06",
            "price": "16.25",
            "revenue": 756878
        },
        "2016-07": {
            "month": "2016-07",
            "price": "16.88",
            "revenue": 791368
        },
        "2016-08": {
            "month": "2016-08",
            "price": "16.53",
            "revenue": 840798
        },
        "2016-09": {
            "month": "2016-09",
            "price": "17.57",
            "revenue": 676583
        },
        "2016-10": {
            "month": "2016-10",
            "price": "17.23",
            "revenue": 665309
        },
        "2016-11": {
            "month": "2016-11",
            "price": "17.42",
            "revenue": 769429
        },
        "2016-12": {
            "month": "2016-12",
            "price": "18.45",
            "revenue": 830971
        },
        "2017-01": {
            "month": "2017-01",
            "price": "19.82",
            "revenue": 651891
        },
        "2017-02": {
            "month": "2017-02",
            "price": "23.30",
            "revenue": 685553
        },
        "2017-03": {
            "month": "2017-03",
            "price": "24.13",
            "revenue": 814952
        },
        "2017-04": {
            "month": "2017-04",
            "price": "20.02",
            "revenue": 753842
        },
        "2017-05": {
            "month": "2017-05",
            "price": "19.17",
            "revenue": 820924
        },
        "2017-06": {
            "month": "2017-06",
            "price": "19.42",
            "revenue": 765548
        },
        "2017-07": {
            "month": "2017-07",
            "price": "19.95",
            "revenue": 715156
        },
        "2017-08": {
            "month": "2017-08",
            "price": "20.36",
            "revenue": 854691
        },
        "2017-09": {
            "month": "2017-09",
            "price": "21.01",
            "revenue": 821461
        },
        "2017-10": {
            "month": "2017-10",
            "price": "20.17",
            "revenue": 705753
        },
        "2017-11": {
            "month": "2017-11",
            "price": "20.42",
            "revenue": 741421
        },
        "2017-12": {
            "month": "2017-12",
            "price": "20.39",
            "revenue": 837315
        },
        "2018-01": {
            "month": "2018-01",
            "price": "20.32",
            "revenue": 783593
        },
        "2018-02": {
            "month": "2018-02",
            "price": "20.12",
            "revenue": 698457
        },
        "2018-03": {
            "month": "2018-03",
            "price": "20.00",
            "revenue": 851262
        },
        "2018-04": {
            "month": "2018-04",
            "price": "19.73",
            "revenue": 721378
        },
        "2018-05": {
            "month": "2018-05",
            "price": "19.14",
            "revenue": 977880
        },
        "2018-06": {
            "month": "2018-06",
            "price": "19.08",
            "revenue": 840997
        },
        "2018-07": {
            "month": "2018-07",
            "price": "17.81",
            "revenue": 897443
        },
        "2018-08": {
            "month": "2018-08",
            "price": "17.65",
            "revenue": 889764
        },
        "2018-09": {
            "month": "2018-09",
            "price": "17.64",
            "revenue": 926606
        },
        "2018-10": {
            "month": "2018-10",
            "price": "17.11",
            "revenue": 951405
        },
        "2018-11": {
            "month": "2018-11",
            "price": "16.63",
            "revenue": 894111
        },
        "2018-12": {
            "month": "2018-12",
            "price": "16.63",
            "revenue": 848934
        },
        "2019-01": {
            "month": "2019-01",
            "price": "18.50",
            "revenue": 959140
        },
        "2019-02": {
            "month": "2019-02",
            "price": "18.93",
            "revenue": 695674
        },
        "2019-03": {
            "month": "2019-03",
            "price": "21.74",
            "revenue": 936264
        },
        "2019-04": {
            "month": "2019-04",
            "price": "20.48",
            "revenue": 911602
        },
        "2019-05": {
            "month": "2019-05",
            "price": "19.40",
            "revenue": 915889
        },
        "2019-06": {
            "month": "2019-06",
            "price": "19.50",
            "revenue": 951587
        },
        "2019-07": {
            "month": "2019-07",
            "price": "19.30",
            "revenue": 930134
        },
        "2019-08": {
            "month": "2019-08",
            "price": "19.88",
            "revenue": 965123
        },
        "2019-09": {
            "month": "2019-09",
            "price": "20.54",
            "revenue": 809121
        },
        "2019-10": {
            "month": "2019-10",
            "price": "19.52",
            "revenue": 876953
        },
        "2019-11": {
            "month": "2019-11",
            "price": "18.60",
            "revenue": 778332
        },
        "2019-12": {
            "month": "2019-12",
            "price": "18.47",
            "revenue": 831900
        },
        "2020-01": {
            "month": "2020-01",
            "price": "18.36",
            "revenue": 730346
        },
        "2020-02": {
            "month": "2020-02",
            "price": "17.10",
            "revenue": 694578
        },
        "2020-03": {
            "month": "2020-03",
            "price": "15.31",
            "revenue": 841031
        },
        "2020-04": {
            "month": "2020-04",
            "price": "15.38",
            "revenue": 644251
        },
        "2020-05": {
            "month": "2020-05",
            "price": "16.47",
            "revenue": 658876
        },
        "2020-06": {
            "month": "2020-06",
            "price": "16.39",
            "revenue": 665750
        },
        "2020-07": {
            "month": "2020-07",
            "price": "15.67",
            "revenue": 630624
        },
        "2020-08": {
            "month": "2020-08",
            "price": "15.56",
            "revenue": 592728
        },
        "2020-09": {
            "month": "2020-09",
            "price": "16.09",
            "revenue": 590667
        },
        "2020-10": {
            "month": "2020-10",
            "price": "15.54",
            "revenue": 481497
        },
        "2020-11": {
            "month": "2020-11",
            "price": "15.74",
            "revenue": 526795
        },
        "2020-12": {
            "month": "2020-12",
            "price": "16.95",
            "revenue": 586561
        },
        "2021-01": {
            "month": "2021-01",
            "price": "16.03",
            "revenue": 626941
        },
        "2021-02": {
            "month": "2021-02",
            "price": "16.20",
            "revenue": 480130
        },
        "2021-03": {
            "month": "2021-03",
            "price": "17.05",
            "revenue": 659576
        },
        "2021-04": {
            "month": "2021-04",
            "price": "20.00",
            "revenue": 605890
        },
        "2021-05": {
            "month": "2021-05",
            "price": "19.40",
            "revenue": 679835
        },
        "2021-06": {
            "month": "2021-06",
            "price": "21.39",
            "revenue": 728023
        },
        "2021-07": {
            "month": "2021-07",
            "price": "25.73",
            "revenue": 763530
        },
        "2021-08": {
            "month": "2021-08",
            "price": "26.63",
            "revenue": 849091
        },
        "2021-09": {
            "month": "2021-09",
            "price": "25.58",
            "revenue": 830598
        },
        "2021-10": {
            "month": "2021-10",
            "price": "22.58",
            "revenue": 807893
        },
        "2021-11": {
            "month": "2021-11",
            "price": "21.47",
            "revenue": 888140
        },
        "2021-12": {
            "month": "2021-12",
            "price": "21.85",
            "revenue": 851606
        },
        "2022-01": {
            "month": "2022-01",
            "price": "21.18",
            "revenue": 863258
        },
        "2022-02": {
            "month": "2022-02",
            "price": "22.60",
            "revenue": 739629
        },
        "2022-03": {
            "month": "2022-03",
            "price": "25.47",
            "revenue": 1040199
        },
        "2022-04": {
            "month": "2022-04",
            "price": "28.97",
            "revenue": 1027397
        },
        "2022-05": {
            "month": "2022-05",
            "price": "29.99",
            "revenue": 1024022
        },
        "2022-06": {
            "month": "2022-06",
            "price": "27.78",
            "revenue": 1083840
        },
        "2022-07": {
            "month": "2022-07",
            "price": "27.35",
            "revenue": 1102930
        },
        "2022-08": {
            "month": "2022-08",
            "price": "29.75",
            "revenue": 1108139
        },
        "2022-09": {
            "month": "2022-09",
            "price": "28.40",
            "revenue": 1045109
        },
        "2022-10": {
            "month": "2022-10",
            "price": "30.06",
            "revenue": 1115934
        },
        "2022-11": {
            "month": "2022-11",
            "price": "31.42",
            "revenue": 1113500
        },
        "2022-12": {
            "month": "2022-12",
            "price": "35.44",
            "revenue": 1101360
        },
        "2023-01": {
            "month": "2023-01",
            "price": "36.34",
            "revenue": 1016597
        },
        "2023-02": {
            "month": "2023-02",
            "price": "40.73",
            "revenue": 1059816
        },
        "2023-03": {
            "month": "2023-03",
            "price": "49.35",
            "revenue": 1241106
        },
        "2023-04": {
            "month": "2023-04",
            "price": "56.89",
            "revenue": 1212750
        },
        "2023-05": {
            "month": "2023-05",
            "price": "55.76",
            "revenue": 1192503
        },
        "2023-06": {
            "month": "2023-06",
            "price": "57.96",
            "revenue": 1216385
        },
        "2023-07": {
            "month": "2023-07",
            "price": "55.36",
            "revenue": 1110450
        },
        "2023-08": {
            "month": "2023-08",
            "price": "47.11",
            "revenue": 1115275
        },
        "2023-09": {
            "month": "2023-09",
            "price": "46.14",
            "revenue": 1069166
        },
        "2023-10": {
            "month": "2023-10",
            "price": "44.82",
            "revenue": 1146684
        },
        "2023-11": {
            "month": "2023-11",
            "price": "46.32",
            "revenue": 1124313
        },
        "2023-12": {
            "month": "2023-12",
            "price": "49.71",
            "revenue": 1020206
        }
    }
}
