{
    "summary": {
        "stock_name": "久陽",
        "stock_id": "5011",
        "category": "鋼鐵",
        "main_business": "螺栓、螺絲、螺帽、華司及其他金屬材料之製造、加工、銷售",
        "website_url": "http://www.ofco.com.tw",
        "ceo": "吳居諺",
        "pe_ratio": 10,
        "report_year_from": 2001,
        "report_year_to": 2023,
        "age": 22,
        "eps_negative_percentage": 48,
        "eps_growth_avg": {
            "last_all": 3.76,
            "last_2y": 87.04,
            "last_4y": -6.48,
            "last_8y": -10.15,
            "last_12y": 3.76,
            "last_16y": 3.76,
            "last_20y": 3.76,
            "at_2006_last_3y": null,
            "at_2007_last_3y": null,
            "at_2008_last_3y": null,
            "at_2009_last_3y": null,
            "at_2010_last_3y": 100,
            "at_2011_last_3y": 100,
            "at_2012_last_3y": 49.9,
            "at_2013_last_3y": 24.62,
            "at_2014_last_3y": 24.62,
            "at_2015_last_3y": -15.49,
            "at_2016_last_3y": 0.21,
            "at_2017_last_3y": -11.98,
            "at_2018_last_3y": -49.31,
            "at_2019_last_3y": -62.5,
            "at_2020_last_3y": -100,
            "at_2021_last_3y": -100,
            "at_2022_last_3y": -6.48,
            "at_2023_last_3y": -6.48,
            "at_2006_last_all": null,
            "at_2007_last_all": null,
            "at_2008_last_all": null,
            "at_2009_last_all": null,
            "at_2010_last_all": 100,
            "at_2011_last_all": 100,
            "at_2012_last_all": 49.9,
            "at_2013_last_all": 24.62,
            "at_2014_last_all": 39.7,
            "at_2015_last_all": 23.01,
            "at_2016_last_all": 21.51,
            "at_2017_last_all": 6.32,
            "at_2018_last_all": 6.32,
            "at_2019_last_all": -5.5,
            "at_2020_last_all": -5.5,
            "at_2021_last_all": -5.5,
            "at_2022_last_all": 3.76,
            "at_2023_last_all": 3.76
        },
        "latest_eps": 2.04,
        "latest_price": 20.1,
        "latest_roe": 7.92,
        "latest_gross_margin": 1.4,
        "latest_equity": 2488496,
        "latest_revenue": 929867,
        "latest_gross_profit": 13000,
        "latest_net_income": 5238,
        "latest_debt_ratio": 43.14,
        "latest_current_ratio": 223.3,
        "latest_account_receivable_turnover_ratio": 2.11,
        "latest_inventory_turnover_ratio": 3.55,
        "latest_reinvestment_rate": 138.57,
        "latest_research_to_sale_ratio": 0
    },
    "eps_dividends": {
        "1997": {
            "cash": 0,
            "stock": 1.5,
            "eps": 0
        },
        "1998": {
            "cash": 0,
            "stock": 2.5,
            "eps": 0
        },
        "1999": {
            "cash": 0,
            "stock": 3,
            "eps": 0
        },
        "2001": {
            "cash": 0,
            "stock": 0,
            "eps": -1
        },
        "2002": {
            "cash": 0,
            "stock": 0,
            "eps": -2.62
        },
        "2003": {
            "cash": 0,
            "stock": 0,
            "eps": -5.8
        },
        "2004": {
            "cash": 0,
            "stock": 0,
            "eps": -2.71
        },
        "2005": {
            "cash": 0,
            "stock": 0,
            "eps": -1.28
        },
        "2006": {
            "cash": 0,
            "stock": 0,
            "eps": -0.8
        },
        "2007": {
            "cash": 0,
            "stock": 0,
            "eps": -1.86
        },
        "2008": {
            "cash": 0,
            "stock": 0,
            "eps": -0.4
        },
        "2009": {
            "cash": 0,
            "stock": 0,
            "eps": 0.01
        },
        "2010": {
            "cash": 0,
            "stock": 0,
            "eps": 0.31
        },
        "2011": {
            "cash": 0,
            "stock": 0,
            "eps": 3.3
        },
        "2012": {
            "cash": 1.8,
            "stock": 0,
            "eps": 1.64
        },
        "2013": {
            "cash": 1.2,
            "stock": 0,
            "eps": 0.8
        },
        "2014": {
            "cash": 0.78,
            "stock": 0,
            "eps": 1.82
        },
        "2015": {
            "cash": 1.6,
            "stock": 0,
            "eps": 0.72
        },
        "2016": {
            "cash": 0.53,
            "stock": 0,
            "eps": 0.81
        },
        "2017": {
            "cash": 0.5,
            "stock": 0,
            "eps": -1.17
        },
        "2018": {
            "cash": 0,
            "stock": 0,
            "eps": 1.32
        },
        "2019": {
            "cash": 1,
            "stock": 0,
            "eps": -0.73
        },
        "2020": {
            "cash": 0,
            "stock": 0,
            "eps": -1.54
        },
        "2021": {
            "cash": 0,
            "stock": 0,
            "eps": 1.62
        },
        "2022": {
            "cash": 1.3,
            "stock": 0,
            "eps": 3.03
        },
        "2023": {
            "cash": 2,
            "stock": 0,
            "eps": 0.49
        }
    },
    "dividends": {
        "1997-04-26": {
            "cash": 0,
            "stock": 1.5
        },
        "1998-05-02": {
            "cash": 0,
            "stock": 2.5
        },
        "1999-06-16": {
            "cash": 0,
            "stock": 3
        },
        "2012-06-21": {
            "cash": 1.8,
            "stock": 0
        },
        "2013-06-14": {
            "cash": 1.2,
            "stock": 0
        },
        "2014-09-05": {
            "cash": 0.78,
            "stock": 0
        },
        "2015-11-20": {
            "cash": 1.6,
            "stock": 0
        },
        "2016-08-18": {
            "cash": 0.53,
            "stock": 0
        },
        "2017-12-15": {
            "cash": 0.5,
            "stock": 0
        },
        "2019-08-15": {
            "cash": 1,
            "stock": 0
        },
        "2022-08-25": {
            "cash": 1.3,
            "stock": 0
        },
        "2023-08-11": {
            "cash": 2,
            "stock": 0
        }
    },
    "prices": {
        "200101": "2.08",
        "200102": "2.56",
        "200103": "2.48",
        "200104": "3.02",
        "200105": "4.07",
        "200106": "7.09",
        "200107": "10.04",
        "200108": "15.99",
        "200109": "17.18",
        "200110": "9.99",
        "200111": "7.58",
        "200112": "5.98",
        "200201": "6.43",
        "200202": "7.18",
        "200203": "7.48",
        "200204": "8.20",
        "200205": "6.62",
        "200206": "6.16",
        "200207": "6.92",
        "200208": "8.68",
        "200209": "3.97",
        "200210": "1.70",
        "200211": "2.04",
        "200212": "2.79",
        "200301": "2.17",
        "200302": "無",
        "200303": "無",
        "200304": "無",
        "200305": "無",
        "200306": "無",
        "200307": "無",
        "200308": "無",
        "200309": "無",
        "200310": "無",
        "200311": "2.52",
        "200312": "1.83",
        "200401": "1.87",
        "200402": "2.76",
        "200403": "無",
        "200404": "4.03",
        "200405": "2.50",
        "200406": "1.98",
        "200407": "1.82",
        "200408": "1.23",
        "200409": "1.21",
        "200410": "1.78",
        "200411": "2.12",
        "200412": "3.29",
        "200501": "3.39",
        "200502": "3.11",
        "200503": "2.73",
        "200504": "2.05",
        "200505": "1.88",
        "200506": "1.24",
        "200507": "0.63",
        "200508": "0.67",
        "200509": "1.72",
        "200510": "1.36",
        "200511": "1.14",
        "200512": "1.71",
        "200601": "1.26",
        "200602": "1.24",
        "200603": "1.37",
        "200604": "無",
        "200605": "11.90",
        "200606": "8.65",
        "200607": "7.73",
        "200608": "7.51",
        "200609": "4.88",
        "200610": "3.61",
        "200611": "3.98",
        "200612": "5.29",
        "200701": "6.58",
        "200702": "5.50",
        "200703": "4.37",
        "200704": "4.11",
        "200705": "3.75",
        "200706": "3.92",
        "200707": "3.57",
        "200708": "4.60",
        "200709": "4.50",
        "200710": "5.17",
        "200711": "4.82",
        "200712": "3.94",
        "200801": "無",
        "200802": "無",
        "200803": "無",
        "200804": "無",
        "200805": "無",
        "200806": "無",
        "200807": "3.73",
        "200808": "1.61",
        "200809": "1.68",
        "200810": "無",
        "200811": "0.91",
        "200812": "0.86",
        "200901": "1.38",
        "200902": "1.50",
        "200903": "1.50",
        "200904": "1.50",
        "200905": "1.60",
        "200906": "1.71",
        "200907": "3.14",
        "200908": "3.63",
        "200909": "3.97",
        "200910": "3.80",
        "200911": "無",
        "200912": "3.62",
        "201001": "3.10",
        "201002": "3.08",
        "201003": "2.84",
        "201004": "2.90",
        "201005": "4.93",
        "201006": "2.74",
        "201007": "2.26",
        "201008": "1.84",
        "201009": "2.15",
        "201010": "2.01",
        "201011": "17.95",
        "201012": "19.12",
        "201101": "19.72",
        "201102": "無",
        "201103": "無",
        "201104": "無",
        "201105": "24.21",
        "201106": "35.13",
        "201107": "34.54",
        "201108": "30.88",
        "201109": "30.90",
        "201110": "32.81",
        "201111": "33.48",
        "201112": "31.13",
        "201201": "30.14",
        "201202": "33.35",
        "201203": "36.67",
        "201204": "38.10",
        "201205": "39.22",
        "201206": "38.03",
        "201207": "34.36",
        "201208": "31.14",
        "201209": "28.03",
        "201210": "22.37",
        "201211": "22.72",
        "201212": "21.61",
        "201301": "21.62",
        "201302": "22.20",
        "201303": "22.19",
        "201304": "21.55",
        "201305": "20.52",
        "201306": "20.16",
        "201307": "19.89",
        "201308": "19.33",
        "201309": "20.83",
        "201310": "21.30",
        "201311": "19.73",
        "201312": "19.40",
        "201401": "19.31",
        "201402": "20.63",
        "201403": "23.45",
        "201404": "30.80",
        "201405": "30.93",
        "201406": "30.80",
        "201407": "31.44",
        "201408": "35.39",
        "201409": "32.06",
        "201410": "31.36",
        "201411": "29.42",
        "201412": "28.76",
        "201501": "28.87",
        "201502": "27.29",
        "201503": "26.21",
        "201504": "27.98",
        "201505": "26.57",
        "201506": "24.44",
        "201507": "23.79",
        "201508": "21.97",
        "201509": "22.46",
        "201510": "24.39",
        "201511": "25.15",
        "201512": "24.51",
        "201601": "23.76",
        "201602": "23.82",
        "201603": "25.16",
        "201604": "23.37",
        "201605": "21.80",
        "201606": "19.32",
        "201607": "19.54",
        "201608": "19.48",
        "201609": "19.58",
        "201610": "18.62",
        "201611": "17.06",
        "201612": "16.33",
        "201701": "16.92",
        "201702": "16.54",
        "201703": "16.46",
        "201704": "16.05",
        "201705": "15.80",
        "201706": "15.97",
        "201707": "16.10",
        "201708": "15.85",
        "201709": "15.64",
        "201710": "15.70",
        "201711": "15.67",
        "201712": "15.38",
        "201801": "15.51",
        "201802": "15.58",
        "201803": "15.99",
        "201804": "17.05",
        "201805": "17.24",
        "201806": "17.85",
        "201807": "17.59",
        "201808": "17.49",
        "201809": "17.19",
        "201810": "16.96",
        "201811": "16.97",
        "201812": "16.43",
        "201901": "15.99",
        "201902": "16.51",
        "201903": "17.90",
        "201904": "17.87",
        "201905": "17.68",
        "201906": "18.81",
        "201907": "18.32",
        "201908": "16.06",
        "201909": "15.58",
        "201910": "15.11",
        "201911": "15.12",
        "201912": "15.00",
        "202001": "14.83",
        "202002": "14.53",
        "202003": "13.68",
        "202004": "14.76",
        "202005": "15.10",
        "202006": "15.23",
        "202007": "16.27",
        "202008": "19.28",
        "202009": "18.66",
        "202010": "21.63",
        "202011": "25.09",
        "202012": "37.94",
        "202101": "37.72",
        "202102": "33.80",
        "202103": "33.56",
        "202104": "33.35",
        "202105": "26.34",
        "202106": "27.67",
        "202107": "31.02",
        "202108": "28.34",
        "202109": "26.99",
        "202110": "25.16",
        "202111": "32.92",
        "202112": "35.95",
        "202201": "36.21",
        "202202": "39.96",
        "202203": "39.62",
        "202204": "39.07",
        "202205": "33.64",
        "202206": "30.10",
        "202207": "27.88",
        "202208": "26.80",
        "202209": "24.23",
        "202210": "20.82",
        "202211": "22.57",
        "202212": "24.81",
        "202301": "25.12",
        "202302": "25.13",
        "202303": "26.30",
        "202304": "27.73",
        "202305": "27.20",
        "202306": "26.91",
        "202307": "24.64",
        "202308": "21.48",
        "202309": "20.62",
        "202310": "20.28"
    },
    "quarters": {
        "20011": {
            "year_quarter": 20011,
            "year": 2001,
            "quarter": 1,
            "eps": -0.37,
            "eps_growth_year": null,
            "eps_4q": -0.96,
            "eps_4q_growth_year": null,
            "roe": -4.22,
            "roe_4q": -4.22,
            "gross_profit": 13694,
            "gross_margin": 5.19,
            "gross_margin_4q_avg": 5.19,
            "net_income": -26381,
            "net_income_4q": null,
            "revenue": 264038,
            "revenue_4q": null,
            "common_shares": 715000,
            "book_valuer_per_share": 8.55,
            "book_valuer_per_share_4q_avg": 8.55,
            "equity": 611670,
            "current_ratio": 86.89,
            "debt_ratio": 56.72,
            "inventory_turnover_ratio": 0.61,
            "account_receivable_turnover_ratio": null,
            "reinvestment_rate": null,
            "research_to_sale_ratio": null,
            "price_fair": 0,
            "eps_avg_yearly": 0,
            "eps_latest_yearly": 0,
            "eps_growth_yearly": 0
        },
        "20012": {
            "year_quarter": 20012,
            "year": 2001,
            "quarter": 2,
            "eps": -0.21,
            "eps_growth_year": -625,
            "eps_4q": -1.2,
            "eps_4q_growth_year": null,
            "roe": -2.47,
            "roe_4q": -6.6899999999999995,
            "gross_profit": 13264,
            "gross_margin": 4.59,
            "gross_margin_4q_avg": 4.89,
            "net_income": -14921,
            "net_income_4q": null,
            "revenue": 288981,
            "revenue_4q": null,
            "common_shares": 715000,
            "book_valuer_per_share": 8.35,
            "book_valuer_per_share_4q_avg": 8.45,
            "equity": 596749,
            "current_ratio": 82.56,
            "debt_ratio": 55.15,
            "inventory_turnover_ratio": 0.73,
            "account_receivable_turnover_ratio": null,
            "reinvestment_rate": null,
            "research_to_sale_ratio": null,
            "price_fair": 0,
            "eps_avg_yearly": 0,
            "eps_latest_yearly": 0,
            "eps_growth_yearly": 0
        },
        "20013": {
            "year_quarter": 20013,
            "year": 2001,
            "quarter": 3,
            "eps": 0.17,
            "eps_growth_year": null,
            "eps_4q": -0.94,
            "eps_4q_growth_year": null,
            "roe": 2.03,
            "roe_4q": -4.66,
            "gross_profit": 43475,
            "gross_margin": 15.4,
            "gross_margin_4q_avg": 8.39,
            "net_income": 12248,
            "net_income_4q": null,
            "revenue": 282377,
            "revenue_4q": null,
            "common_shares": 715000,
            "book_valuer_per_share": 8.52,
            "book_valuer_per_share_4q_avg": 8.47,
            "equity": 608997,
            "current_ratio": 84.16,
            "debt_ratio": 53.12,
            "inventory_turnover_ratio": 0.67,
            "account_receivable_turnover_ratio": null,
            "reinvestment_rate": null,
            "research_to_sale_ratio": null,
            "price_fair": 0,
            "eps_avg_yearly": 0,
            "eps_latest_yearly": 0,
            "eps_growth_yearly": 0
        },
        "20014": {
            "year_quarter": 20014,
            "year": 2001,
            "quarter": 4,
            "eps": -0.59,
            "eps_growth_year": null,
            "eps_4q": -1,
            "eps_4q_growth_year": null,
            "roe": -7.19,
            "roe_4q": -11.850000000000001,
            "gross_profit": 1825,
            "gross_margin": 0.82,
            "gross_margin_4q_avg": 6.5,
            "net_income": -42244,
            "net_income_4q": null,
            "revenue": 222244,
            "revenue_4q": null,
            "common_shares": 715000,
            "book_valuer_per_share": 7.93,
            "book_valuer_per_share_4q_avg": 8.34,
            "equity": 566753,
            "current_ratio": 81.05,
            "debt_ratio": 55.46,
            "inventory_turnover_ratio": 0.62,
            "account_receivable_turnover_ratio": null,
            "reinvestment_rate": null,
            "research_to_sale_ratio": null,
            "price_fair": 0,
            "eps_avg_yearly": 0,
            "eps_latest_yearly": 0,
            "eps_growth_yearly": 0
        },
        "20021": {
            "year_quarter": 20021,
            "year": 2002,
            "quarter": 1,
            "eps": -0.25,
            "eps_growth_year": null,
            "eps_4q": -0.87,
            "eps_4q_growth_year": null,
            "roe": -3.23,
            "roe_4q": -10.860000000000001,
            "gross_profit": 12705,
            "gross_margin": 5.85,
            "gross_margin_4q_avg": 6.67,
            "net_income": -18001,
            "net_income_4q": null,
            "revenue": 217282,
            "revenue_4q": null,
            "common_shares": 715000,
            "book_valuer_per_share": 7.67,
            "book_valuer_per_share_4q_avg": 8.12,
            "equity": 548752,
            "current_ratio": 79.26,
            "debt_ratio": 55.27,
            "inventory_turnover_ratio": 0.6,
            "account_receivable_turnover_ratio": null,
            "reinvestment_rate": null,
            "research_to_sale_ratio": null,
            "price_fair": 0,
            "eps_avg_yearly": 0,
            "eps_latest_yearly": 0,
            "eps_growth_yearly": 0
        },
        "20022": {
            "year_quarter": 20022,
            "year": 2002,
            "quarter": 2,
            "eps": -0.34,
            "eps_growth_year": null,
            "eps_4q": -1.01,
            "eps_4q_growth_year": null,
            "roe": -4.57,
            "roe_4q": -12.960000000000003,
            "gross_profit": 2436,
            "gross_margin": 1.29,
            "gross_margin_4q_avg": 5.84,
            "net_income": -24526,
            "net_income_4q": null,
            "revenue": 189331,
            "revenue_4q": null,
            "common_shares": 715000,
            "book_valuer_per_share": 7.33,
            "book_valuer_per_share_4q_avg": 7.86,
            "equity": 524226,
            "current_ratio": 84.99,
            "debt_ratio": 55.92,
            "inventory_turnover_ratio": 0.56,
            "account_receivable_turnover_ratio": null,
            "reinvestment_rate": null,
            "research_to_sale_ratio": null,
            "price_fair": 0,
            "eps_avg_yearly": 0,
            "eps_latest_yearly": 0,
            "eps_growth_yearly": 0
        },
        "20023": {
            "year_quarter": 20023,
            "year": 2002,
            "quarter": 3,
            "eps": -1.47,
            "eps_growth_year": -964.71,
            "eps_4q": -2.66,
            "eps_4q_growth_year": null,
            "roe": -22.28,
            "roe_4q": -37.27,
            "gross_profit": -3575,
            "gross_margin": -2.55,
            "gross_margin_4q_avg": 1.35,
            "net_income": -105090,
            "net_income_4q": null,
            "revenue": 140408,
            "revenue_4q": null,
            "common_shares": 715000,
            "book_valuer_per_share": 5.86,
            "book_valuer_per_share_4q_avg": 7.2,
            "equity": 419136,
            "current_ratio": 81.17,
            "debt_ratio": 58.52,
            "inventory_turnover_ratio": 0.48,
            "account_receivable_turnover_ratio": null,
            "reinvestment_rate": null,
            "research_to_sale_ratio": null,
            "price_fair": 0,
            "eps_avg_yearly": 0,
            "eps_latest_yearly": 0,
            "eps_growth_yearly": 0
        },
        "20024": {
            "year_quarter": 20024,
            "year": 2002,
            "quarter": 4,
            "eps": -0.56,
            "eps_growth_year": null,
            "eps_4q": -2.62,
            "eps_4q_growth_year": null,
            "roe": -9.94,
            "roe_4q": -40.019999999999996,
            "gross_profit": -13593,
            "gross_margin": -17.96,
            "gross_margin_4q_avg": -3.34,
            "net_income": -39695,
            "net_income_4q": null,
            "revenue": 75704,
            "revenue_4q": null,
            "common_shares": 715000,
            "book_valuer_per_share": 5.31,
            "book_valuer_per_share_4q_avg": 6.54,
            "equity": 379441,
            "current_ratio": 72.42,
            "debt_ratio": 59.56,
            "inventory_turnover_ratio": 0.33,
            "account_receivable_turnover_ratio": null,
            "reinvestment_rate": null,
            "research_to_sale_ratio": null,
            "price_fair": 0,
            "eps_avg_yearly": 0,
            "eps_latest_yearly": 0,
            "eps_growth_yearly": 0
        },
        "20031": {
            "year_quarter": 20031,
            "year": 2003,
            "quarter": 1,
            "eps": -0.77,
            "eps_growth_year": null,
            "eps_4q": -3.15,
            "eps_4q_growth_year": null,
            "roe": -15.54,
            "roe_4q": -52.33,
            "gross_profit": -19407,
            "gross_margin": -25.97,
            "gross_margin_4q_avg": -11.3,
            "net_income": -54730,
            "net_income_4q": null,
            "revenue": 74729,
            "revenue_4q": null,
            "common_shares": 715000,
            "book_valuer_per_share": 4.54,
            "book_valuer_per_share_4q_avg": 5.76,
            "equity": 324711,
            "current_ratio": 61.05,
            "debt_ratio": 63.05,
            "inventory_turnover_ratio": 0.39,
            "account_receivable_turnover_ratio": null,
            "reinvestment_rate": null,
            "research_to_sale_ratio": null,
            "price_fair": 0,
            "eps_avg_yearly": 0,
            "eps_latest_yearly": 0,
            "eps_growth_yearly": 0
        },
        "20032": {
            "year_quarter": 20032,
            "year": 2003,
            "quarter": 2,
            "eps": -0.52,
            "eps_growth_year": null,
            "eps_4q": -3.31,
            "eps_4q_growth_year": null,
            "roe": -12.17,
            "roe_4q": -59.93,
            "gross_profit": -12400,
            "gross_margin": -18.01,
            "gross_margin_4q_avg": -16.12,
            "net_income": -37249,
            "net_income_4q": null,
            "revenue": 68868,
            "revenue_4q": null,
            "common_shares": 715000,
            "book_valuer_per_share": 4.02,
            "book_valuer_per_share_4q_avg": 4.93,
            "equity": 287462,
            "current_ratio": 46.3,
            "debt_ratio": 64.56,
            "inventory_turnover_ratio": 0.43,
            "account_receivable_turnover_ratio": null,
            "reinvestment_rate": null,
            "research_to_sale_ratio": null,
            "price_fair": 0,
            "eps_avg_yearly": 0,
            "eps_latest_yearly": 0,
            "eps_growth_yearly": 0
        },
        "20033": {
            "year_quarter": 20033,
            "year": 2003,
            "quarter": 3,
            "eps": -0.43,
            "eps_growth_year": null,
            "eps_4q": -2.27,
            "eps_4q_growth_year": null,
            "roe": -11.37,
            "roe_4q": -49.019999999999996,
            "gross_profit": -10353,
            "gross_margin": -22.3,
            "gross_margin_4q_avg": -21.06,
            "net_income": -30933,
            "net_income_4q": null,
            "revenue": 46418,
            "revenue_4q": null,
            "common_shares": 715000,
            "book_valuer_per_share": 3.59,
            "book_valuer_per_share_4q_avg": 4.37,
            "equity": 256529,
            "current_ratio": 40.89,
            "debt_ratio": 67.29,
            "inventory_turnover_ratio": 0.36,
            "account_receivable_turnover_ratio": null,
            "reinvestment_rate": null,
            "research_to_sale_ratio": null,
            "price_fair": 0,
            "eps_avg_yearly": 0,
            "eps_latest_yearly": 0,
            "eps_growth_yearly": 0
        },
        "20034": {
            "year_quarter": 20034,
            "year": 2003,
            "quarter": 4,
            "eps": -4.08,
            "eps_growth_year": null,
            "eps_4q": -7.27,
            "eps_4q_growth_year": null,
            "roe": -88.71,
            "roe_4q": -127.78999999999999,
            "gross_profit": -47740,
            "gross_margin": -58.35,
            "gross_margin_4q_avg": -31.16,
            "net_income": -157647,
            "net_income_4q": null,
            "revenue": 81817,
            "revenue_4q": null,
            "common_shares": 386100,
            "book_valuer_per_share": 2.56,
            "book_valuer_per_share_4q_avg": 3.68,
            "equity": 98882,
            "current_ratio": 17.86,
            "debt_ratio": 84.52,
            "inventory_turnover_ratio": 1.14,
            "account_receivable_turnover_ratio": null,
            "reinvestment_rate": null,
            "research_to_sale_ratio": null,
            "price_fair": 0,
            "eps_avg_yearly": 0,
            "eps_latest_yearly": 0,
            "eps_growth_yearly": 0
        },
        "20041": {
            "year_quarter": 20041,
            "year": 2004,
            "quarter": 1,
            "eps": -0.79,
            "eps_growth_year": null,
            "eps_4q": -5.67,
            "eps_4q_growth_year": null,
            "roe": -40.33,
            "roe_4q": -152.57999999999998,
            "gross_profit": -17140,
            "gross_margin": -37.81,
            "gross_margin_4q_avg": -34.12,
            "net_income": -36546,
            "net_income_4q": null,
            "revenue": 45329,
            "revenue_4q": null,
            "common_shares": 486100,
            "book_valuer_per_share": 1.69,
            "book_valuer_per_share_4q_avg": 2.97,
            "equity": 82336,
            "current_ratio": 18.27,
            "debt_ratio": 86.55,
            "inventory_turnover_ratio": 0.86,
            "account_receivable_turnover_ratio": null,
            "reinvestment_rate": null,
            "research_to_sale_ratio": null,
            "price_fair": 0,
            "eps_avg_yearly": 0,
            "eps_latest_yearly": 0,
            "eps_growth_yearly": 0
        },
        "20042": {
            "year_quarter": 20042,
            "year": 2004,
            "quarter": 2,
            "eps": -0.67,
            "eps_growth_year": null,
            "eps_4q": -3.53,
            "eps_4q_growth_year": null,
            "roe": -38.69,
            "roe_4q": -179.1,
            "gross_profit": -3629,
            "gross_margin": -8.12,
            "gross_margin_4q_avg": -31.65,
            "net_income": -34794,
            "net_income_4q": null,
            "revenue": 44712,
            "revenue_4q": null,
            "common_shares": 736100,
            "book_valuer_per_share": 1.33,
            "book_valuer_per_share_4q_avg": 2.29,
            "equity": 97542,
            "current_ratio": 61.3,
            "debt_ratio": 83.82,
            "inventory_turnover_ratio": 0.62,
            "account_receivable_turnover_ratio": null,
            "reinvestment_rate": null,
            "research_to_sale_ratio": null,
            "price_fair": 0,
            "eps_avg_yearly": 0,
            "eps_latest_yearly": 0,
            "eps_growth_yearly": 0
        },
        "20043": {
            "year_quarter": 20043,
            "year": 2004,
            "quarter": 3,
            "eps": -0.28,
            "eps_growth_year": null,
            "eps_4q": -3.33,
            "eps_4q_growth_year": null,
            "roe": -18.2,
            "roe_4q": -185.93,
            "gross_profit": 584,
            "gross_margin": 0.89,
            "gross_margin_4q_avg": -25.85,
            "net_income": -16272,
            "net_income_4q": null,
            "revenue": 65425,
            "revenue_4q": null,
            "common_shares": 736100,
            "book_valuer_per_share": 1.1,
            "book_valuer_per_share_4q_avg": 1.67,
            "equity": 81270,
            "current_ratio": 64.55,
            "debt_ratio": 86.6,
            "inventory_turnover_ratio": 0.76,
            "account_receivable_turnover_ratio": null,
            "reinvestment_rate": null,
            "research_to_sale_ratio": null,
            "price_fair": 0,
            "eps_avg_yearly": 0,
            "eps_latest_yearly": 0,
            "eps_growth_yearly": 0
        },
        "20044": {
            "year_quarter": 20044,
            "year": 2004,
            "quarter": 4,
            "eps": -0.97,
            "eps_growth_year": null,
            "eps_4q": -1.98,
            "eps_4q_growth_year": null,
            "roe": -60.03,
            "roe_4q": -157.25,
            "gross_profit": -25573,
            "gross_margin": -50.06,
            "gross_margin_4q_avg": -23.78,
            "net_income": -83696,
            "net_income_4q": null,
            "revenue": 51083,
            "revenue_4q": null,
            "common_shares": 2402766,
            "book_valuer_per_share": 0.82,
            "book_valuer_per_share_4q_avg": 1.24,
            "equity": 197574,
            "current_ratio": 188.51,
            "debt_ratio": 70.08,
            "inventory_turnover_ratio": 0.87,
            "account_receivable_turnover_ratio": null,
            "reinvestment_rate": null,
            "research_to_sale_ratio": null,
            "price_fair": 0,
            "eps_avg_yearly": 0,
            "eps_latest_yearly": 0,
            "eps_growth_yearly": 0
        },
        "20051": {
            "year_quarter": 20051,
            "year": 2005,
            "quarter": 1,
            "eps": -0.07,
            "eps_growth_year": null,
            "eps_4q": -0.62,
            "eps_4q_growth_year": null,
            "roe": -8.83,
            "roe_4q": -125.75,
            "gross_profit": -4293,
            "gross_margin": -7.09,
            "gross_margin_4q_avg": -16.1,
            "net_income": -17076,
            "net_income_4q": null,
            "revenue": 60571,
            "revenue_4q": null,
            "common_shares": 2402766,
            "book_valuer_per_share": 0.79,
            "book_valuer_per_share_4q_avg": 1.01,
            "equity": 189377,
            "current_ratio": 193.32,
            "debt_ratio": 69.66,
            "inventory_turnover_ratio": 0.67,
            "account_receivable_turnover_ratio": null,
            "reinvestment_rate": null,
            "research_to_sale_ratio": null,
            "price_fair": 0,
            "eps_avg_yearly": 0,
            "eps_latest_yearly": 0,
            "eps_growth_yearly": 0
        },
        "20052": {
            "year_quarter": 20052,
            "year": 2005,
            "quarter": 2,
            "eps": -0.09,
            "eps_growth_year": null,
            "eps_4q": -0.58,
            "eps_4q_growth_year": null,
            "roe": -12.46,
            "roe_4q": -99.52,
            "gross_profit": 1181,
            "gross_margin": 1.41,
            "gross_margin_4q_avg": -13.71,
            "net_income": -22211,
            "net_income_4q": null,
            "revenue": 83496,
            "revenue_4q": null,
            "common_shares": 2402767,
            "book_valuer_per_share": 0.7,
            "book_valuer_per_share_4q_avg": 0.85,
            "equity": 167166,
            "current_ratio": 198.13,
            "debt_ratio": 72.01,
            "inventory_turnover_ratio": 0.63,
            "account_receivable_turnover_ratio": null,
            "reinvestment_rate": null,
            "research_to_sale_ratio": null,
            "price_fair": 0,
            "eps_avg_yearly": 0,
            "eps_latest_yearly": 0,
            "eps_growth_yearly": 0
        },
        "20053": {
            "year_quarter": 20053,
            "year": 2005,
            "quarter": 3,
            "eps": -0.06,
            "eps_growth_year": null,
            "eps_4q": -0.58,
            "eps_4q_growth_year": null,
            "roe": -9.62,
            "roe_4q": -90.94,
            "gross_profit": -5796,
            "gross_margin": -5.91,
            "gross_margin_4q_avg": -15.41,
            "net_income": -15347,
            "net_income_4q": null,
            "revenue": 97999,
            "revenue_4q": null,
            "common_shares": 2402766,
            "book_valuer_per_share": 0.63,
            "book_valuer_per_share_4q_avg": 0.74,
            "equity": 151819,
            "current_ratio": 186.92,
            "debt_ratio": 73.86,
            "inventory_turnover_ratio": 0.65,
            "account_receivable_turnover_ratio": null,
            "reinvestment_rate": null,
            "research_to_sale_ratio": null,
            "price_fair": 0,
            "eps_avg_yearly": 0,
            "eps_latest_yearly": 0,
            "eps_growth_yearly": 0
        },
        "20054": {
            "year_quarter": 20054,
            "year": 2005,
            "quarter": 4,
            "eps": -1.06,
            "eps_growth_year": null,
            "eps_4q": -2.75,
            "eps_4q_growth_year": null,
            "roe": -25.67,
            "roe_4q": -56.58,
            "gross_profit": -2306,
            "gross_margin": -2.6,
            "gross_margin_4q_avg": -3.55,
            "net_income": -34539,
            "net_income_4q": null,
            "revenue": 88568,
            "revenue_4q": null,
            "common_shares": 324374,
            "book_valuer_per_share": 3.62,
            "book_valuer_per_share_4q_avg": 1.44,
            "equity": 117280,
            "current_ratio": 193.31,
            "debt_ratio": 77.99,
            "inventory_turnover_ratio": 0.58,
            "account_receivable_turnover_ratio": null,
            "reinvestment_rate": null,
            "research_to_sale_ratio": null,
            "price_fair": 0,
            "eps_avg_yearly": 0,
            "eps_latest_yearly": 0,
            "eps_growth_yearly": 0
        },
        "20061": {
            "year_quarter": 20061,
            "year": 2006,
            "quarter": 1,
            "eps": -0.4,
            "eps_growth_year": null,
            "eps_4q": -2.61,
            "eps_4q_growth_year": null,
            "roe": -11.78,
            "roe_4q": -59.53,
            "gross_profit": 1010,
            "gross_margin": 1.01,
            "gross_margin_4q_avg": -1.52,
            "net_income": -13046,
            "net_income_4q": null,
            "revenue": 100310,
            "revenue_4q": null,
            "common_shares": 324374,
            "book_valuer_per_share": 3.21,
            "book_valuer_per_share_4q_avg": 2.04,
            "equity": 104234,
            "current_ratio": 182.87,
            "debt_ratio": 79.91,
            "inventory_turnover_ratio": 0.66,
            "account_receivable_turnover_ratio": null,
            "reinvestment_rate": null,
            "research_to_sale_ratio": null,
            "price_fair": 0,
            "eps_avg_yearly": 0,
            "eps_latest_yearly": 0,
            "eps_growth_yearly": 0
        },
        "20062": {
            "year_quarter": 20062,
            "year": 2006,
            "quarter": 2,
            "eps": -0.11,
            "eps_growth_year": null,
            "eps_4q": -2.05,
            "eps_4q_growth_year": null,
            "roe": -3.52,
            "roe_4q": -50.589999999999996,
            "gross_profit": 15001,
            "gross_margin": 13.2,
            "gross_margin_4q_avg": 1.43,
            "net_income": -3609,
            "net_income_4q": null,
            "revenue": 113684,
            "revenue_4q": null,
            "common_shares": 324374,
            "book_valuer_per_share": 3.1,
            "book_valuer_per_share_4q_avg": 2.64,
            "equity": 100625,
            "current_ratio": 182.87,
            "debt_ratio": 80.1,
            "inventory_turnover_ratio": 0.72,
            "account_receivable_turnover_ratio": null,
            "reinvestment_rate": null,
            "research_to_sale_ratio": null,
            "price_fair": 0,
            "eps_avg_yearly": 0,
            "eps_latest_yearly": 0,
            "eps_growth_yearly": 0
        },
        "20063": {
            "year_quarter": 20063,
            "year": 2006,
            "quarter": 3,
            "eps": 0.05,
            "eps_growth_year": null,
            "eps_4q": -1.65,
            "eps_4q_growth_year": null,
            "roe": 1.48,
            "roe_4q": -39.49,
            "gross_profit": 8924,
            "gross_margin": 7.65,
            "gross_margin_4q_avg": 4.82,
            "net_income": 1505,
            "net_income_4q": null,
            "revenue": 116659,
            "revenue_4q": null,
            "common_shares": 324374,
            "book_valuer_per_share": 3.15,
            "book_valuer_per_share_4q_avg": 3.27,
            "equity": 102130,
            "current_ratio": 184.94,
            "debt_ratio": 79.68,
            "inventory_turnover_ratio": 0.86,
            "account_receivable_turnover_ratio": null,
            "reinvestment_rate": null,
            "research_to_sale_ratio": null,
            "price_fair": 0,
            "eps_avg_yearly": 0,
            "eps_latest_yearly": 0,
            "eps_growth_yearly": 0
        },
        "20064": {
            "year_quarter": 20064,
            "year": 2006,
            "quarter": 4,
            "eps": -0.34,
            "eps_growth_year": null,
            "eps_4q": -0.81,
            "eps_4q_growth_year": null,
            "roe": -11.46,
            "roe_4q": -25.28,
            "gross_profit": 3854,
            "gross_margin": 3.22,
            "gross_margin_4q_avg": 6.27,
            "net_income": -11067,
            "net_income_4q": null,
            "revenue": 119760,
            "revenue_4q": null,
            "common_shares": 324374,
            "book_valuer_per_share": 2.81,
            "book_valuer_per_share_4q_avg": 3.07,
            "equity": 91063,
            "current_ratio": 171.92,
            "debt_ratio": 81.2,
            "inventory_turnover_ratio": 1.07,
            "account_receivable_turnover_ratio": null,
            "reinvestment_rate": null,
            "research_to_sale_ratio": null,
            "price_fair": 0,
            "eps_avg_yearly": 0,
            "eps_latest_yearly": 0,
            "eps_growth_yearly": 0
        },
        "20071": {
            "year_quarter": 20071,
            "year": 2007,
            "quarter": 1,
            "eps": -0.12,
            "eps_growth_year": null,
            "eps_4q": -0.52,
            "eps_4q_growth_year": null,
            "roe": -4.45,
            "roe_4q": -17.95,
            "gross_profit": 2964,
            "gross_margin": 3.5,
            "gross_margin_4q_avg": 6.89,
            "net_income": -3960,
            "net_income_4q": null,
            "revenue": 84731,
            "revenue_4q": null,
            "common_shares": 324374,
            "book_valuer_per_share": 2.69,
            "book_valuer_per_share_4q_avg": 2.94,
            "equity": 87103,
            "current_ratio": 168.59,
            "debt_ratio": 81.49,
            "inventory_turnover_ratio": 0.74,
            "account_receivable_turnover_ratio": null,
            "reinvestment_rate": null,
            "research_to_sale_ratio": null,
            "price_fair": 0,
            "eps_avg_yearly": 0,
            "eps_latest_yearly": 0,
            "eps_growth_yearly": 0
        },
        "20072": {
            "year_quarter": 20072,
            "year": 2007,
            "quarter": 2,
            "eps": -1.19,
            "eps_growth_year": null,
            "eps_4q": -1.6,
            "eps_4q_growth_year": null,
            "roe": -56.77,
            "roe_4q": -71.2,
            "gross_profit": 7534,
            "gross_margin": 7.82,
            "gross_margin_4q_avg": 5.55,
            "net_income": -38518,
            "net_income_4q": null,
            "revenue": 96393,
            "revenue_4q": null,
            "common_shares": 324374,
            "book_valuer_per_share": 1.5,
            "book_valuer_per_share_4q_avg": 2.54,
            "equity": 48585,
            "current_ratio": 125.96,
            "debt_ratio": 89.82,
            "inventory_turnover_ratio": 0.69,
            "account_receivable_turnover_ratio": null,
            "reinvestment_rate": null,
            "research_to_sale_ratio": null,
            "price_fair": 0,
            "eps_avg_yearly": 0,
            "eps_latest_yearly": 0,
            "eps_growth_yearly": 0
        },
        "20073": {
            "year_quarter": 20073,
            "year": 2007,
            "quarter": 3,
            "eps": -0.6,
            "eps_growth_year": -1300,
            "eps_4q": -2.25,
            "eps_4q_growth_year": null,
            "roe": -50.03,
            "roe_4q": -122.71000000000001,
            "gross_profit": 3467,
            "gross_margin": 3.38,
            "gross_margin_4q_avg": 4.48,
            "net_income": -19444,
            "net_income_4q": null,
            "revenue": 102630,
            "revenue_4q": null,
            "common_shares": 324374,
            "book_valuer_per_share": 0.9,
            "book_valuer_per_share_4q_avg": 1.98,
            "equity": 29141,
            "current_ratio": 124,
            "debt_ratio": 93.63,
            "inventory_turnover_ratio": 0.72,
            "account_receivable_turnover_ratio": null,
            "reinvestment_rate": null,
            "research_to_sale_ratio": null,
            "price_fair": 0,
            "eps_avg_yearly": 0,
            "eps_latest_yearly": 0,
            "eps_growth_yearly": 0
        },
        "20074": {
            "year_quarter": 20074,
            "year": 2007,
            "quarter": 4,
            "eps": 0.05,
            "eps_growth_year": null,
            "eps_4q": -1.79,
            "eps_4q_growth_year": null,
            "roe": 5.62,
            "roe_4q": -105.63000000000001,
            "gross_profit": 10230,
            "gross_margin": 8.63,
            "gross_margin_4q_avg": 5.83,
            "net_income": 1686,
            "net_income_4q": null,
            "revenue": 118498,
            "revenue_4q": null,
            "common_shares": 324374,
            "book_valuer_per_share": 0.95,
            "book_valuer_per_share_4q_avg": 1.51,
            "equity": 30827,
            "current_ratio": 121.57,
            "debt_ratio": 93.5,
            "inventory_turnover_ratio": 0.77,
            "account_receivable_turnover_ratio": null,
            "reinvestment_rate": null,
            "research_to_sale_ratio": null,
            "price_fair": 0,
            "eps_avg_yearly": 0,
            "eps_latest_yearly": 0,
            "eps_growth_yearly": 0
        },
        "20081": {
            "year_quarter": 20081,
            "year": 2008,
            "quarter": 1,
            "eps": -0.09,
            "eps_growth_year": null,
            "eps_4q": -1.81,
            "eps_4q_growth_year": null,
            "roe": -10.05,
            "roe_4q": -111.23,
            "gross_profit": 6612,
            "gross_margin": 6.17,
            "gross_margin_4q_avg": 6.5,
            "net_income": -2950,
            "net_income_4q": null,
            "revenue": 107162,
            "revenue_4q": null,
            "common_shares": 324374,
            "book_valuer_per_share": 0.86,
            "book_valuer_per_share_4q_avg": 1.05,
            "equity": 27877,
            "current_ratio": 107.01,
            "debt_ratio": 93.85,
            "inventory_turnover_ratio": 0.72,
            "account_receivable_turnover_ratio": null,
            "reinvestment_rate": null,
            "research_to_sale_ratio": null,
            "price_fair": 0,
            "eps_avg_yearly": 0,
            "eps_latest_yearly": 0,
            "eps_growth_yearly": 0
        },
        "20082": {
            "year_quarter": 20082,
            "year": 2008,
            "quarter": 2,
            "eps": -0.22,
            "eps_growth_year": null,
            "eps_4q": -0.09,
            "eps_4q_growth_year": null,
            "roe": -5.14,
            "roe_4q": -59.6,
            "gross_profit": 766,
            "gross_margin": 0.67,
            "gross_margin_4q_avg": 4.71,
            "net_income": -8715,
            "net_income_4q": null,
            "revenue": 113987,
            "revenue_4q": null,
            "common_shares": 3243735,
            "book_valuer_per_share": 0.96,
            "book_valuer_per_share_4q_avg": 0.92,
            "equity": 311098,
            "current_ratio": 205.89,
            "debt_ratio": 58.71,
            "inventory_turnover_ratio": 0.86,
            "account_receivable_turnover_ratio": null,
            "reinvestment_rate": null,
            "research_to_sale_ratio": null,
            "price_fair": 0,
            "eps_avg_yearly": 0,
            "eps_latest_yearly": 0,
            "eps_growth_yearly": 0
        },
        "20083": {
            "year_quarter": 20083,
            "year": 2008,
            "quarter": 3,
            "eps": 0.02,
            "eps_growth_year": null,
            "eps_4q": -0.08,
            "eps_4q_growth_year": null,
            "roe": 0.65,
            "roe_4q": -8.919999999999998,
            "gross_profit": 11703,
            "gross_margin": 11.08,
            "gross_margin_4q_avg": 6.64,
            "net_income": 2030,
            "net_income_4q": null,
            "revenue": 105647,
            "revenue_4q": null,
            "common_shares": 3243735,
            "book_valuer_per_share": 0.97,
            "book_valuer_per_share_4q_avg": 0.94,
            "equity": 313128,
            "current_ratio": 202.22,
            "debt_ratio": 56.18,
            "inventory_turnover_ratio": 0.69,
            "account_receivable_turnover_ratio": null,
            "reinvestment_rate": null,
            "research_to_sale_ratio": null,
            "price_fair": 0,
            "eps_avg_yearly": 0,
            "eps_latest_yearly": 0,
            "eps_growth_yearly": 0
        },
        "20084": {
            "year_quarter": 20084,
            "year": 2008,
            "quarter": 4,
            "eps": -0.11,
            "eps_growth_year": -320,
            "eps_4q": -0.16,
            "eps_4q_growth_year": null,
            "roe": -7.67,
            "roe_4q": -22.21,
            "gross_profit": -7458,
            "gross_margin": -9.73,
            "gross_margin_4q_avg": 2.05,
            "net_income": -23128,
            "net_income_4q": null,
            "revenue": 76613,
            "revenue_4q": null,
            "common_shares": 3243735,
            "book_valuer_per_share": 0.89,
            "book_valuer_per_share_4q_avg": 0.92,
            "equity": 290000,
            "current_ratio": 194.06,
            "debt_ratio": 55.09,
            "inventory_turnover_ratio": 0.63,
            "account_receivable_turnover_ratio": 2.56,
            "reinvestment_rate": null,
            "research_to_sale_ratio": null,
            "price_fair": 0,
            "eps_avg_yearly": 0,
            "eps_latest_yearly": 0,
            "eps_growth_yearly": 0
        },
        "20091": {
            "year_quarter": 20091,
            "year": 2009,
            "quarter": 1,
            "eps": -0.03,
            "eps_growth_year": null,
            "eps_4q": -0.12,
            "eps_4q_growth_year": null,
            "roe": -3.15,
            "roe_4q": -15.309999999999999,
            "gross_profit": -5039,
            "gross_margin": -10.59,
            "gross_margin_4q_avg": -2.14,
            "net_income": -8997,
            "net_income_4q": null,
            "revenue": 47579,
            "revenue_4q": null,
            "common_shares": 3243735,
            "book_valuer_per_share": 0.87,
            "book_valuer_per_share_4q_avg": 0.92,
            "equity": 281003,
            "current_ratio": 228.31,
            "debt_ratio": 46.21,
            "inventory_turnover_ratio": 0.48,
            "account_receivable_turnover_ratio": 0.92,
            "reinvestment_rate": null,
            "research_to_sale_ratio": null,
            "price_fair": 0,
            "eps_avg_yearly": 0,
            "eps_latest_yearly": 0,
            "eps_growth_yearly": 0
        },
        "20092": {
            "year_quarter": 20092,
            "year": 2009,
            "quarter": 2,
            "eps": -0.03,
            "eps_growth_year": null,
            "eps_4q": -0.12,
            "eps_4q_growth_year": null,
            "roe": -3.69,
            "roe_4q": -13.86,
            "gross_profit": -4442,
            "gross_margin": -6.86,
            "gross_margin_4q_avg": -4.03,
            "net_income": -10180,
            "net_income_4q": null,
            "revenue": 64763,
            "revenue_4q": null,
            "common_shares": 3243735,
            "book_valuer_per_share": 0.83,
            "book_valuer_per_share_4q_avg": 0.89,
            "equity": 270823,
            "current_ratio": 184.61,
            "debt_ratio": 47.69,
            "inventory_turnover_ratio": 0.76,
            "account_receivable_turnover_ratio": 1.38,
            "reinvestment_rate": null,
            "research_to_sale_ratio": null,
            "price_fair": 0,
            "eps_avg_yearly": 0,
            "eps_latest_yearly": 0,
            "eps_growth_yearly": 0
        },
        "20093": {
            "year_quarter": 20093,
            "year": 2009,
            "quarter": 3,
            "eps": 0.03,
            "eps_growth_year": 50,
            "eps_4q": -0.1,
            "eps_4q_growth_year": null,
            "roe": 3.43,
            "roe_4q": -11.08,
            "gross_profit": 4543,
            "gross_margin": 6.61,
            "gross_margin_4q_avg": -5.14,
            "net_income": 9460,
            "net_income_4q": null,
            "revenue": 68691,
            "revenue_4q": null,
            "common_shares": 3243735,
            "book_valuer_per_share": 0.86,
            "book_valuer_per_share_4q_avg": 0.86,
            "equity": 280283,
            "current_ratio": 167.6,
            "debt_ratio": 46.65,
            "inventory_turnover_ratio": 0.67,
            "account_receivable_turnover_ratio": 1.34,
            "reinvestment_rate": null,
            "research_to_sale_ratio": null,
            "price_fair": 0,
            "eps_avg_yearly": 0,
            "eps_latest_yearly": 0,
            "eps_growth_yearly": 0
        },
        "20094": {
            "year_quarter": 20094,
            "year": 2009,
            "quarter": 4,
            "eps": 0.04,
            "eps_growth_year": null,
            "eps_4q": 0.01,
            "eps_4q_growth_year": null,
            "roe": 4.32,
            "roe_4q": 0.9100000000000006,
            "gross_profit": 9145,
            "gross_margin": 10.94,
            "gross_margin_4q_avg": 0.03,
            "net_income": 12371,
            "net_income_4q": null,
            "revenue": 83593,
            "revenue_4q": null,
            "common_shares": 3243735,
            "book_valuer_per_share": 0.9,
            "book_valuer_per_share_4q_avg": 0.87,
            "equity": 292654,
            "current_ratio": 163.74,
            "debt_ratio": 41.36,
            "inventory_turnover_ratio": 0.69,
            "account_receivable_turnover_ratio": 2.9,
            "reinvestment_rate": null,
            "research_to_sale_ratio": null,
            "price_fair": 5.6,
            "eps_avg_yearly": 0.16,
            "eps_latest_yearly": 0.16,
            "eps_growth_yearly": 133.33
        },
        "20101": {
            "year_quarter": 20101,
            "year": 2010,
            "quarter": 1,
            "eps": 0.04,
            "eps_growth_year": null,
            "eps_4q": 0.07,
            "eps_4q_growth_year": null,
            "roe": 3.87,
            "roe_4q": 7.9300000000000015,
            "gross_profit": 6690,
            "gross_margin": 7.83,
            "gross_margin_4q_avg": 4.63,
            "net_income": 11540,
            "net_income_4q": null,
            "revenue": 85418,
            "revenue_4q": null,
            "common_shares": 3243735,
            "book_valuer_per_share": 0.94,
            "book_valuer_per_share_4q_avg": 0.88,
            "equity": 304194,
            "current_ratio": 190.68,
            "debt_ratio": 35.42,
            "inventory_turnover_ratio": 0.77,
            "account_receivable_turnover_ratio": 1.66,
            "reinvestment_rate": null,
            "research_to_sale_ratio": 0,
            "price_fair": 5.6,
            "eps_avg_yearly": 0.16,
            "eps_latest_yearly": 0.16,
            "eps_growth_yearly": 66.67
        },
        "20102": {
            "year_quarter": 20102,
            "year": 2010,
            "quarter": 2,
            "eps": -0.02,
            "eps_growth_year": null,
            "eps_4q": 0.08,
            "eps_4q_growth_year": null,
            "roe": -2.49,
            "roe_4q": 9.13,
            "gross_profit": 1380,
            "gross_margin": 2.32,
            "gross_margin_4q_avg": 6.93,
            "net_income": -7489,
            "net_income_4q": null,
            "revenue": 59535,
            "revenue_4q": null,
            "common_shares": 3243735,
            "book_valuer_per_share": 0.91,
            "book_valuer_per_share_4q_avg": 0.9,
            "equity": 296705,
            "current_ratio": 251.28,
            "debt_ratio": 27.26,
            "inventory_turnover_ratio": 0.56,
            "account_receivable_turnover_ratio": 1.48,
            "reinvestment_rate": null,
            "research_to_sale_ratio": null,
            "price_fair": 5.6,
            "eps_avg_yearly": 0.16,
            "eps_latest_yearly": 0.16,
            "eps_growth_yearly": 66.67
        },
        "20103": {
            "year_quarter": 20103,
            "year": 2010,
            "quarter": 3,
            "eps": -0.1,
            "eps_growth_year": -443.33,
            "eps_4q": 0.4,
            "eps_4q_growth_year": null,
            "roe": -1.13,
            "roe_4q": 4.57,
            "gross_profit": 6190,
            "gross_margin": 6.12,
            "gross_margin_4q_avg": 6.8,
            "net_income": -3341,
            "net_income_4q": null,
            "revenue": 101206,
            "revenue_4q": null,
            "common_shares": 324373,
            "book_valuer_per_share": 9.04,
            "book_valuer_per_share_4q_avg": 2.95,
            "equity": 293364,
            "current_ratio": 248.68,
            "debt_ratio": 27.67,
            "inventory_turnover_ratio": 0.81,
            "account_receivable_turnover_ratio": 2.36,
            "reinvestment_rate": null,
            "research_to_sale_ratio": null,
            "price_fair": 5.6,
            "eps_avg_yearly": 0.16,
            "eps_latest_yearly": 0.16,
            "eps_growth_yearly": 66.67
        },
        "20104": {
            "year_quarter": 20104,
            "year": 2010,
            "quarter": 4,
            "eps": 0.39,
            "eps_growth_year": 870.56,
            "eps_4q": 0.41,
            "eps_4q_growth_year": 4912.39,
            "roe": 4.2,
            "roe_4q": 4.45,
            "gross_profit": 17430,
            "gross_margin": 10.74,
            "gross_margin_4q_avg": 6.75,
            "net_income": 12593,
            "net_income_4q": null,
            "revenue": 162286,
            "revenue_4q": null,
            "common_shares": 324373,
            "book_valuer_per_share": 9.43,
            "book_valuer_per_share_4q_avg": 5.08,
            "equity": 305957,
            "current_ratio": 245.05,
            "debt_ratio": 28.36,
            "inventory_turnover_ratio": 1.09,
            "account_receivable_turnover_ratio": 2.66,
            "reinvestment_rate": null,
            "research_to_sale_ratio": null,
            "price_fair": 5.6,
            "eps_avg_yearly": 0.16,
            "eps_latest_yearly": 0.16,
            "eps_growth_yearly": 66.67
        },
        "20111": {
            "year_quarter": 20111,
            "year": 2011,
            "quarter": 1,
            "eps": 0.23,
            "eps_growth_year": 475,
            "eps_4q": 0.29,
            "eps_4q_growth_year": 301.92,
            "roe": 2.44,
            "roe_4q": 3.0200000000000005,
            "gross_profit": 15699,
            "gross_margin": 9.21,
            "gross_margin_4q_avg": 7.1,
            "net_income": 7558,
            "net_income_4q": null,
            "revenue": 170496,
            "revenue_4q": null,
            "common_shares": 324373,
            "book_valuer_per_share": 9.67,
            "book_valuer_per_share_4q_avg": 7.26,
            "equity": 313515,
            "current_ratio": 223.52,
            "debt_ratio": 31.2,
            "inventory_turnover_ratio": 0.95,
            "account_receivable_turnover_ratio": 2.4,
            "reinvestment_rate": null,
            "research_to_sale_ratio": 0.14,
            "price_fair": 1.24,
            "eps_avg_yearly": 0.41,
            "eps_latest_yearly": 0.92,
            "eps_growth_yearly": -10.26
        },
        "20112": {
            "year_quarter": 20112,
            "year": 2011,
            "quarter": 2,
            "eps": 0.83,
            "eps_growth_year": null,
            "eps_4q": 1.35,
            "eps_4q_growth_year": 1591.67,
            "roe": 8.25,
            "roe_4q": 13.760000000000002,
            "gross_profit": 27946,
            "gross_margin": 12.16,
            "gross_margin_4q_avg": 9.56,
            "net_income": 26974,
            "net_income_4q": null,
            "revenue": 229753,
            "revenue_4q": null,
            "common_shares": 324373,
            "book_valuer_per_share": 10.5,
            "book_valuer_per_share_4q_avg": 9.66,
            "equity": 340489,
            "current_ratio": 223.03,
            "debt_ratio": 31.11,
            "inventory_turnover_ratio": 1.14,
            "account_receivable_turnover_ratio": 2.77,
            "reinvestment_rate": null,
            "research_to_sale_ratio": 0.14,
            "price_fair": 39.9,
            "eps_avg_yearly": 1.14,
            "eps_latest_yearly": 3.32,
            "eps_growth_yearly": 253.18
        },
        "20113": {
            "year_quarter": 20113,
            "year": 2011,
            "quarter": 3,
            "eps": 0.88,
            "eps_growth_year": null,
            "eps_4q": 2.33,
            "eps_4q_growth_year": 478.35,
            "roe": 7.94,
            "roe_4q": 22.830000000000002,
            "gross_profit": 40779,
            "gross_margin": 18.34,
            "gross_margin_4q_avg": 12.61,
            "net_income": 28529,
            "net_income_4q": null,
            "revenue": 222398,
            "revenue_4q": null,
            "common_shares": 324373,
            "book_valuer_per_share": 11.66,
            "book_valuer_per_share_4q_avg": 10.32,
            "equity": 378169,
            "current_ratio": 329.54,
            "debt_ratio": 37.91,
            "inventory_turnover_ratio": 0.99,
            "account_receivable_turnover_ratio": 2.5,
            "reinvestment_rate": -61.1,
            "research_to_sale_ratio": 0.18,
            "price_fair": 56.56,
            "eps_avg_yearly": 1.62,
            "eps_latest_yearly": 3.52,
            "eps_growth_yearly": 207.36
        },
        "20114": {
            "year_quarter": 20114,
            "year": 2011,
            "quarter": 4,
            "eps": 1.36,
            "eps_growth_year": 251.47,
            "eps_4q": 3.31,
            "eps_4q_growth_year": 706.74,
            "roe": 11.16,
            "roe_4q": 29.790000000000003,
            "gross_profit": 54326,
            "gross_margin": 19.26,
            "gross_margin_4q_avg": 14.74,
            "net_income": 44260,
            "net_income_4q": null,
            "revenue": 282051,
            "revenue_4q": null,
            "common_shares": 324373,
            "book_valuer_per_share": 12.79,
            "book_valuer_per_share_4q_avg": 11.16,
            "equity": 414916,
            "current_ratio": 304.49,
            "debt_ratio": 39.58,
            "inventory_turnover_ratio": 1.12,
            "account_receivable_turnover_ratio": 2.51,
            "reinvestment_rate": -19.68,
            "research_to_sale_ratio": 0.12,
            "price_fair": 78.87,
            "eps_avg_yearly": 2.25,
            "eps_latest_yearly": 5.44,
            "eps_growth_yearly": 209.16
        },
        "20121": {
            "year_quarter": 20121,
            "year": 2012,
            "quarter": 1,
            "eps": 1.69,
            "eps_growth_year": 634.78,
            "eps_4q": 4.75,
            "eps_4q_growth_year": 1551.96,
            "roe": 12.34,
            "roe_4q": 39.69,
            "gross_profit": 36171,
            "gross_margin": 15.38,
            "gross_margin_4q_avg": 16.29,
            "net_income": 54900,
            "net_income_4q": null,
            "revenue": 235126,
            "revenue_4q": null,
            "common_shares": 324373,
            "book_valuer_per_share": 14.57,
            "book_valuer_per_share_4q_avg": 12.38,
            "equity": 474755,
            "current_ratio": 396.46,
            "debt_ratio": 32.96,
            "inventory_turnover_ratio": 0.83,
            "account_receivable_turnover_ratio": 2.31,
            "reinvestment_rate": -8.55,
            "research_to_sale_ratio": 0.48,
            "price_fair": 101.4,
            "eps_avg_yearly": 2.9,
            "eps_latest_yearly": 6.76,
            "eps_growth_yearly": 193.15
        },
        "20122": {
            "year_quarter": 20122,
            "year": 2012,
            "quarter": 2,
            "eps": 0.17,
            "eps_growth_year": -79.83,
            "eps_4q": 4.08,
            "eps_4q_growth_year": 202.39,
            "roe": 1.22,
            "roe_4q": 32.66,
            "gross_profit": 32431,
            "gross_margin": 11.56,
            "gross_margin_4q_avg": 16.14,
            "net_income": 5472,
            "net_income_4q": null,
            "revenue": 280517,
            "revenue_4q": null,
            "common_shares": 325814,
            "book_valuer_per_share": 12.98,
            "book_valuer_per_share_4q_avg": 13,
            "equity": 423037,
            "current_ratio": 288.03,
            "debt_ratio": 39.4,
            "inventory_turnover_ratio": 0.97,
            "account_receivable_turnover_ratio": 4.98,
            "reinvestment_rate": -5.16,
            "research_to_sale_ratio": 0.56,
            "price_fair": 91.7,
            "eps_avg_yearly": 2.62,
            "eps_latest_yearly": 0.68,
            "eps_growth_yearly": 124.04
        },
        "20123": {
            "year_quarter": 20123,
            "year": 2012,
            "quarter": 3,
            "eps": -0.15,
            "eps_growth_year": -116.63,
            "eps_4q": 3.06,
            "eps_4q_growth_year": 31.24,
            "roe": -1.13,
            "roe_4q": 23.59,
            "gross_profit": 10328,
            "gross_margin": 5.21,
            "gross_margin_4q_avg": 12.85,
            "net_income": -4771,
            "net_income_4q": null,
            "revenue": 198227,
            "revenue_4q": null,
            "common_shares": 326238,
            "book_valuer_per_share": 12.82,
            "book_valuer_per_share_4q_avg": 13.29,
            "equity": 418266,
            "current_ratio": 308.75,
            "debt_ratio": 37.68,
            "inventory_turnover_ratio": 0.83,
            "account_receivable_turnover_ratio": 3.75,
            "reinvestment_rate": 1.85,
            "research_to_sale_ratio": 0.71,
            "price_fair": 91.7,
            "eps_avg_yearly": 2.62,
            "eps_latest_yearly": 0.68,
            "eps_growth_yearly": 124.04
        },
        "20124": {
            "year_quarter": 20124,
            "year": 2012,
            "quarter": 4,
            "eps": -0.07,
            "eps_growth_year": -105.17,
            "eps_4q": 1.63,
            "eps_4q_growth_year": -50.62,
            "roe": -0.55,
            "roe_4q": 11.879999999999999,
            "gross_profit": 18163,
            "gross_margin": 8.43,
            "gross_margin_4q_avg": 10.15,
            "net_income": -2302,
            "net_income_4q": null,
            "revenue": 215551,
            "revenue_4q": null,
            "common_shares": 326238,
            "book_valuer_per_share": 12.75,
            "book_valuer_per_share_4q_avg": 13.28,
            "equity": 415964,
            "current_ratio": 361.39,
            "debt_ratio": 34.87,
            "inventory_turnover_ratio": 0.9,
            "account_receivable_turnover_ratio": 3.64,
            "reinvestment_rate": 11.28,
            "research_to_sale_ratio": 0.69,
            "price_fair": 91.7,
            "eps_avg_yearly": 2.62,
            "eps_latest_yearly": 0.68,
            "eps_growth_yearly": 124.04
        },
        "20131": {
            "year_quarter": 20131,
            "year": 2013,
            "quarter": 1,
            "eps": 0.13,
            "eps_growth_year": -92.31,
            "eps_4q": 0.08,
            "eps_4q_growth_year": -98.25,
            "roe": 1.03,
            "roe_4q": 0.5700000000000001,
            "gross_profit": 19987,
            "gross_margin": 9.41,
            "gross_margin_4q_avg": 8.65,
            "net_income": 4318,
            "net_income_4q": null,
            "revenue": 212452,
            "revenue_4q": null,
            "common_shares": 326238,
            "book_valuer_per_share": 12.87,
            "book_valuer_per_share_4q_avg": 12.86,
            "equity": 419970,
            "current_ratio": 305.05,
            "debt_ratio": 37.97,
            "inventory_turnover_ratio": 0.74,
            "account_receivable_turnover_ratio": 3.25,
            "reinvestment_rate": 11.23,
            "research_to_sale_ratio": 0.75,
            "price_fair": 91.7,
            "eps_avg_yearly": 2.62,
            "eps_latest_yearly": 0.68,
            "eps_growth_yearly": 124.04
        },
        "20132": {
            "year_quarter": 20132,
            "year": 2013,
            "quarter": 2,
            "eps": 0.35,
            "eps_growth_year": 108.67,
            "eps_4q": 0.26,
            "eps_4q_growth_year": -93.58,
            "roe": 2.78,
            "roe_4q": 2.13,
            "gross_profit": 26521,
            "gross_margin": 11.36,
            "gross_margin_4q_avg": 8.6,
            "net_income": 11301,
            "net_income_4q": null,
            "revenue": 233519,
            "revenue_4q": null,
            "common_shares": 326238,
            "book_valuer_per_share": 12.02,
            "book_valuer_per_share_4q_avg": 12.62,
            "equity": 392122,
            "current_ratio": 217.28,
            "debt_ratio": 46.68,
            "inventory_turnover_ratio": 0.77,
            "account_receivable_turnover_ratio": 3.42,
            "reinvestment_rate": 13.53,
            "research_to_sale_ratio": 0.69,
            "price_fair": 86.96,
            "eps_avg_yearly": 2.48,
            "eps_latest_yearly": 1.4,
            "eps_growth_yearly": 185.47
        },
        "20133": {
            "year_quarter": 20133,
            "year": 2013,
            "quarter": 3,
            "eps": 0.29,
            "eps_growth_year": null,
            "eps_4q": 0.7,
            "eps_4q_growth_year": -77.16,
            "roe": 2.39,
            "roe_4q": 5.65,
            "gross_profit": 20145,
            "gross_margin": 10.32,
            "gross_margin_4q_avg": 9.88,
            "net_income": 9488,
            "net_income_4q": null,
            "revenue": 195183,
            "revenue_4q": null,
            "common_shares": 326238,
            "book_valuer_per_share": 12.31,
            "book_valuer_per_share_4q_avg": 12.49,
            "equity": 401610,
            "current_ratio": 163.01,
            "debt_ratio": 43.05,
            "inventory_turnover_ratio": 0.75,
            "account_receivable_turnover_ratio": 3.34,
            "reinvestment_rate": 21.72,
            "research_to_sale_ratio": 0.78,
            "price_fair": 82.32,
            "eps_avg_yearly": 2.35,
            "eps_latest_yearly": 1.16,
            "eps_growth_yearly": 160.06
        },
        "20134": {
            "year_quarter": 20134,
            "year": 2013,
            "quarter": 4,
            "eps": 0.03,
            "eps_growth_year": null,
            "eps_4q": 0.79,
            "eps_4q_growth_year": -51.34,
            "roe": 0.21,
            "roe_4q": 6.41,
            "gross_profit": 12940,
            "gross_margin": 7.91,
            "gross_margin_4q_avg": 9.75,
            "net_income": 828,
            "net_income_4q": null,
            "revenue": 163560,
            "revenue_4q": null,
            "common_shares": 326238,
            "book_valuer_per_share": 12.33,
            "book_valuer_per_share_4q_avg": 12.38,
            "equity": 402165,
            "current_ratio": 149.75,
            "debt_ratio": 44.96,
            "inventory_turnover_ratio": 0.64,
            "account_receivable_turnover_ratio": 3.3,
            "reinvestment_rate": 35.36,
            "research_to_sale_ratio": 0.81,
            "price_fair": 82.18,
            "eps_avg_yearly": 2.35,
            "eps_latest_yearly": 0.12,
            "eps_growth_yearly": 110.87
        },
        "20141": {
            "year_quarter": 20141,
            "year": 2014,
            "quarter": 1,
            "eps": 1.04,
            "eps_growth_year": 700,
            "eps_4q": 1.7,
            "eps_4q_growth_year": 1941.03,
            "roe": 8.07,
            "roe_4q": 13.450000000000001,
            "gross_profit": 45571,
            "gross_margin": 16.6,
            "gross_margin_4q_avg": 11.55,
            "net_income": 33838,
            "net_income_4q": null,
            "revenue": 274551,
            "revenue_4q": null,
            "common_shares": 326238,
            "book_valuer_per_share": 13.36,
            "book_valuer_per_share_4q_avg": 12.51,
            "equity": 436003,
            "current_ratio": 155.5,
            "debt_ratio": 45.03,
            "inventory_turnover_ratio": 0.96,
            "account_receivable_turnover_ratio": 4.19,
            "reinvestment_rate": 31.8,
            "research_to_sale_ratio": 0.38,
            "price_fair": 96.18,
            "eps_avg_yearly": 2.75,
            "eps_latest_yearly": 4.16,
            "eps_growth_yearly": 1457.53
        },
        "20142": {
            "year_quarter": 20142,
            "year": 2014,
            "quarter": 2,
            "eps": 0.6,
            "eps_growth_year": 71.43,
            "eps_4q": 1.9,
            "eps_4q_growth_year": 624.23,
            "roe": 4.38,
            "roe_4q": 15.05,
            "gross_profit": 37559,
            "gross_margin": 14.61,
            "gross_margin_4q_avg": 12.36,
            "net_income": 19628,
            "net_income_4q": null,
            "revenue": 257083,
            "revenue_4q": null,
            "common_shares": 326238,
            "book_valuer_per_share": 14.1,
            "book_valuer_per_share_4q_avg": 13.03,
            "equity": 459915,
            "current_ratio": 154.01,
            "debt_ratio": 47.12,
            "inventory_turnover_ratio": 0.92,
            "account_receivable_turnover_ratio": 3.43,
            "reinvestment_rate": 30.49,
            "research_to_sale_ratio": 0.4,
            "price_fair": 95.07,
            "eps_avg_yearly": 2.72,
            "eps_latest_yearly": 2.4,
            "eps_growth_yearly": 1309.65
        },
        "20143": {
            "year_quarter": 20143,
            "year": 2014,
            "quarter": 3,
            "eps": 0.08,
            "eps_growth_year": -72.41,
            "eps_4q": 1.7,
            "eps_4q_growth_year": 142.79,
            "roe": 0.61,
            "roe_4q": 13.270000000000001,
            "gross_profit": 18640,
            "gross_margin": 7.51,
            "gross_margin_4q_avg": 11.66,
            "net_income": 2793,
            "net_income_4q": null,
            "revenue": 248228,
            "revenue_4q": null,
            "common_shares": 336359,
            "book_valuer_per_share": 13.77,
            "book_valuer_per_share_4q_avg": 13.39,
            "equity": 463208,
            "current_ratio": 178.91,
            "debt_ratio": 38.35,
            "inventory_turnover_ratio": 0.9,
            "account_receivable_turnover_ratio": 4.07,
            "reinvestment_rate": 30.86,
            "research_to_sale_ratio": 0.35,
            "price_fair": 88.08,
            "eps_avg_yearly": 2.52,
            "eps_latest_yearly": 0.32,
            "eps_growth_yearly": 1171.62
        },
        "20144": {
            "year_quarter": 20144,
            "year": 2014,
            "quarter": 4,
            "eps": 0.1,
            "eps_growth_year": 290.78,
            "eps_4q": 1.77,
            "eps_4q_growth_year": 122.87,
            "roe": 0.72,
            "roe_4q": 13.780000000000001,
            "gross_profit": 23653,
            "gross_margin": 10.99,
            "gross_margin_4q_avg": 12.43,
            "net_income": 3336,
            "net_income_4q": null,
            "revenue": 215269,
            "revenue_4q": null,
            "common_shares": 336359,
            "book_valuer_per_share": 13.85,
            "book_valuer_per_share_4q_avg": 13.77,
            "equity": 465767,
            "current_ratio": 177.48,
            "debt_ratio": 40.98,
            "inventory_turnover_ratio": 0.76,
            "account_receivable_turnover_ratio": 3.89,
            "reinvestment_rate": 30.63,
            "research_to_sale_ratio": 0.45,
            "price_fair": 82.38,
            "eps_avg_yearly": 2.35,
            "eps_latest_yearly": 0.4,
            "eps_growth_yearly": 1089.19
        },
        "20151": {
            "year_quarter": 20151,
            "year": 2015,
            "quarter": 1,
            "eps": -0.23,
            "eps_growth_year": -122.12,
            "eps_4q": 0.54,
            "eps_4q_growth_year": -68.27,
            "roe": -1.65,
            "roe_4q": 4.06,
            "gross_profit": 12062,
            "gross_margin": 4.77,
            "gross_margin_4q_avg": 9.47,
            "net_income": -7615,
            "net_income_4q": null,
            "revenue": 253033,
            "revenue_4q": null,
            "common_shares": 336359,
            "book_valuer_per_share": 13.62,
            "book_valuer_per_share_4q_avg": 13.84,
            "equity": 458152,
            "current_ratio": 167.72,
            "debt_ratio": 42.8,
            "inventory_turnover_ratio": 1.08,
            "account_receivable_turnover_ratio": 4.02,
            "reinvestment_rate": 30.11,
            "research_to_sale_ratio": 0.4,
            "price_fair": 86.57,
            "eps_avg_yearly": 2.47,
            "eps_latest_yearly": 0.4,
            "eps_growth_yearly": 1193.63
        },
        "20152": {
            "year_quarter": 20152,
            "year": 2015,
            "quarter": 2,
            "eps": 0.26,
            "eps_growth_year": -56.67,
            "eps_4q": 0.22,
            "eps_4q_growth_year": -88.49,
            "roe": 2.03,
            "roe_4q": 1.71,
            "gross_profit": 18140,
            "gross_margin": 8.95,
            "gross_margin_4q_avg": 8.06,
            "net_income": 8829,
            "net_income_4q": null,
            "revenue": 202616,
            "revenue_4q": null,
            "common_shares": 336359,
            "book_valuer_per_share": 12.28,
            "book_valuer_per_share_4q_avg": 13.38,
            "equity": 413164,
            "current_ratio": 126.54,
            "debt_ratio": 52.55,
            "inventory_turnover_ratio": 0.86,
            "account_receivable_turnover_ratio": 3.53,
            "reinvestment_rate": 49.26,
            "research_to_sale_ratio": 0.33,
            "price_fair": 83.87,
            "eps_avg_yearly": 2.4,
            "eps_latest_yearly": 0.4,
            "eps_growth_yearly": 1207.28
        },
        "20153": {
            "year_quarter": 20153,
            "year": 2015,
            "quarter": 3,
            "eps": 0.28,
            "eps_growth_year": 250,
            "eps_4q": 0.42,
            "eps_4q_growth_year": -75.29,
            "roe": 2.29,
            "roe_4q": 3.3900000000000006,
            "gross_profit": 24579,
            "gross_margin": 9.54,
            "gross_margin_4q_avg": 8.56,
            "net_income": 9556,
            "net_income_4q": null,
            "revenue": 257515,
            "revenue_4q": null,
            "common_shares": 336359,
            "book_valuer_per_share": 12.52,
            "book_valuer_per_share_4q_avg": 13.07,
            "equity": 421255,
            "current_ratio": 114.34,
            "debt_ratio": 56.8,
            "inventory_turnover_ratio": 0.98,
            "account_receivable_turnover_ratio": 4.14,
            "reinvestment_rate": 119.39,
            "research_to_sale_ratio": 0.24,
            "price_fair": 76.24,
            "eps_avg_yearly": 2.18,
            "eps_latest_yearly": 1.12,
            "eps_growth_yearly": 1207.89
        },
        "20154": {
            "year_quarter": 20154,
            "year": 2015,
            "quarter": 4,
            "eps": 0.41,
            "eps_growth_year": 314.09,
            "eps_4q": 0.73,
            "eps_4q_growth_year": -58.75,
            "roe": 3.21,
            "roe_4q": 5.879999999999999,
            "gross_profit": 27518,
            "gross_margin": 10.9,
            "gross_margin_4q_avg": 8.54,
            "net_income": 13814,
            "net_income_4q": null,
            "revenue": 252519,
            "revenue_4q": null,
            "common_shares": 336359,
            "book_valuer_per_share": 13.09,
            "book_valuer_per_share_4q_avg": 12.88,
            "equity": 440182,
            "current_ratio": 112.37,
            "debt_ratio": 55.92,
            "inventory_turnover_ratio": 0.84,
            "account_receivable_turnover_ratio": 3.59,
            "reinvestment_rate": 159.5,
            "research_to_sale_ratio": 0.24,
            "price_fair": 64.15,
            "eps_avg_yearly": 1.83,
            "eps_latest_yearly": 1.64,
            "eps_growth_yearly": 1204.93
        },
        "20161": {
            "year_quarter": 20161,
            "year": 2016,
            "quarter": 1,
            "eps": 0.41,
            "eps_growth_year": null,
            "eps_4q": 1.37,
            "eps_4q_growth_year": 153.99,
            "roe": 3.12,
            "roe_4q": 10.65,
            "gross_profit": 29959,
            "gross_margin": 11.7,
            "gross_margin_4q_avg": 10.27,
            "net_income": 13879,
            "net_income_4q": null,
            "revenue": 256031,
            "revenue_4q": null,
            "common_shares": 336359,
            "book_valuer_per_share": 13.4,
            "book_valuer_per_share_4q_avg": 12.82,
            "equity": 450556,
            "current_ratio": 108.96,
            "debt_ratio": 53.74,
            "inventory_turnover_ratio": 0.82,
            "account_receivable_turnover_ratio": 3.92,
            "reinvestment_rate": 236.02,
            "research_to_sale_ratio": 0.32,
            "price_fair": 47.85,
            "eps_avg_yearly": 1.37,
            "eps_latest_yearly": 1.64,
            "eps_growth_yearly": 1196.11
        },
        "20162": {
            "year_quarter": 20162,
            "year": 2016,
            "quarter": 2,
            "eps": 0.58,
            "eps_growth_year": 123.08,
            "eps_4q": 1.41,
            "eps_4q_growth_year": 547.15,
            "roe": 3.98,
            "roe_4q": 12.599999999999998,
            "gross_profit": 40818,
            "gross_margin": 14.15,
            "gross_margin_4q_avg": 11.57,
            "net_income": 20867,
            "net_income_4q": null,
            "revenue": 288555,
            "revenue_4q": null,
            "common_shares": 411359,
            "book_valuer_per_share": 14.56,
            "book_valuer_per_share_4q_avg": 13.39,
            "equity": 598989,
            "current_ratio": 145.88,
            "debt_ratio": 42.57,
            "inventory_turnover_ratio": 0.99,
            "account_receivable_turnover_ratio": 4.22,
            "reinvestment_rate": 220.79,
            "research_to_sale_ratio": 0.27,
            "price_fair": 53.07,
            "eps_avg_yearly": 1.52,
            "eps_latest_yearly": 2.32,
            "eps_growth_yearly": 1243.89
        },
        "20163": {
            "year_quarter": 20163,
            "year": 2016,
            "quarter": 3,
            "eps": 0.07,
            "eps_growth_year": -75,
            "eps_4q": 1.25,
            "eps_4q_growth_year": 199.03,
            "roe": 0.5,
            "roe_4q": 10.81,
            "gross_profit": 27676,
            "gross_margin": 9.89,
            "gross_margin_4q_avg": 11.66,
            "net_income": 3026,
            "net_income_4q": null,
            "revenue": 279725,
            "revenue_4q": null,
            "common_shares": 411359,
            "book_valuer_per_share": 14.63,
            "book_valuer_per_share_4q_avg": 13.92,
            "equity": 602015,
            "current_ratio": 137.41,
            "debt_ratio": 44.43,
            "inventory_turnover_ratio": 1,
            "account_receivable_turnover_ratio": 4.2,
            "reinvestment_rate": 212.66,
            "research_to_sale_ratio": 0.25,
            "price_fair": 49.47,
            "eps_avg_yearly": 1.41,
            "eps_latest_yearly": 0.28,
            "eps_growth_yearly": 1110.93
        },
        "20164": {
            "year_quarter": 20164,
            "year": 2016,
            "quarter": 4,
            "eps": -0.25,
            "eps_growth_year": -161.49,
            "eps_4q": 0.67,
            "eps_4q_growth_year": -8.92,
            "roe": -1.74,
            "roe_4q": 5.86,
            "gross_profit": 4680,
            "gross_margin": 2.23,
            "gross_margin_4q_avg": 9.49,
            "net_income": -10389,
            "net_income_4q": null,
            "revenue": 209794,
            "revenue_4q": null,
            "common_shares": 411359,
            "book_valuer_per_share": 14.36,
            "book_valuer_per_share_4q_avg": 14.24,
            "equity": 590694,
            "current_ratio": 121.58,
            "debt_ratio": 50.82,
            "inventory_turnover_ratio": 0.7,
            "account_receivable_turnover_ratio": 3.76,
            "reinvestment_rate": 235.09,
            "research_to_sale_ratio": 0.32,
            "price_fair": 49.47,
            "eps_avg_yearly": 1.41,
            "eps_latest_yearly": 0.28,
            "eps_growth_yearly": 1110.93
        },
        "20171": {
            "year_quarter": 20171,
            "year": 2017,
            "quarter": 1,
            "eps": -0.89,
            "eps_growth_year": -317.07,
            "eps_4q": -0.57,
            "eps_4q_growth_year": -141.28,
            "roe": -6.42,
            "roe_4q": -3.68,
            "gross_profit": -10968,
            "gross_margin": -4.54,
            "gross_margin_4q_avg": 5.43,
            "net_income": -36769,
            "net_income_4q": null,
            "revenue": 241696,
            "revenue_4q": null,
            "common_shares": 411359,
            "book_valuer_per_share": 13.47,
            "book_valuer_per_share_4q_avg": 14.26,
            "equity": 553925,
            "current_ratio": 114.92,
            "debt_ratio": 49.52,
            "inventory_turnover_ratio": 0.89,
            "account_receivable_turnover_ratio": 4.65,
            "reinvestment_rate": 338.18,
            "research_to_sale_ratio": 0.3,
            "price_fair": 49.47,
            "eps_avg_yearly": 1.41,
            "eps_latest_yearly": 0.28,
            "eps_growth_yearly": 1110.93
        },
        "20172": {
            "year_quarter": 20172,
            "year": 2017,
            "quarter": 2,
            "eps": -0.86,
            "eps_growth_year": -248.28,
            "eps_4q": -1.93,
            "eps_4q_growth_year": -236.76,
            "roe": -6.72,
            "roe_4q": -14.38,
            "gross_profit": -15849,
            "gross_margin": -9.28,
            "gross_margin_4q_avg": -0.43,
            "net_income": -35346,
            "net_income_4q": null,
            "revenue": 170761,
            "revenue_4q": null,
            "common_shares": 411359,
            "book_valuer_per_share": 12.11,
            "book_valuer_per_share_4q_avg": 13.64,
            "equity": 498011,
            "current_ratio": 100.93,
            "debt_ratio": 52.11,
            "inventory_turnover_ratio": 0.76,
            "account_receivable_turnover_ratio": 3.76,
            "reinvestment_rate": 662.66,
            "research_to_sale_ratio": 0.51,
            "price_fair": 49.51,
            "eps_avg_yearly": 1.41,
            "eps_latest_yearly": 0.28,
            "eps_growth_yearly": 1150.38
        },
        "20173": {
            "year_quarter": 20173,
            "year": 2017,
            "quarter": 3,
            "eps": 0.12,
            "eps_growth_year": 71.43,
            "eps_4q": -1.88,
            "eps_4q_growth_year": -250.06,
            "roe": 1.02,
            "roe_4q": -13.86,
            "gross_profit": 26311,
            "gross_margin": 11.04,
            "gross_margin_4q_avg": -0.14,
            "net_income": 5095,
            "net_income_4q": null,
            "revenue": 238423,
            "revenue_4q": null,
            "common_shares": 411359,
            "book_valuer_per_share": 12.23,
            "book_valuer_per_share_4q_avg": 13.04,
            "equity": 503106,
            "current_ratio": 100.31,
            "debt_ratio": 54.47,
            "inventory_turnover_ratio": 0.87,
            "account_receivable_turnover_ratio": 4.03,
            "reinvestment_rate": 722.24,
            "research_to_sale_ratio": 0.71,
            "price_fair": 50.4,
            "eps_avg_yearly": 1.44,
            "eps_latest_yearly": 0.28,
            "eps_growth_yearly": 1272.28
        },
        "20174": {
            "year_quarter": 20174,
            "year": 2017,
            "quarter": 4,
            "eps": 0.46,
            "eps_growth_year": null,
            "eps_4q": -1.17,
            "eps_4q_growth_year": -275.28,
            "roe": 3.71,
            "roe_4q": -8.41,
            "gross_profit": 34742,
            "gross_margin": 14.41,
            "gross_margin_4q_avg": 2.91,
            "net_income": 19023,
            "net_income_4q": null,
            "revenue": 241114,
            "revenue_4q": null,
            "common_shares": 411359,
            "book_valuer_per_share": 12.71,
            "book_valuer_per_share_4q_avg": 12.63,
            "equity": 523033,
            "current_ratio": 100.92,
            "debt_ratio": 52.1,
            "inventory_turnover_ratio": 0.87,
            "account_receivable_turnover_ratio": 3.22,
            "reinvestment_rate": 491.2,
            "research_to_sale_ratio": 1.36,
            "price_fair": 56.42,
            "eps_avg_yearly": 1.61,
            "eps_latest_yearly": 1.84,
            "eps_growth_yearly": 1421.47
        },
        "20181": {
            "year_quarter": 20181,
            "year": 2018,
            "quarter": 1,
            "eps": 0.14,
            "eps_growth_year": null,
            "eps_4q": -0.13,
            "eps_4q_growth_year": null,
            "roe": 1.13,
            "roe_4q": -0.8600000000000003,
            "gross_profit": 30544,
            "gross_margin": 12.38,
            "gross_margin_4q_avg": 7.14,
            "net_income": 5936,
            "net_income_4q": null,
            "revenue": 246736,
            "revenue_4q": null,
            "common_shares": 411359,
            "book_valuer_per_share": 12.86,
            "book_valuer_per_share_4q_avg": 12.48,
            "equity": 528970,
            "current_ratio": 100.47,
            "debt_ratio": 54.71,
            "inventory_turnover_ratio": 0.83,
            "account_receivable_turnover_ratio": 3.59,
            "reinvestment_rate": 952.85,
            "research_to_sale_ratio": 1.33,
            "price_fair": 43.82,
            "eps_avg_yearly": 1.25,
            "eps_latest_yearly": 0.56,
            "eps_growth_yearly": 46.98
        },
        "20182": {
            "year_quarter": 20182,
            "year": 2018,
            "quarter": 2,
            "eps": 0.32,
            "eps_growth_year": null,
            "eps_4q": 1.05,
            "eps_4q_growth_year": null,
            "roe": 2.46,
            "roe_4q": 8.32,
            "gross_profit": 39300,
            "gross_margin": 13.18,
            "gross_margin_4q_avg": 12.75,
            "net_income": 13159,
            "net_income_4q": null,
            "revenue": 298253,
            "revenue_4q": null,
            "common_shares": 411359,
            "book_valuer_per_share": 13.18,
            "book_valuer_per_share_4q_avg": 12.75,
            "equity": 542129,
            "current_ratio": 101.38,
            "debt_ratio": 56.43,
            "inventory_turnover_ratio": 0.81,
            "account_receivable_turnover_ratio": 3.3,
            "reinvestment_rate": 1175.28,
            "research_to_sale_ratio": 1.44,
            "price_fair": 39.9,
            "eps_avg_yearly": 1.14,
            "eps_latest_yearly": 1.28,
            "eps_growth_yearly": 115.33
        },
        "20183": {
            "year_quarter": 20183,
            "year": 2018,
            "quarter": 3,
            "eps": 0.41,
            "eps_growth_year": 241.67,
            "eps_4q": 1.33,
            "eps_4q_growth_year": null,
            "roe": 3.03,
            "roe_4q": 10.33,
            "gross_profit": 44945,
            "gross_margin": 14.34,
            "gross_margin_4q_avg": 13.58,
            "net_income": 16689,
            "net_income_4q": null,
            "revenue": 313488,
            "revenue_4q": null,
            "common_shares": 411359,
            "book_valuer_per_share": 13.58,
            "book_valuer_per_share_4q_avg": 13.08,
            "equity": 558818,
            "current_ratio": 102.97,
            "debt_ratio": 56.86,
            "inventory_turnover_ratio": 0.74,
            "account_receivable_turnover_ratio": 3.02,
            "reinvestment_rate": 818.6,
            "research_to_sale_ratio": 0.94,
            "price_fair": 44.52,
            "eps_avg_yearly": 1.27,
            "eps_latest_yearly": 1.64,
            "eps_growth_yearly": 161.25
        },
        "20184": {
            "year_quarter": 20184,
            "year": 2018,
            "quarter": 4,
            "eps": 0.45,
            "eps_growth_year": -3.76,
            "eps_4q": 1.31,
            "eps_4q_growth_year": null,
            "roe": 3.23,
            "roe_4q": 9.849999999999998,
            "gross_profit": 52021,
            "gross_margin": 13.89,
            "gross_margin_4q_avg": 13.45,
            "net_income": 18307,
            "net_income_4q": null,
            "revenue": 374537,
            "revenue_4q": null,
            "common_shares": 411359,
            "book_valuer_per_share": 14,
            "book_valuer_per_share_4q_avg": 13.41,
            "equity": 575850,
            "current_ratio": 102.05,
            "debt_ratio": 61.05,
            "inventory_turnover_ratio": 0.83,
            "account_receivable_turnover_ratio": 3.14,
            "reinvestment_rate": 621.24,
            "research_to_sale_ratio": 0.75,
            "price_fair": 49.42,
            "eps_avg_yearly": 1.41,
            "eps_latest_yearly": 1.8,
            "eps_growth_yearly": 155.15
        },
        "20191": {
            "year_quarter": 20191,
            "year": 2019,
            "quarter": 1,
            "eps": 0.25,
            "eps_growth_year": 78.57,
            "eps_4q": 1.42,
            "eps_4q_growth_year": null,
            "roe": 1.75,
            "roe_4q": 10.469999999999999,
            "gross_profit": 42418,
            "gross_margin": 13.66,
            "gross_margin_4q_avg": 13.77,
            "net_income": 10176,
            "net_income_4q": null,
            "revenue": 310567,
            "revenue_4q": null,
            "common_shares": 411359,
            "book_valuer_per_share": 14.25,
            "book_valuer_per_share_4q_avg": 13.75,
            "equity": 586359,
            "current_ratio": 104.35,
            "debt_ratio": 63.27,
            "inventory_turnover_ratio": 0.67,
            "account_receivable_turnover_ratio": 2.32,
            "reinvestment_rate": 491.33,
            "research_to_sale_ratio": 0.92,
            "price_fair": 48.11,
            "eps_avg_yearly": 1.37,
            "eps_latest_yearly": 1,
            "eps_growth_yearly": 124.88
        },
        "20192": {
            "year_quarter": 20192,
            "year": 2019,
            "quarter": 2,
            "eps": 0.01,
            "eps_growth_year": -96.88,
            "eps_4q": 1.11,
            "eps_4q_growth_year": 5.91,
            "roe": 0.1,
            "roe_4q": 8.11,
            "gross_profit": 18711,
            "gross_margin": 6.39,
            "gross_margin_4q_avg": 12.07,
            "net_income": 594,
            "net_income_4q": null,
            "revenue": 292624,
            "revenue_4q": null,
            "common_shares": 411359,
            "book_valuer_per_share": 13.46,
            "book_valuer_per_share_4q_avg": 13.82,
            "equity": 553663,
            "current_ratio": 155.65,
            "debt_ratio": 64.66,
            "inventory_turnover_ratio": 0.67,
            "account_receivable_turnover_ratio": 2.5,
            "reinvestment_rate": 487.06,
            "research_to_sale_ratio": 1.12,
            "price_fair": 44.22,
            "eps_avg_yearly": 1.26,
            "eps_latest_yearly": 0.04,
            "eps_growth_yearly": 82.48
        },
        "20193": {
            "year_quarter": 20193,
            "year": 2019,
            "quarter": 3,
            "eps": -0.19,
            "eps_growth_year": -146.34,
            "eps_4q": 0.51,
            "eps_4q_growth_year": -61.44,
            "roe": -1.47,
            "roe_4q": 3.6100000000000003,
            "gross_profit": 1406,
            "gross_margin": 0.48,
            "gross_margin_4q_avg": 8.61,
            "net_income": -8059,
            "net_income_4q": null,
            "revenue": 290298,
            "revenue_4q": null,
            "common_shares": 411359,
            "book_valuer_per_share": 13.15,
            "book_valuer_per_share_4q_avg": 13.72,
            "equity": 544679,
            "current_ratio": 157.87,
            "debt_ratio": 64.53,
            "inventory_turnover_ratio": 0.71,
            "account_receivable_turnover_ratio": 2.68,
            "reinvestment_rate": 307.63,
            "research_to_sale_ratio": 1.12,
            "price_fair": 44.67,
            "eps_avg_yearly": 1.28,
            "eps_latest_yearly": 0.04,
            "eps_growth_yearly": 87.18
        },
        "20194": {
            "year_quarter": 20194,
            "year": 2019,
            "quarter": 4,
            "eps": -0.8,
            "eps_growth_year": -278.86,
            "eps_4q": -0.73,
            "eps_4q_growth_year": -155.3,
            "roe": -6.16,
            "roe_4q": -5.78,
            "gross_profit": -16837,
            "gross_margin": -6.62,
            "gross_margin_4q_avg": 3.48,
            "net_income": -32543,
            "net_income_4q": null,
            "revenue": 254228,
            "revenue_4q": null,
            "common_shares": 411359,
            "book_valuer_per_share": 12.36,
            "book_valuer_per_share_4q_avg": 13.31,
            "equity": 512610,
            "current_ratio": 142.6,
            "debt_ratio": 68.04,
            "inventory_turnover_ratio": 0.76,
            "account_receivable_turnover_ratio": 1.85,
            "reinvestment_rate": 1293.32,
            "research_to_sale_ratio": 1.34,
            "price_fair": 43.4,
            "eps_avg_yearly": 1.24,
            "eps_latest_yearly": 0.04,
            "eps_growth_yearly": 77.32
        },
        "20201": {
            "year_quarter": 20201,
            "year": 2020,
            "quarter": 1,
            "eps": -0.89,
            "eps_growth_year": -456,
            "eps_4q": -1.88,
            "eps_4q_growth_year": -232.36,
            "roe": -7.64,
            "roe_4q": -15.170000000000002,
            "gross_profit": -21357,
            "gross_margin": -9.53,
            "gross_margin_4q_avg": -2.32,
            "net_income": -36519,
            "net_income_4q": null,
            "revenue": 224116,
            "revenue_4q": null,
            "common_shares": 411359,
            "book_valuer_per_share": 10.76,
            "book_valuer_per_share_4q_avg": 12.43,
            "equity": 443493,
            "current_ratio": 141.06,
            "debt_ratio": 67.58,
            "inventory_turnover_ratio": 0.8,
            "account_receivable_turnover_ratio": 1.42,
            "reinvestment_rate": null,
            "research_to_sale_ratio": 1.22,
            "price_fair": 41.84,
            "eps_avg_yearly": 1.2,
            "eps_latest_yearly": 0.04,
            "eps_growth_yearly": 85.91
        },
        "20202": {
            "year_quarter": 20202,
            "year": 2020,
            "quarter": 2,
            "eps": -0.58,
            "eps_growth_year": -5900,
            "eps_4q": -2.45,
            "eps_4q_growth_year": -319.94,
            "roe": -5.4,
            "roe_4q": -20.669999999999998,
            "gross_profit": 1751,
            "gross_margin": 0.79,
            "gross_margin_4q_avg": -3.72,
            "net_income": -23341,
            "net_income_4q": null,
            "revenue": 220852,
            "revenue_4q": null,
            "common_shares": 411359,
            "book_valuer_per_share": 10.51,
            "book_valuer_per_share_4q_avg": 11.7,
            "equity": 421704,
            "current_ratio": 97.22,
            "debt_ratio": 76.98,
            "inventory_turnover_ratio": 0.78,
            "account_receivable_turnover_ratio": 1.25,
            "reinvestment_rate": null,
            "research_to_sale_ratio": 0.99,
            "price_fair": 36.93,
            "eps_avg_yearly": 1.06,
            "eps_latest_yearly": 0.04,
            "eps_growth_yearly": 75.92
        },
        "20203": {
            "year_quarter": 20203,
            "year": 2020,
            "quarter": 3,
            "eps": 0.35,
            "eps_growth_year": null,
            "eps_4q": -1.85,
            "eps_4q_growth_year": -460.82,
            "roe": 3.27,
            "roe_4q": -15.93,
            "gross_profit": 50397,
            "gross_margin": 7.76,
            "gross_margin_4q_avg": -1.9,
            "net_income": 14878,
            "net_income_4q": null,
            "revenue": 649250,
            "revenue_4q": null,
            "common_shares": 411359,
            "book_valuer_per_share": 11.7,
            "book_valuer_per_share_4q_avg": 11.33,
            "equity": 487428,
            "current_ratio": 103.15,
            "debt_ratio": 73.98,
            "inventory_turnover_ratio": 2.24,
            "account_receivable_turnover_ratio": 2.41,
            "reinvestment_rate": null,
            "research_to_sale_ratio": 0.31,
            "price_fair": 40.8,
            "eps_avg_yearly": 1.17,
            "eps_latest_yearly": 0.04,
            "eps_growth_yearly": 137.01
        },
        "20204": {
            "year_quarter": 20204,
            "year": 2020,
            "quarter": 4,
            "eps": -0.42,
            "eps_growth_year": null,
            "eps_4q": -1.3,
            "eps_4q_growth_year": null,
            "roe": -3.71,
            "roe_4q": -13.48,
            "gross_profit": 29915,
            "gross_margin": 4.09,
            "gross_margin_4q_avg": 0.78,
            "net_income": -21264,
            "net_income_4q": null,
            "revenue": 731491,
            "revenue_4q": null,
            "common_shares": 423793,
            "book_valuer_per_share": 12.64,
            "book_valuer_per_share_4q_avg": 11.4,
            "equity": 659725,
            "current_ratio": 125.28,
            "debt_ratio": 68.82,
            "inventory_turnover_ratio": 2.79,
            "account_receivable_turnover_ratio": 2.09,
            "reinvestment_rate": null,
            "research_to_sale_ratio": 0.12,
            "price_fair": 40.8,
            "eps_avg_yearly": 1.17,
            "eps_latest_yearly": 0.04,
            "eps_growth_yearly": 137.01
        },
        "20211": {
            "year_quarter": 20211,
            "year": 2021,
            "quarter": 1,
            "eps": -0.1,
            "eps_growth_year": null,
            "eps_4q": -0.49,
            "eps_4q_growth_year": null,
            "roe": -0.57,
            "roe_4q": -6.41,
            "gross_profit": 22596,
            "gross_margin": 3.19,
            "gross_margin_4q_avg": 3.96,
            "net_income": -5748,
            "net_income_4q": null,
            "revenue": 707915,
            "revenue_4q": null,
            "common_shares": 720354,
            "book_valuer_per_share": 18.97,
            "book_valuer_per_share_4q_avg": 13.46,
            "equity": 1368932,
            "current_ratio": 181.16,
            "debt_ratio": 43.86,
            "inventory_turnover_ratio": 2.59,
            "account_receivable_turnover_ratio": 1.9,
            "reinvestment_rate": null,
            "research_to_sale_ratio": 0.1,
            "price_fair": 40.8,
            "eps_avg_yearly": 1.17,
            "eps_latest_yearly": 0.04,
            "eps_growth_yearly": 137.01
        },
        "20212": {
            "year_quarter": 20212,
            "year": 2021,
            "quarter": 2,
            "eps": 0.65,
            "eps_growth_year": null,
            "eps_4q": 0.45,
            "eps_4q_growth_year": null,
            "roe": 3.44,
            "roe_4q": 2.43,
            "gross_profit": 43902,
            "gross_margin": 4.4,
            "gross_margin_4q_avg": 4.86,
            "net_income": 48284,
            "net_income_4q": null,
            "revenue": 996740,
            "revenue_4q": null,
            "common_shares": 755774,
            "book_valuer_per_share": 18.77,
            "book_valuer_per_share_4q_avg": 15.52,
            "equity": 1435645,
            "current_ratio": 154.21,
            "debt_ratio": 47.23,
            "inventory_turnover_ratio": 3.15,
            "account_receivable_turnover_ratio": 2.1,
            "reinvestment_rate": 550.83,
            "research_to_sale_ratio": 0.05,
            "price_fair": 40.8,
            "eps_avg_yearly": 1.17,
            "eps_latest_yearly": 0.04,
            "eps_growth_yearly": 137.01
        },
        "20213": {
            "year_quarter": 20213,
            "year": 2021,
            "quarter": 3,
            "eps": 0.58,
            "eps_growth_year": 65.71,
            "eps_4q": 0.84,
            "eps_4q_growth_year": null,
            "roe": 2.96,
            "roe_4q": 2.12,
            "gross_profit": 99452,
            "gross_margin": 10.9,
            "gross_margin_4q_avg": 5.65,
            "net_income": 46088,
            "net_income_4q": null,
            "revenue": 912684,
            "revenue_4q": null,
            "common_shares": 760218,
            "book_valuer_per_share": 20.32,
            "book_valuer_per_share_4q_avg": 17.68,
            "equity": 1680864,
            "current_ratio": 162.02,
            "debt_ratio": 45.19,
            "inventory_turnover_ratio": 2.39,
            "account_receivable_turnover_ratio": 1.55,
            "reinvestment_rate": 192.26,
            "research_to_sale_ratio": 0.04,
            "price_fair": 45.85,
            "eps_avg_yearly": 1.31,
            "eps_latest_yearly": 2.32,
            "eps_growth_yearly": 114.5
        },
        "20214": {
            "year_quarter": 20214,
            "year": 2021,
            "quarter": 4,
            "eps": 0.49,
            "eps_growth_year": null,
            "eps_4q": 1.46,
            "eps_4q_growth_year": null,
            "roe": 2.47,
            "roe_4q": 8.299999999999999,
            "gross_profit": 128670,
            "gross_margin": 11.25,
            "gross_margin_4q_avg": 7.44,
            "net_income": 45919,
            "net_income_4q": null,
            "revenue": 1143861,
            "revenue_4q": null,
            "common_shares": 885218,
            "book_valuer_per_share": 21.05,
            "book_valuer_per_share_4q_avg": 19.78,
            "equity": 2038963,
            "current_ratio": 168.52,
            "debt_ratio": 43.92,
            "inventory_turnover_ratio": 2.71,
            "account_receivable_turnover_ratio": 1.93,
            "reinvestment_rate": 367.16,
            "research_to_sale_ratio": 0.02,
            "price_fair": 3.98,
            "eps_avg_yearly": 1.33,
            "eps_latest_yearly": 1.96,
            "eps_growth_yearly": -34.92
        },
        "20221": {
            "year_quarter": 20221,
            "year": 2022,
            "quarter": 1,
            "eps": 0.91,
            "eps_growth_year": null,
            "eps_4q": 2.43,
            "eps_4q_growth_year": null,
            "roe": 3.59,
            "roe_4q": 12.459999999999999,
            "gross_profit": 124180,
            "gross_margin": 10.78,
            "gross_margin_4q_avg": 9.33,
            "net_income": 76726,
            "net_income_4q": null,
            "revenue": 1152118,
            "revenue_4q": null,
            "common_shares": 890496,
            "book_valuer_per_share": 21.78,
            "book_valuer_per_share_4q_avg": 20.48,
            "equity": 2238091,
            "current_ratio": 179.1,
            "debt_ratio": 44.1,
            "inventory_turnover_ratio": 2.67,
            "account_receivable_turnover_ratio": 2.04,
            "reinvestment_rate": 192.74,
            "research_to_sale_ratio": 0.01,
            "price_fair": 59.85,
            "eps_avg_yearly": 1.71,
            "eps_latest_yearly": 3.64,
            "eps_growth_yearly": 42.72
        },
        "20222": {
            "year_quarter": 20222,
            "year": 2022,
            "quarter": 2,
            "eps": 0.54,
            "eps_growth_year": -16.92,
            "eps_4q": 2.42,
            "eps_4q_growth_year": 435.81,
            "roe": 1.74,
            "roe_4q": 10.760000000000002,
            "gross_profit": 98887,
            "gross_margin": 8.47,
            "gross_margin_4q_avg": 10.35,
            "net_income": 38647,
            "net_income_4q": null,
            "revenue": 1167157,
            "revenue_4q": null,
            "common_shares": 894101,
            "book_valuer_per_share": 21.56,
            "book_valuer_per_share_4q_avg": 21.18,
            "equity": 2212276,
            "current_ratio": 167.82,
            "debt_ratio": 44.76,
            "inventory_turnover_ratio": 2.71,
            "account_receivable_turnover_ratio": 2.14,
            "reinvestment_rate": 267.09,
            "research_to_sale_ratio": 0.01,
            "price_fair": 5.46,
            "eps_avg_yearly": 1.82,
            "eps_latest_yearly": 2.16,
            "eps_growth_yearly": -41.9
        },
        "20223": {
            "year_quarter": 20223,
            "year": 2022,
            "quarter": 3,
            "eps": 1.07,
            "eps_growth_year": 84.48,
            "eps_4q": 2.79,
            "eps_4q_growth_year": 232.08,
            "roe": 4.46,
            "roe_4q": 12.26,
            "gross_profit": 155556,
            "gross_margin": 12.43,
            "gross_margin_4q_avg": 10.73,
            "net_income": 106764,
            "net_income_4q": null,
            "revenue": 1251544,
            "revenue_4q": null,
            "common_shares": 994101,
            "book_valuer_per_share": 23.01,
            "book_valuer_per_share_4q_avg": 21.85,
            "equity": 2574795,
            "current_ratio": 237.56,
            "debt_ratio": 40.94,
            "inventory_turnover_ratio": 2.03,
            "account_receivable_turnover_ratio": 2.16,
            "reinvestment_rate": 206.75,
            "research_to_sale_ratio": 0,
            "price_fair": 6.45,
            "eps_avg_yearly": 2.15,
            "eps_latest_yearly": 4.28,
            "eps_growth_yearly": -6.89
        },
        "20224": {
            "year_quarter": 20224,
            "year": 2022,
            "quarter": 4,
            "eps": 0.51,
            "eps_growth_year": 2.76,
            "eps_4q": 2.85,
            "eps_4q_growth_year": 95.42,
            "roe": 1.43,
            "roe_4q": 11.219999999999999,
            "gross_profit": 71899,
            "gross_margin": 5.77,
            "gross_margin_4q_avg": 9.36,
            "net_income": 37067,
            "net_income_4q": null,
            "revenue": 1246110,
            "revenue_4q": null,
            "common_shares": 994101,
            "book_valuer_per_share": 23.45,
            "book_valuer_per_share_4q_avg": 22.45,
            "equity": 2615338,
            "current_ratio": 255.47,
            "debt_ratio": 37.28,
            "inventory_turnover_ratio": 2.28,
            "account_receivable_turnover_ratio": 2.2,
            "reinvestment_rate": 194.8,
            "research_to_sale_ratio": 0,
            "price_fair": 6.54,
            "eps_avg_yearly": 2.18,
            "eps_latest_yearly": 2.04,
            "eps_growth_yearly": -37.93
        },
        "20231": {
            "year_quarter": 20231,
            "year": 2023,
            "quarter": 1,
            "eps": 0.42,
            "eps_growth_year": -53.85,
            "eps_4q": 2.45,
            "eps_4q_growth_year": 1.03,
            "roe": 1.46,
            "roe_4q": 9.09,
            "gross_profit": 76064,
            "gross_margin": 7.8,
            "gross_margin_4q_avg": 8.62,
            "net_income": 37136,
            "net_income_4q": null,
            "revenue": 975811,
            "revenue_4q": null,
            "common_shares": 997087,
            "book_valuer_per_share": 21.94,
            "book_valuer_per_share_4q_avg": 22.49,
            "equity": 2465084,
            "current_ratio": 195.9,
            "debt_ratio": 42.97,
            "inventory_turnover_ratio": 2.8,
            "account_receivable_turnover_ratio": 1.96,
            "reinvestment_rate": 175.51,
            "research_to_sale_ratio": 0,
            "price_fair": 6.8,
            "eps_avg_yearly": 2.27,
            "eps_latest_yearly": 1.68,
            "eps_growth_yearly": -24.53
        },
        "20232": {
            "year_quarter": 20232,
            "year": 2023,
            "quarter": 2,
            "eps": 0.07,
            "eps_growth_year": -87.04,
            "eps_4q": 2.04,
            "eps_4q_growth_year": -15.91,
            "roe": 0.21,
            "roe_4q": 7.56,
            "gross_profit": 13000,
            "gross_margin": 1.4,
            "gross_margin_4q_avg": 6.85,
            "net_income": 5238,
            "net_income_4q": null,
            "revenue": 929867,
            "revenue_4q": null,
            "common_shares": 997087,
            "book_valuer_per_share": 22.14,
            "book_valuer_per_share_4q_avg": 22.64,
            "equity": 2488496,
            "current_ratio": 223.3,
            "debt_ratio": 43.14,
            "inventory_turnover_ratio": 3.55,
            "account_receivable_turnover_ratio": 2.11,
            "reinvestment_rate": 138.57,
            "research_to_sale_ratio": 0,
            "price_fair": 6.89,
            "eps_avg_yearly": 2.3,
            "eps_latest_yearly": 0.28,
            "eps_growth_yearly": -18.2
        }
    },
    "months": {
        "2001-06": {
            "month": "2001-06",
            "price": "7.09",
            "revenue": 110224
        },
        "2001-07": {
            "month": "2001-07",
            "price": "10.04",
            "revenue": 72852
        },
        "2001-08": {
            "month": "2001-08",
            "price": "15.99",
            "revenue": 143003
        },
        "2001-09": {
            "month": "2001-09",
            "price": "17.18",
            "revenue": 66522
        },
        "2001-10": {
            "month": "2001-10",
            "price": "9.99",
            "revenue": 66355
        },
        "2001-11": {
            "month": "2001-11",
            "price": "7.58",
            "revenue": 80552
        },
        "2001-12": {
            "month": "2001-12",
            "price": "5.98",
            "revenue": 75358
        },
        "2002-01": {
            "month": "2002-01",
            "price": "6.43",
            "revenue": 86175
        },
        "2002-02": {
            "month": "2002-02",
            "price": "7.18",
            "revenue": 54565
        },
        "2002-03": {
            "month": "2002-03",
            "price": "7.48",
            "revenue": 76542
        },
        "2002-04": {
            "month": "2002-04",
            "price": "8.20",
            "revenue": 55483
        },
        "2002-05": {
            "month": "2002-05",
            "price": "6.62",
            "revenue": 56009
        },
        "2002-06": {
            "month": "2002-06",
            "price": "6.16",
            "revenue": 77839
        },
        "2002-07": {
            "month": "2002-07",
            "price": "6.92",
            "revenue": 53531
        },
        "2002-08": {
            "month": "2002-08",
            "price": "8.68",
            "revenue": 52707
        },
        "2002-09": {
            "month": "2002-09",
            "price": "3.97",
            "revenue": 36995
        },
        "2002-10": {
            "month": "2002-10",
            "price": "1.70",
            "revenue": 24241
        },
        "2002-11": {
            "month": "2002-11",
            "price": "2.04",
            "revenue": 21921
        },
        "2002-12": {
            "month": "2002-12",
            "price": "2.79",
            "revenue": 31858
        },
        "2003-01": {
            "month": "2003-01",
            "price": "2.17",
            "revenue": 22049
        },
        "2003-11": {
            "month": "2003-11",
            "price": "2.52",
            "revenue": 23473
        },
        "2003-12": {
            "month": "2003-12",
            "price": "1.83",
            "revenue": 39278
        },
        "2004-01": {
            "month": "2004-01",
            "price": "1.87",
            "revenue": 15754
        },
        "2004-02": {
            "month": "2004-02",
            "price": "2.76",
            "revenue": 14338
        },
        "2004-04": {
            "month": "2004-04",
            "price": "4.03",
            "revenue": 23640
        },
        "2004-05": {
            "month": "2004-05",
            "price": "2.50",
            "revenue": 11740
        },
        "2004-06": {
            "month": "2004-06",
            "price": "1.98",
            "revenue": 21399
        },
        "2004-07": {
            "month": "2004-07",
            "price": "1.82",
            "revenue": 27958
        },
        "2004-08": {
            "month": "2004-08",
            "price": "1.23",
            "revenue": 31712
        },
        "2004-09": {
            "month": "2004-09",
            "price": "1.21",
            "revenue": 34580
        },
        "2004-10": {
            "month": "2004-10",
            "price": "1.78",
            "revenue": 26656
        },
        "2004-11": {
            "month": "2004-11",
            "price": "2.12",
            "revenue": 12692
        },
        "2004-12": {
            "month": "2004-12",
            "price": "3.29",
            "revenue": 21220
        },
        "2005-01": {
            "month": "2005-01",
            "price": "3.39",
            "revenue": 19758
        },
        "2005-02": {
            "month": "2005-02",
            "price": "3.11",
            "revenue": 14334
        },
        "2005-03": {
            "month": "2005-03",
            "price": "2.73",
            "revenue": 27779
        },
        "2005-04": {
            "month": "2005-04",
            "price": "2.05",
            "revenue": 27037
        },
        "2005-05": {
            "month": "2005-05",
            "price": "1.88",
            "revenue": 22081
        },
        "2005-06": {
            "month": "2005-06",
            "price": "1.24",
            "revenue": 33078
        },
        "2005-07": {
            "month": "2005-07",
            "price": "0.63",
            "revenue": 28112
        },
        "2005-08": {
            "month": "2005-08",
            "price": "0.67",
            "revenue": 32064
        },
        "2005-09": {
            "month": "2005-09",
            "price": "1.72",
            "revenue": 37822
        },
        "2005-10": {
            "month": "2005-10",
            "price": "1.36",
            "revenue": 20316
        },
        "2005-11": {
            "month": "2005-11",
            "price": "1.14",
            "revenue": 31312
        },
        "2005-12": {
            "month": "2005-12",
            "price": "1.71",
            "revenue": 37051
        },
        "2006-01": {
            "month": "2006-01",
            "price": "1.26",
            "revenue": 33034
        },
        "2006-02": {
            "month": "2006-02",
            "price": "1.24",
            "revenue": 26331
        },
        "2006-03": {
            "month": "2006-03",
            "price": "1.37",
            "revenue": 40944
        },
        "2006-05": {
            "month": "2006-05",
            "price": "11.90",
            "revenue": 38449
        },
        "2006-06": {
            "month": "2006-06",
            "price": "8.65",
            "revenue": 35757
        },
        "2006-07": {
            "month": "2006-07",
            "price": "7.73",
            "revenue": 38848
        },
        "2006-08": {
            "month": "2006-08",
            "price": "7.51",
            "revenue": 37507
        },
        "2006-09": {
            "month": "2006-09",
            "price": "4.88",
            "revenue": 40446
        },
        "2006-10": {
            "month": "2006-10",
            "price": "3.61",
            "revenue": 37035
        },
        "2006-11": {
            "month": "2006-11",
            "price": "3.98",
            "revenue": 34874
        },
        "2006-12": {
            "month": "2006-12",
            "price": "5.29",
            "revenue": 47852
        },
        "2007-01": {
            "month": "2007-01",
            "price": "6.58",
            "revenue": 32485
        },
        "2007-02": {
            "month": "2007-02",
            "price": "5.50",
            "revenue": 21612
        },
        "2007-03": {
            "month": "2007-03",
            "price": "4.37",
            "revenue": 30674
        },
        "2007-04": {
            "month": "2007-04",
            "price": "4.11",
            "revenue": 37145
        },
        "2007-05": {
            "month": "2007-05",
            "price": "3.75",
            "revenue": 31253
        },
        "2007-06": {
            "month": "2007-06",
            "price": "3.92",
            "revenue": 27954
        },
        "2007-07": {
            "month": "2007-07",
            "price": "3.57",
            "revenue": 37622
        },
        "2007-08": {
            "month": "2007-08",
            "price": "4.60",
            "revenue": 39029
        },
        "2007-09": {
            "month": "2007-09",
            "price": "4.50",
            "revenue": 25982
        },
        "2007-10": {
            "month": "2007-10",
            "price": "5.17",
            "revenue": 47227
        },
        "2007-11": {
            "month": "2007-11",
            "price": "4.82",
            "revenue": 34155
        },
        "2007-12": {
            "month": "2007-12",
            "price": "3.94",
            "revenue": 37115
        },
        "2008-07": {
            "month": "2008-07",
            "price": "3.73",
            "revenue": 33202
        },
        "2008-08": {
            "month": "2008-08",
            "price": "1.61",
            "revenue": 43784
        },
        "2008-09": {
            "month": "2008-09",
            "price": "1.68",
            "revenue": 30075
        },
        "2008-11": {
            "month": "2008-11",
            "price": "0.91",
            "revenue": 24055
        },
        "2008-12": {
            "month": "2008-12",
            "price": "0.86",
            "revenue": 18256
        },
        "2009-01": {
            "month": "2009-01",
            "price": "1.38",
            "revenue": 14219
        },
        "2009-02": {
            "month": "2009-02",
            "price": "1.50",
            "revenue": 18132
        },
        "2009-03": {
            "month": "2009-03",
            "price": "1.50",
            "revenue": 15228
        },
        "2009-04": {
            "month": "2009-04",
            "price": "1.50",
            "revenue": 18072
        },
        "2009-05": {
            "month": "2009-05",
            "price": "1.60",
            "revenue": 23263
        },
        "2009-06": {
            "month": "2009-06",
            "price": "1.71",
            "revenue": 23992
        },
        "2009-07": {
            "month": "2009-07",
            "price": "3.14",
            "revenue": 27182
        },
        "2009-08": {
            "month": "2009-08",
            "price": "3.63",
            "revenue": 17321
        },
        "2009-09": {
            "month": "2009-09",
            "price": "3.97",
            "revenue": 25511
        },
        "2009-10": {
            "month": "2009-10",
            "price": "3.80",
            "revenue": 23417
        },
        "2009-12": {
            "month": "2009-12",
            "price": "3.62",
            "revenue": 40761
        },
        "2010-01": {
            "month": "2010-01",
            "price": "3.10",
            "revenue": 27347
        },
        "2010-02": {
            "month": "2010-02",
            "price": "3.08",
            "revenue": 28891
        },
        "2010-03": {
            "month": "2010-03",
            "price": "2.84",
            "revenue": 29582
        },
        "2010-04": {
            "month": "2010-04",
            "price": "2.90",
            "revenue": 20334
        },
        "2010-05": {
            "month": "2010-05",
            "price": "4.93",
            "revenue": 20828
        },
        "2010-06": {
            "month": "2010-06",
            "price": "2.74",
            "revenue": 17970
        },
        "2010-07": {
            "month": "2010-07",
            "price": "2.26",
            "revenue": 25527
        },
        "2010-08": {
            "month": "2010-08",
            "price": "1.84",
            "revenue": 39280
        },
        "2010-09": {
            "month": "2010-09",
            "price": "2.15",
            "revenue": 36400
        },
        "2010-10": {
            "month": "2010-10",
            "price": "2.01",
            "revenue": 54960
        },
        "2010-11": {
            "month": "2010-11",
            "price": "17.95",
            "revenue": 36392
        },
        "2010-12": {
            "month": "2010-12",
            "price": "19.12",
            "revenue": 70934
        },
        "2011-01": {
            "month": "2011-01",
            "price": "19.72",
            "revenue": 51549
        },
        "2011-05": {
            "month": "2011-05",
            "price": "24.21",
            "revenue": 85603
        },
        "2011-06": {
            "month": "2011-06",
            "price": "35.13",
            "revenue": 85166
        },
        "2011-07": {
            "month": "2011-07",
            "price": "34.54",
            "revenue": 64474
        },
        "2011-08": {
            "month": "2011-08",
            "price": "30.88",
            "revenue": 73416
        },
        "2011-09": {
            "month": "2011-09",
            "price": "30.90",
            "revenue": 84508
        },
        "2011-10": {
            "month": "2011-10",
            "price": "32.81",
            "revenue": 71501
        },
        "2011-11": {
            "month": "2011-11",
            "price": "33.48",
            "revenue": 94882
        },
        "2011-12": {
            "month": "2011-12",
            "price": "31.13",
            "revenue": 115668
        },
        "2012-01": {
            "month": "2012-01",
            "price": "30.14",
            "revenue": 52198
        },
        "2012-02": {
            "month": "2012-02",
            "price": "33.35",
            "revenue": 91580
        },
        "2012-03": {
            "month": "2012-03",
            "price": "36.67",
            "revenue": 91348
        },
        "2012-04": {
            "month": "2012-04",
            "price": "38.10",
            "revenue": 94283
        },
        "2012-05": {
            "month": "2012-05",
            "price": "39.22",
            "revenue": 108333
        },
        "2012-06": {
            "month": "2012-06",
            "price": "38.03",
            "revenue": 77901
        },
        "2012-07": {
            "month": "2012-07",
            "price": "34.36",
            "revenue": 81532
        },
        "2012-08": {
            "month": "2012-08",
            "price": "31.14",
            "revenue": 67083
        },
        "2012-09": {
            "month": "2012-09",
            "price": "28.03",
            "revenue": 49612
        },
        "2012-10": {
            "month": "2012-10",
            "price": "22.37",
            "revenue": 73594
        },
        "2012-11": {
            "month": "2012-11",
            "price": "22.72",
            "revenue": 71609
        },
        "2012-12": {
            "month": "2012-12",
            "price": "21.61",
            "revenue": 70347
        },
        "2013-01": {
            "month": "2013-01",
            "price": "21.62",
            "revenue": 89134
        },
        "2013-02": {
            "month": "2013-02",
            "price": "22.20",
            "revenue": 50748
        },
        "2013-03": {
            "month": "2013-03",
            "price": "22.19",
            "revenue": 72570
        },
        "2013-04": {
            "month": "2013-04",
            "price": "21.55",
            "revenue": 81155
        },
        "2013-05": {
            "month": "2013-05",
            "price": "20.52",
            "revenue": 77188
        },
        "2013-06": {
            "month": "2013-06",
            "price": "20.16",
            "revenue": 75176
        },
        "2013-07": {
            "month": "2013-07",
            "price": "19.89",
            "revenue": 72658
        },
        "2013-08": {
            "month": "2013-08",
            "price": "19.33",
            "revenue": 71150
        },
        "2013-09": {
            "month": "2013-09",
            "price": "20.83",
            "revenue": 51375
        },
        "2013-10": {
            "month": "2013-10",
            "price": "21.30",
            "revenue": 49563
        },
        "2013-11": {
            "month": "2013-11",
            "price": "19.73",
            "revenue": 49461
        },
        "2013-12": {
            "month": "2013-12",
            "price": "19.40",
            "revenue": 64536
        },
        "2014-01": {
            "month": "2014-01",
            "price": "19.31",
            "revenue": 90728
        },
        "2014-02": {
            "month": "2014-02",
            "price": "20.63",
            "revenue": 74860
        },
        "2014-03": {
            "month": "2014-03",
            "price": "23.45",
            "revenue": 108963
        },
        "2014-04": {
            "month": "2014-04",
            "price": "30.80",
            "revenue": 86326
        },
        "2014-05": {
            "month": "2014-05",
            "price": "30.93",
            "revenue": 95623
        },
        "2014-06": {
            "month": "2014-06",
            "price": "30.80",
            "revenue": 75134
        },
        "2014-07": {
            "month": "2014-07",
            "price": "31.44",
            "revenue": 107892
        },
        "2014-08": {
            "month": "2014-08",
            "price": "35.39",
            "revenue": 65612
        },
        "2014-09": {
            "month": "2014-09",
            "price": "32.06",
            "revenue": 74724
        },
        "2014-10": {
            "month": "2014-10",
            "price": "31.36",
            "revenue": 86717
        },
        "2014-11": {
            "month": "2014-11",
            "price": "29.42",
            "revenue": 53836
        },
        "2014-12": {
            "month": "2014-12",
            "price": "28.76",
            "revenue": 74715
        },
        "2015-01": {
            "month": "2015-01",
            "price": "28.87",
            "revenue": 105480
        },
        "2015-02": {
            "month": "2015-02",
            "price": "27.29",
            "revenue": 77012
        },
        "2015-03": {
            "month": "2015-03",
            "price": "26.21",
            "revenue": 70541
        },
        "2015-04": {
            "month": "2015-04",
            "price": "27.98",
            "revenue": 53637
        },
        "2015-05": {
            "month": "2015-05",
            "price": "26.57",
            "revenue": 75881
        },
        "2015-06": {
            "month": "2015-06",
            "price": "24.44",
            "revenue": 73098
        },
        "2015-07": {
            "month": "2015-07",
            "price": "23.79",
            "revenue": 74773
        },
        "2015-08": {
            "month": "2015-08",
            "price": "21.97",
            "revenue": 93239
        },
        "2015-09": {
            "month": "2015-09",
            "price": "22.46",
            "revenue": 89503
        },
        "2015-10": {
            "month": "2015-10",
            "price": "24.39",
            "revenue": 94870
        },
        "2015-11": {
            "month": "2015-11",
            "price": "25.15",
            "revenue": 74310
        },
        "2015-12": {
            "month": "2015-12",
            "price": "24.51",
            "revenue": 83339
        },
        "2016-01": {
            "month": "2016-01",
            "price": "23.76",
            "revenue": 88653
        },
        "2016-02": {
            "month": "2016-02",
            "price": "23.82",
            "revenue": 72841
        },
        "2016-03": {
            "month": "2016-03",
            "price": "25.16",
            "revenue": 94537
        },
        "2016-04": {
            "month": "2016-04",
            "price": "23.37",
            "revenue": 93213
        },
        "2016-05": {
            "month": "2016-05",
            "price": "21.80",
            "revenue": 89156
        },
        "2016-06": {
            "month": "2016-06",
            "price": "19.32",
            "revenue": 106186
        },
        "2016-07": {
            "month": "2016-07",
            "price": "19.54",
            "revenue": 103288
        },
        "2016-08": {
            "month": "2016-08",
            "price": "19.48",
            "revenue": 98238
        },
        "2016-09": {
            "month": "2016-09",
            "price": "19.58",
            "revenue": 78199
        },
        "2016-10": {
            "month": "2016-10",
            "price": "18.62",
            "revenue": 64165
        },
        "2016-11": {
            "month": "2016-11",
            "price": "17.06",
            "revenue": 73928
        },
        "2016-12": {
            "month": "2016-12",
            "price": "16.33",
            "revenue": 71701
        },
        "2017-01": {
            "month": "2017-01",
            "price": "16.92",
            "revenue": 85636
        },
        "2017-02": {
            "month": "2017-02",
            "price": "16.54",
            "revenue": 73872
        },
        "2017-03": {
            "month": "2017-03",
            "price": "16.46",
            "revenue": 82188
        },
        "2017-04": {
            "month": "2017-04",
            "price": "16.05",
            "revenue": 58361
        },
        "2017-05": {
            "month": "2017-05",
            "price": "15.80",
            "revenue": 62325
        },
        "2017-06": {
            "month": "2017-06",
            "price": "15.97",
            "revenue": 50075
        },
        "2017-07": {
            "month": "2017-07",
            "price": "16.10",
            "revenue": 52328
        },
        "2017-08": {
            "month": "2017-08",
            "price": "15.85",
            "revenue": 91008
        },
        "2017-09": {
            "month": "2017-09",
            "price": "15.64",
            "revenue": 95087
        },
        "2017-10": {
            "month": "2017-10",
            "price": "15.70",
            "revenue": 75622
        },
        "2017-11": {
            "month": "2017-11",
            "price": "15.67",
            "revenue": 86094
        },
        "2017-12": {
            "month": "2017-12",
            "price": "15.38",
            "revenue": 79398
        },
        "2018-01": {
            "month": "2018-01",
            "price": "15.51",
            "revenue": 87048
        },
        "2018-02": {
            "month": "2018-02",
            "price": "15.58",
            "revenue": 68299
        },
        "2018-03": {
            "month": "2018-03",
            "price": "15.99",
            "revenue": 91389
        },
        "2018-04": {
            "month": "2018-04",
            "price": "17.05",
            "revenue": 83636
        },
        "2018-05": {
            "month": "2018-05",
            "price": "17.24",
            "revenue": 101689
        },
        "2018-06": {
            "month": "2018-06",
            "price": "17.85",
            "revenue": 112928
        },
        "2018-07": {
            "month": "2018-07",
            "price": "17.59",
            "revenue": 103654
        },
        "2018-08": {
            "month": "2018-08",
            "price": "17.49",
            "revenue": 104434
        },
        "2018-09": {
            "month": "2018-09",
            "price": "17.19",
            "revenue": 105400
        },
        "2018-10": {
            "month": "2018-10",
            "price": "16.96",
            "revenue": 131434
        },
        "2018-11": {
            "month": "2018-11",
            "price": "16.97",
            "revenue": 122779
        },
        "2018-12": {
            "month": "2018-12",
            "price": "16.43",
            "revenue": 120325
        },
        "2019-01": {
            "month": "2019-01",
            "price": "15.99",
            "revenue": 112569
        },
        "2019-02": {
            "month": "2019-02",
            "price": "16.51",
            "revenue": 82717
        },
        "2019-03": {
            "month": "2019-03",
            "price": "17.90",
            "revenue": 115281
        },
        "2019-04": {
            "month": "2019-04",
            "price": "17.87",
            "revenue": 72540
        },
        "2019-05": {
            "month": "2019-05",
            "price": "17.68",
            "revenue": 119320
        },
        "2019-06": {
            "month": "2019-06",
            "price": "18.81",
            "revenue": 100764
        },
        "2019-07": {
            "month": "2019-07",
            "price": "18.32",
            "revenue": 102696
        },
        "2019-08": {
            "month": "2019-08",
            "price": "16.06",
            "revenue": 95873
        },
        "2019-09": {
            "month": "2019-09",
            "price": "15.58",
            "revenue": 91729
        },
        "2019-10": {
            "month": "2019-10",
            "price": "15.11",
            "revenue": 94259
        },
        "2019-11": {
            "month": "2019-11",
            "price": "15.12",
            "revenue": 79183
        },
        "2019-12": {
            "month": "2019-12",
            "price": "15.00",
            "revenue": 80786
        },
        "2020-01": {
            "month": "2020-01",
            "price": "14.83",
            "revenue": 72733
        },
        "2020-02": {
            "month": "2020-02",
            "price": "14.53",
            "revenue": 67074
        },
        "2020-03": {
            "month": "2020-03",
            "price": "13.68",
            "revenue": 84310
        },
        "2020-04": {
            "month": "2020-04",
            "price": "14.76",
            "revenue": 71217
        },
        "2020-05": {
            "month": "2020-05",
            "price": "15.10",
            "revenue": 64807
        },
        "2020-06": {
            "month": "2020-06",
            "price": "15.23",
            "revenue": 84828
        },
        "2020-07": {
            "month": "2020-07",
            "price": "16.27",
            "revenue": 176416
        },
        "2020-08": {
            "month": "2020-08",
            "price": "19.28",
            "revenue": 237442
        },
        "2020-09": {
            "month": "2020-09",
            "price": "18.66",
            "revenue": 235393
        },
        "2020-10": {
            "month": "2020-10",
            "price": "21.63",
            "revenue": 217513
        },
        "2020-11": {
            "month": "2020-11",
            "price": "25.09",
            "revenue": 243358
        },
        "2020-12": {
            "month": "2020-12",
            "price": "37.94",
            "revenue": 270619
        },
        "2021-01": {
            "month": "2021-01",
            "price": "37.72",
            "revenue": 284643
        },
        "2021-02": {
            "month": "2021-02",
            "price": "33.80",
            "revenue": 153519
        },
        "2021-03": {
            "month": "2021-03",
            "price": "33.56",
            "revenue": 269752
        },
        "2021-04": {
            "month": "2021-04",
            "price": "33.35",
            "revenue": 267796
        },
        "2021-05": {
            "month": "2021-05",
            "price": "26.34",
            "revenue": 366547
        },
        "2021-06": {
            "month": "2021-06",
            "price": "27.67",
            "revenue": 362396
        },
        "2021-07": {
            "month": "2021-07",
            "price": "31.02",
            "revenue": 319427
        },
        "2021-08": {
            "month": "2021-08",
            "price": "28.34",
            "revenue": 283612
        },
        "2021-09": {
            "month": "2021-09",
            "price": "26.99",
            "revenue": 309686
        },
        "2021-10": {
            "month": "2021-10",
            "price": "25.16",
            "revenue": 418683
        },
        "2021-11": {
            "month": "2021-11",
            "price": "32.92",
            "revenue": 371940
        },
        "2021-12": {
            "month": "2021-12",
            "price": "35.95",
            "revenue": 350831
        },
        "2022-01": {
            "month": "2022-01",
            "price": "36.21",
            "revenue": 372579
        },
        "2022-02": {
            "month": "2022-02",
            "price": "39.96",
            "revenue": 286781
        },
        "2022-03": {
            "month": "2022-03",
            "price": "39.62",
            "revenue": 495130
        },
        "2022-04": {
            "month": "2022-04",
            "price": "39.07",
            "revenue": 368383
        },
        "2022-05": {
            "month": "2022-05",
            "price": "33.64",
            "revenue": 379750
        },
        "2022-06": {
            "month": "2022-06",
            "price": "30.10",
            "revenue": 419025
        },
        "2022-07": {
            "month": "2022-07",
            "price": "27.88",
            "revenue": 394773
        },
        "2022-08": {
            "month": "2022-08",
            "price": "26.80",
            "revenue": 415235
        },
        "2022-09": {
            "month": "2022-09",
            "price": "24.23",
            "revenue": 441537
        },
        "2022-10": {
            "month": "2022-10",
            "price": "20.82",
            "revenue": 358670
        },
        "2022-11": {
            "month": "2022-11",
            "price": "22.57",
            "revenue": 459127
        },
        "2022-12": {
            "month": "2022-12",
            "price": "24.81",
            "revenue": 428313
        },
        "2023-01": {
            "month": "2023-01",
            "price": "25.12",
            "revenue": 283656
        },
        "2023-02": {
            "month": "2023-02",
            "price": "25.13",
            "revenue": 329555
        },
        "2023-03": {
            "month": "2023-03",
            "price": "26.30",
            "revenue": 362599
        },
        "2023-04": {
            "month": "2023-04",
            "price": "27.73",
            "revenue": 278336
        },
        "2023-05": {
            "month": "2023-05",
            "price": "27.20",
            "revenue": 354271
        },
        "2023-06": {
            "month": "2023-06",
            "price": "26.91",
            "revenue": 297259
        },
        "2023-07": {
            "month": "2023-07",
            "price": "24.64",
            "revenue": 251398
        },
        "2023-08": {
            "month": "2023-08",
            "price": "21.48",
            "revenue": 257842
        },
        "2023-09": {
            "month": "2023-09",
            "price": "20.62",
            "revenue": 220298
        }
    }
}
