{
    "summary": {
        "stock_name": "強新",
        "stock_id": "5013",
        "category": "鋼鐵",
        "main_business": "盤元、不鏽鋼盤元、黑鐵絲、五金線材、螺絲、螺帽線材、<br>不鏽鋼線材、鍍鋅鋼線、鐵釘、鐵板、不鏽鋼板之製造、<br>加工及買賣業務、機械設備製造及製造輸出業、國際貿易業。",
        "website_url": "http://www.newbest.com.tw",
        "ceo": "方聰偉",
        "pe_ratio": 18,
        "report_year_from": 2001,
        "report_year_to": 2023,
        "age": 23,
        "eps_negative_percentage": 9,
        "eps_growth_avg": {
            "last_all": -1.71,
            "last_2y": 13.08,
            "last_4y": 4.56,
            "last_8y": 3.93,
            "last_12y": -5.89,
            "last_16y": -15.77,
            "last_20y": -7.07,
            "at_2006_last_3y": 25.58,
            "at_2007_last_3y": 16.08,
            "at_2008_last_3y": -16.49,
            "at_2009_last_3y": -24.63,
            "at_2010_last_3y": -55.3,
            "at_2011_last_3y": -56.44,
            "at_2012_last_3y": -79.54,
            "at_2013_last_3y": -69.3,
            "at_2014_last_3y": -35.36,
            "at_2015_last_3y": -26.97,
            "at_2016_last_3y": 22.05,
            "at_2017_last_3y": 13.17,
            "at_2018_last_3y": 3.15,
            "at_2019_last_3y": -4.51,
            "at_2020_last_3y": -9.37,
            "at_2021_last_3y": 19,
            "at_2022_last_3y": 18.85,
            "at_2023_last_3y": 16.72,
            "at_2024_last_3y": 16.72,
            "at_2006_last_all": 40.46,
            "at_2007_last_all": 27.86,
            "at_2008_last_all": 19.49,
            "at_2009_last_all": 4.55,
            "at_2010_last_all": 4.55,
            "at_2011_last_all": -0.24,
            "at_2012_last_all": -10.22,
            "at_2013_last_all": -10.22,
            "at_2014_last_all": -6.33,
            "at_2015_last_all": -6.92,
            "at_2016_last_all": -2.77,
            "at_2017_last_all": -3.53,
            "at_2018_last_all": -3.8,
            "at_2019_last_all": -6.32,
            "at_2020_last_all": -4.32,
            "at_2021_last_all": 1.47,
            "at_2022_last_all": 0.97,
            "at_2023_last_all": -1.71,
            "at_2024_last_all": -1.71
        },
        "latest_eps": 1.93,
        "latest_price": 34.3,
        "latest_roe": 8.29,
        "latest_gross_margin": 13.52,
        "latest_equity": 4779330,
        "latest_revenue": 2076958,
        "latest_gross_profit": 280878,
        "latest_net_income": 87273,
        "latest_debt_ratio": 44.05,
        "latest_current_ratio": 228.07,
        "latest_account_receivable_turnover_ratio": 1.18,
        "latest_inventory_turnover_ratio": 0.89,
        "latest_reinvestment_rate": -7.72,
        "latest_research_to_sale_ratio": 0.06
    },
    "eps_dividends": {
        "1998": {
            "cash": 0,
            "stock": 2,
            "eps": 0
        },
        "1999": {
            "cash": 0,
            "stock": 1.2,
            "eps": 0
        },
        "2000": {
            "cash": 0,
            "stock": 1,
            "eps": 0
        },
        "2001": {
            "cash": 0.4,
            "stock": 0.5,
            "eps": 0.07
        },
        "2002": {
            "cash": 0,
            "stock": 0,
            "eps": 2.11
        },
        "2003": {
            "cash": 0.3,
            "stock": 1,
            "eps": 2.17
        },
        "2004": {
            "cash": 0.2,
            "stock": 1.3,
            "eps": 4.33
        },
        "2005": {
            "cash": 1.25,
            "stock": 1.25,
            "eps": 1.41
        },
        "2006": {
            "cash": 0.5,
            "stock": 0.5,
            "eps": 2.36
        },
        "2007": {
            "cash": 1,
            "stock": 0.8,
            "eps": 1.53
        },
        "2008": {
            "cash": 0.5,
            "stock": 0.7,
            "eps": 1.06
        },
        "2009": {
            "cash": 0.2,
            "stock": 0.5,
            "eps": -0.59
        },
        "2010": {
            "cash": 0,
            "stock": 0,
            "eps": 3.16
        },
        "2011": {
            "cash": 0.5,
            "stock": 1.2,
            "eps": 1.94
        },
        "2012": {
            "cash": 0.5,
            "stock": 0.2,
            "eps": -0.4
        },
        "2013": {
            "cash": 0,
            "stock": 0,
            "eps": 1.63
        },
        "2014": {
            "cash": 0.6,
            "stock": 0.15,
            "eps": 2.16
        },
        "2015": {
            "cash": 0.2,
            "stock": 1,
            "eps": 1.87
        },
        "2016": {
            "cash": 0.6,
            "stock": 0,
            "eps": 2.75
        },
        "2017": {
            "cash": 0.3,
            "stock": 2,
            "eps": 2.38
        },
        "2018": {
            "cash": 0.8,
            "stock": 0,
            "eps": 2.2
        },
        "2019": {
            "cash": 0.5,
            "stock": 0,
            "eps": 1.23
        },
        "2020": {
            "cash": 0.5,
            "stock": 0,
            "eps": 1.57
        },
        "2021": {
            "cash": 0.5,
            "stock": 0,
            "eps": 4.41
        },
        "2022": {
            "cash": 2,
            "stock": 0,
            "eps": 4.05
        },
        "2023": {
            "cash": 1.6,
            "stock": 0,
            "eps": 1.92
        },
        "2024": {
            "cash": 0.9,
            "stock": 0,
            "eps": 0
        }
    },
    "dividends": {
        "1998-04-27": {
            "cash": 0,
            "stock": 2
        },
        "1999-06-08": {
            "cash": 0,
            "stock": 1.2
        },
        "2000-04-27": {
            "cash": 0,
            "stock": 1
        },
        "2001-05-08": {
            "cash": 0.4,
            "stock": 0.5
        },
        "2003-05-05": {
            "cash": 0.3,
            "stock": 1
        },
        "2004-03-09": {
            "cash": 0.2,
            "stock": 1.3
        },
        "2005-03-11": {
            "cash": 1.25,
            "stock": 1.25
        },
        "2006-03-15": {
            "cash": 0.5,
            "stock": 0.5
        },
        "2007-03-15": {
            "cash": 1,
            "stock": 0.8
        },
        "2008-03-13": {
            "cash": 0.5,
            "stock": 0.7
        },
        "2009-03-18": {
            "cash": 0.2,
            "stock": 0.5
        },
        "2011-03-15": {
            "cash": 0.5,
            "stock": 1.2
        },
        "2012-06-06": {
            "cash": 0.5,
            "stock": 0.2
        },
        "2014-06-06": {
            "cash": 0.6,
            "stock": 0.15
        },
        "2015-09-04": {
            "cash": 0.2,
            "stock": 1
        },
        "2016-09-14": {
            "cash": 0.6,
            "stock": 0
        },
        "2017-07-28": {
            "cash": 0.3,
            "stock": 2
        },
        "2018-09-20": {
            "cash": 0.8,
            "stock": 0
        },
        "2019-09-20": {
            "cash": 0.5,
            "stock": 0
        },
        "2020-09-18": {
            "cash": 0.5,
            "stock": 0
        },
        "2021-09-24": {
            "cash": 0.5,
            "stock": 0
        },
        "2022-09-28": {
            "cash": 2,
            "stock": 0
        },
        "2023-09-21": {
            "cash": 1.6,
            "stock": 0
        },
        "2024-03-08": {
            "cash": 0.9,
            "stock": 0
        }
    },
    "prices": {
        "200101": "6.37",
        "200102": "6.75",
        "200103": "6.90",
        "200104": "6.64",
        "200105": "6.86",
        "200106": "6.80",
        "200107": "5.97",
        "200108": "5.64",
        "200109": "4.95",
        "200110": "4.86",
        "200111": "4.19",
        "200112": "4.38",
        "200201": "4.18",
        "200202": "4.37",
        "200203": "5.11",
        "200204": "6.52",
        "200205": "6.75",
        "200206": "7.22",
        "200207": "7.79",
        "200208": "12.00",
        "200209": "13.36",
        "200210": "11.82",
        "200211": "15.76",
        "200212": "16.65",
        "200301": "17.87",
        "200302": "21.90",
        "200303": "18.22",
        "200304": "20.69",
        "200305": "21.06",
        "200306": "20.94",
        "200307": "21.33",
        "200308": "20.40",
        "200309": "18.30",
        "200310": "17.91",
        "200311": "17.06",
        "200312": "17.14",
        "200401": "17.77",
        "200402": "18.92",
        "200403": "19.30",
        "200404": "18.10",
        "200405": "16.97",
        "200406": "17.41",
        "200407": "18.36",
        "200408": "18.32",
        "200409": "23.21",
        "200410": "24.52",
        "200411": "22.24",
        "200412": "22.35",
        "200501": "22.28",
        "200502": "23.08",
        "200503": "22.35",
        "200504": "19.98",
        "200505": "18.30",
        "200506": "18.55",
        "200507": "16.44",
        "200508": "13.67",
        "200509": "13.39",
        "200510": "10.95",
        "200511": "9.94",
        "200512": "9.87",
        "200601": "10.09",
        "200602": "10.50",
        "200603": "10.34",
        "200604": "11.89",
        "200605": "11.56",
        "200606": "10.88",
        "200607": "11.33",
        "200608": "11.04",
        "200609": "11.35",
        "200610": "13.32",
        "200611": "14.33",
        "200612": "15.20",
        "200701": "15.78",
        "200702": "16.17",
        "200703": "16.68",
        "200704": "20.88",
        "200705": "19.81",
        "200706": "19.76",
        "200707": "20.06",
        "200708": "17.50",
        "200709": "17.62",
        "200710": "16.64",
        "200711": "14.84",
        "200712": "14.03",
        "200801": "14.18",
        "200802": "15.29",
        "200803": "15.90",
        "200804": "17.90",
        "200805": "23.61",
        "200806": "21.73",
        "200807": "19.20",
        "200808": "18.34",
        "200809": "17.64",
        "200810": "12.87",
        "200811": "11.58",
        "200812": "10.31",
        "200901": "10.26",
        "200902": "10.05",
        "200903": "10.29",
        "200904": "11.38",
        "200905": "10.84",
        "200906": "10.98",
        "200907": "10.91",
        "200908": "10.83",
        "200909": "10.91",
        "200910": "11.13",
        "200911": "11.05",
        "200912": "11.52",
        "201001": "13.72",
        "201002": "12.52",
        "201003": "13.25",
        "201004": "14.95",
        "201005": "14.49",
        "201006": "14.20",
        "201007": "14.31",
        "201008": "15.38",
        "201009": "15.98",
        "201010": "17.48",
        "201011": "18.43",
        "201012": "19.54",
        "201101": "21.22",
        "201102": "20.59",
        "201103": "19.85",
        "201104": "20.32",
        "201105": "19.24",
        "201106": "18.40",
        "201107": "18.24",
        "201108": "14.98",
        "201109": "14.29",
        "201110": "13.41",
        "201111": "12.88",
        "201112": "12.22",
        "201201": "12.46",
        "201202": "13.90",
        "201203": "14.04",
        "201204": "13.36",
        "201205": "12.52",
        "201206": "11.83",
        "201207": "11.20",
        "201208": "11.27",
        "201209": "11.67",
        "201210": "11.44",
        "201211": "10.94",
        "201212": "11.32",
        "201301": "11.65",
        "201302": "11.51",
        "201303": "11.33",
        "201304": "11.16",
        "201305": "11.62",
        "201306": "11.81",
        "201307": "12.80",
        "201308": "13.16",
        "201309": "13.17",
        "201310": "13.44",
        "201311": "13.89",
        "201312": "16.28",
        "201401": "16.86",
        "201402": "17.13",
        "201403": "18.54",
        "201404": "20.64",
        "201405": "21.31",
        "201406": "19.86",
        "201407": "19.34",
        "201408": "21.02",
        "201409": "20.11",
        "201410": "19.13",
        "201411": "19.43",
        "201412": "19.54",
        "201501": "20.58",
        "201502": "20.72",
        "201503": "21.13",
        "201504": "21.44",
        "201505": "22.61",
        "201506": "21.07",
        "201507": "18.85",
        "201508": "15.82",
        "201509": "15.45",
        "201510": "15.51",
        "201511": "15.92",
        "201512": "16.41",
        "201601": "16.74",
        "201602": "17.19",
        "201603": "17.52",
        "201604": "18.15",
        "201605": "19.76",
        "201606": "21.09",
        "201607": "24.76",
        "201608": "25.82",
        "201609": "26.52",
        "201610": "28.58",
        "201611": "28.75",
        "201612": "28.80",
        "201701": "29.82",
        "201702": "30.05",
        "201703": "31.60",
        "201704": "31.86",
        "201705": "32.21",
        "201706": "33.88",
        "201707": "33.82",
        "201708": "32.66",
        "201709": "29.02",
        "201710": "28.59",
        "201711": "28.58",
        "201712": "28.41",
        "201801": "29.62",
        "201802": "30.10",
        "201803": "29.75",
        "201804": "29.38",
        "201805": "29.18",
        "201806": "30.38",
        "201807": "30.78",
        "201808": "31.42",
        "201809": "29.94",
        "201810": "30.18",
        "201811": "30.06",
        "201812": "29.72",
        "201901": "28.43",
        "201902": "28.58",
        "201903": "27.71",
        "201904": "26.44",
        "201905": "25.18",
        "201906": "25.28",
        "201907": "25.82",
        "201908": "25.85",
        "201909": "25.47",
        "201910": "25.85",
        "201911": "25.78",
        "201912": "25.45",
        "202001": "25.34",
        "202002": "25.02",
        "202003": "23.65",
        "202004": "23.96",
        "202005": "23.71",
        "202006": "24.11",
        "202007": "25.26",
        "202008": "25.46",
        "202009": "26.09",
        "202010": "28.97",
        "202011": "28.29",
        "202012": "28.21",
        "202101": "27.80",
        "202102": "27.04",
        "202103": "27.54",
        "202104": "29.89",
        "202105": "29.18",
        "202106": "31.03",
        "202107": "43.64",
        "202108": "37.64",
        "202109": "40.09",
        "202110": "36.70",
        "202111": "36.91",
        "202112": "38.11",
        "202201": "37.15",
        "202202": "36.32",
        "202203": "37.19",
        "202204": "36.96",
        "202205": "34.38",
        "202206": "33.75",
        "202207": "33.17",
        "202208": "33.94",
        "202209": "32.52",
        "202210": "34.86",
        "202211": "35.88",
        "202212": "36.02",
        "202301": "35.81",
        "202302": "35.53",
        "202303": "35.63",
        "202304": "35.70",
        "202305": "34.04",
        "202306": "35.04",
        "202307": "34.91",
        "202308": "33.87",
        "202309": "33.89",
        "202310": "35.44",
        "202311": "34.75",
        "202312": "34.40",
        "202401": "34.65",
        "202402": "34.60",
        "202403": "34.09",
        "202404": "無"
    },
    "quarters": {
        "20011": {
            "year_quarter": 20011,
            "year": 2001,
            "quarter": 1,
            "eps": 0.21,
            "eps_growth_year": -51.16,
            "eps_4q": 0.86,
            "eps_4q_growth_year": null,
            "roe": 1.73,
            "roe_4q": 1.73,
            "gross_profit": 22358,
            "gross_margin": 8.7,
            "gross_margin_4q_avg": 8.7,
            "net_income": 7412,
            "net_income_4q": null,
            "revenue": 256949,
            "revenue_4q": null,
            "common_shares": 357082,
            "book_valuer_per_share": 12.08,
            "book_valuer_per_share_4q_avg": 12.08,
            "equity": 431283,
            "current_ratio": 110.01,
            "debt_ratio": 48.53,
            "inventory_turnover_ratio": 1.95,
            "account_receivable_turnover_ratio": null,
            "reinvestment_rate": null,
            "research_to_sale_ratio": null,
            "price_fair": 0,
            "eps_avg_yearly": 0,
            "eps_latest_yearly": 0,
            "eps_growth_yearly": 0
        },
        "20012": {
            "year_quarter": 20012,
            "year": 2001,
            "quarter": 2,
            "eps": -0.02,
            "eps_growth_year": -105.56,
            "eps_4q": 0.5,
            "eps_4q_growth_year": -57.79,
            "roe": -0.13,
            "roe_4q": 1.6,
            "gross_profit": 20683,
            "gross_margin": 7.98,
            "gross_margin_4q_avg": 8.34,
            "net_income": -551,
            "net_income_4q": null,
            "revenue": 259204,
            "revenue_4q": null,
            "common_shares": 357082,
            "book_valuer_per_share": 11.63,
            "book_valuer_per_share_4q_avg": 11.86,
            "equity": 415125,
            "current_ratio": 101.3,
            "debt_ratio": 52.42,
            "inventory_turnover_ratio": 1.71,
            "account_receivable_turnover_ratio": null,
            "reinvestment_rate": null,
            "research_to_sale_ratio": null,
            "price_fair": 0,
            "eps_avg_yearly": 0,
            "eps_latest_yearly": 0,
            "eps_growth_yearly": 0
        },
        "20013": {
            "year_quarter": 20013,
            "year": 2001,
            "quarter": 3,
            "eps": -0.17,
            "eps_growth_year": -206.25,
            "eps_4q": 0.16,
            "eps_4q_growth_year": -84.16,
            "roe": -1.51,
            "roe_4q": 0.08999999999999986,
            "gross_profit": 17358,
            "gross_margin": 6.92,
            "gross_margin_4q_avg": 7.87,
            "net_income": -6236,
            "net_income_4q": null,
            "revenue": 250656,
            "revenue_4q": null,
            "common_shares": 374936,
            "book_valuer_per_share": 10.91,
            "book_valuer_per_share_4q_avg": 11.54,
            "equity": 408888,
            "current_ratio": 105.53,
            "debt_ratio": 50.36,
            "inventory_turnover_ratio": 1.75,
            "account_receivable_turnover_ratio": null,
            "reinvestment_rate": null,
            "research_to_sale_ratio": null,
            "price_fair": 0,
            "eps_avg_yearly": 0,
            "eps_latest_yearly": 0,
            "eps_growth_yearly": 0
        },
        "20014": {
            "year_quarter": 20014,
            "year": 2001,
            "quarter": 4,
            "eps": 0.05,
            "eps_growth_year": -66.67,
            "eps_4q": 0.07,
            "eps_4q_growth_year": -93.33,
            "roe": 0.45,
            "roe_4q": 0.54,
            "gross_profit": 24650,
            "gross_margin": 9.94,
            "gross_margin_4q_avg": 8.39,
            "net_income": 1863,
            "net_income_4q": null,
            "revenue": 247973,
            "revenue_4q": null,
            "common_shares": 374936,
            "book_valuer_per_share": 10.96,
            "book_valuer_per_share_4q_avg": 11.4,
            "equity": 410752,
            "current_ratio": 112.15,
            "debt_ratio": 47.02,
            "inventory_turnover_ratio": 2.16,
            "account_receivable_turnover_ratio": null,
            "reinvestment_rate": null,
            "research_to_sale_ratio": null,
            "price_fair": 0,
            "eps_avg_yearly": 0,
            "eps_latest_yearly": 0,
            "eps_growth_yearly": 0
        },
        "20021": {
            "year_quarter": 20021,
            "year": 2002,
            "quarter": 1,
            "eps": 0.12,
            "eps_growth_year": -42.86,
            "eps_4q": -0.02,
            "eps_4q_growth_year": -101.9,
            "roe": 1.05,
            "roe_4q": -0.14,
            "gross_profit": 22226,
            "gross_margin": 9.11,
            "gross_margin_4q_avg": 8.49,
            "net_income": 4333,
            "net_income_4q": null,
            "revenue": 244083,
            "revenue_4q": null,
            "common_shares": 374936,
            "book_valuer_per_share": 11.07,
            "book_valuer_per_share_4q_avg": 11.14,
            "equity": 415111,
            "current_ratio": 115.64,
            "debt_ratio": 48.96,
            "inventory_turnover_ratio": 2.42,
            "account_receivable_turnover_ratio": null,
            "reinvestment_rate": null,
            "research_to_sale_ratio": null,
            "price_fair": 16.8,
            "eps_avg_yearly": 0.48,
            "eps_latest_yearly": 0.48,
            "eps_growth_yearly": 560
        },
        "20022": {
            "year_quarter": 20022,
            "year": 2002,
            "quarter": 2,
            "eps": 0.34,
            "eps_growth_year": null,
            "eps_4q": 0.34,
            "eps_4q_growth_year": -32.82,
            "roe": 2.99,
            "roe_4q": 2.9800000000000004,
            "gross_profit": 42495,
            "gross_margin": 14.64,
            "gross_margin_4q_avg": 10.15,
            "net_income": 12599,
            "net_income_4q": null,
            "revenue": 290336,
            "revenue_4q": null,
            "common_shares": 374936,
            "book_valuer_per_share": 11.38,
            "book_valuer_per_share_4q_avg": 11.08,
            "equity": 426565,
            "current_ratio": 115.13,
            "debt_ratio": 51.79,
            "inventory_turnover_ratio": 2,
            "account_receivable_turnover_ratio": null,
            "reinvestment_rate": null,
            "research_to_sale_ratio": null,
            "price_fair": 32.2,
            "eps_avg_yearly": 0.92,
            "eps_latest_yearly": 1.36,
            "eps_growth_yearly": 646.67
        },
        "20023": {
            "year_quarter": 20023,
            "year": 2002,
            "quarter": 3,
            "eps": 0.84,
            "eps_growth_year": null,
            "eps_4q": 1.34,
            "eps_4q_growth_year": 716.58,
            "roe": 7.11,
            "roe_4q": 11.600000000000001,
            "gross_profit": 69822,
            "gross_margin": 17.41,
            "gross_margin_4q_avg": 12.78,
            "net_income": 31516,
            "net_income_4q": null,
            "revenue": 401103,
            "revenue_4q": null,
            "common_shares": 374936,
            "book_valuer_per_share": 12.25,
            "book_valuer_per_share_4q_avg": 11.42,
            "equity": 459449,
            "current_ratio": 112.77,
            "debt_ratio": 55.15,
            "inventory_turnover_ratio": 1.93,
            "account_receivable_turnover_ratio": null,
            "reinvestment_rate": null,
            "research_to_sale_ratio": null,
            "price_fair": 60.67,
            "eps_avg_yearly": 1.73,
            "eps_latest_yearly": 3.36,
            "eps_growth_yearly": 627.19
        },
        "20024": {
            "year_quarter": 20024,
            "year": 2002,
            "quarter": 4,
            "eps": 0.81,
            "eps_growth_year": 1520,
            "eps_4q": 2.1,
            "eps_4q_growth_year": 3049.51,
            "roe": 6.01,
            "roe_4q": 17.16,
            "gross_profit": 69747,
            "gross_margin": 18.91,
            "gross_margin_4q_avg": 15.02,
            "net_income": 30349,
            "net_income_4q": null,
            "revenue": 368840,
            "revenue_4q": null,
            "common_shares": 374936,
            "book_valuer_per_share": 13.06,
            "book_valuer_per_share_4q_avg": 11.94,
            "equity": 550083,
            "current_ratio": 107.25,
            "debt_ratio": 55.85,
            "inventory_turnover_ratio": 1.22,
            "account_receivable_turnover_ratio": null,
            "reinvestment_rate": null,
            "research_to_sale_ratio": null,
            "price_fair": 73.85,
            "eps_avg_yearly": 2.11,
            "eps_latest_yearly": 3.24,
            "eps_growth_yearly": 466.82
        },
        "20031": {
            "year_quarter": 20031,
            "year": 2003,
            "quarter": 1,
            "eps": 0.72,
            "eps_growth_year": 500,
            "eps_4q": 2.52,
            "eps_4q_growth_year": null,
            "roe": 4.98,
            "roe_4q": 21.090000000000003,
            "gross_profit": 60672,
            "gross_margin": 17.19,
            "gross_margin_4q_avg": 17.04,
            "net_income": 29725,
            "net_income_4q": null,
            "revenue": 352878,
            "revenue_4q": null,
            "common_shares": 482516,
            "book_valuer_per_share": 13.35,
            "book_valuer_per_share_4q_avg": 12.51,
            "equity": 643918,
            "current_ratio": 154.93,
            "debt_ratio": 44.13,
            "inventory_turnover_ratio": 1.28,
            "account_receivable_turnover_ratio": null,
            "reinvestment_rate": null,
            "research_to_sale_ratio": null,
            "price_fair": 79.24,
            "eps_avg_yearly": 2.26,
            "eps_latest_yearly": 2.88,
            "eps_growth_yearly": 364.57
        },
        "20032": {
            "year_quarter": 20032,
            "year": 2003,
            "quarter": 2,
            "eps": 0.68,
            "eps_growth_year": 100,
            "eps_4q": 2.54,
            "eps_4q_growth_year": 648.82,
            "roe": 5.15,
            "roe_4q": 23.25,
            "gross_profit": 64485,
            "gross_margin": 16.83,
            "gross_margin_4q_avg": 17.59,
            "net_income": 33522,
            "net_income_4q": null,
            "revenue": 383199,
            "revenue_4q": null,
            "common_shares": 482516,
            "book_valuer_per_share": 13.64,
            "book_valuer_per_share_4q_avg": 13.08,
            "equity": 658389,
            "current_ratio": 136.49,
            "debt_ratio": 44.99,
            "inventory_turnover_ratio": 1.87,
            "account_receivable_turnover_ratio": null,
            "reinvestment_rate": 251.16,
            "research_to_sale_ratio": null,
            "price_fair": 81.9,
            "eps_avg_yearly": 2.34,
            "eps_latest_yearly": 2.72,
            "eps_growth_yearly": 300.1
        },
        "20033": {
            "year_quarter": 20033,
            "year": 2003,
            "quarter": 3,
            "eps": 0.27,
            "eps_growth_year": -67.86,
            "eps_4q": 2.1,
            "eps_4q_growth_year": 56.52,
            "roe": 2.08,
            "roe_4q": 18.22,
            "gross_profit": 38208,
            "gross_margin": 11.06,
            "gross_margin_4q_avg": 16,
            "net_income": 13818,
            "net_income_4q": null,
            "revenue": 345599,
            "revenue_4q": null,
            "common_shares": 530770,
            "book_valuer_per_share": 12.62,
            "book_valuer_per_share_4q_avg": 13.17,
            "equity": 670061,
            "current_ratio": 142.7,
            "debt_ratio": 40.74,
            "inventory_turnover_ratio": 1.63,
            "account_receivable_turnover_ratio": null,
            "reinvestment_rate": 73.71,
            "research_to_sale_ratio": null,
            "price_fair": 75.6,
            "eps_avg_yearly": 2.16,
            "eps_latest_yearly": 1.08,
            "eps_growth_yearly": 222.78
        },
        "20034": {
            "year_quarter": 20034,
            "year": 2003,
            "quarter": 4,
            "eps": 0.5,
            "eps_growth_year": -38.27,
            "eps_4q": 1.99,
            "eps_4q_growth_year": -5.23,
            "roe": 3.78,
            "roe_4q": 15.99,
            "gross_profit": 52108,
            "gross_margin": 12.67,
            "gross_margin_4q_avg": 14.44,
            "net_income": 25807,
            "net_income_4q": null,
            "revenue": 411332,
            "revenue_4q": null,
            "common_shares": 530770,
            "book_valuer_per_share": 13.08,
            "book_valuer_per_share_4q_avg": 13.17,
            "equity": 694325,
            "current_ratio": 377.59,
            "debt_ratio": 44.82,
            "inventory_turnover_ratio": 2,
            "account_receivable_turnover_ratio": null,
            "reinvestment_rate": 73.93,
            "research_to_sale_ratio": null,
            "price_fair": 74.9,
            "eps_avg_yearly": 2.14,
            "eps_latest_yearly": 2,
            "eps_growth_yearly": 237.52
        },
        "20041": {
            "year_quarter": 20041,
            "year": 2004,
            "quarter": 1,
            "eps": 0.88,
            "eps_growth_year": 22.22,
            "eps_4q": 2.26,
            "eps_4q_growth_year": -10.52,
            "roe": 6.52,
            "roe_4q": 17.53,
            "gross_profit": 81205,
            "gross_margin": 16.92,
            "gross_margin_4q_avg": 14.37,
            "net_income": 46710,
            "net_income_4q": null,
            "revenue": 479941,
            "revenue_4q": null,
            "common_shares": 530770,
            "book_valuer_per_share": 13.91,
            "book_valuer_per_share_4q_avg": 13.31,
            "equity": 738452,
            "current_ratio": 349.62,
            "debt_ratio": 43.28,
            "inventory_turnover_ratio": 2.25,
            "account_receivable_turnover_ratio": null,
            "reinvestment_rate": 74.65,
            "research_to_sale_ratio": null,
            "price_fair": 80.27,
            "eps_avg_yearly": 2.29,
            "eps_latest_yearly": 3.52,
            "eps_growth_yearly": 244.91
        },
        "20042": {
            "year_quarter": 20042,
            "year": 2004,
            "quarter": 2,
            "eps": 1.28,
            "eps_growth_year": 88.24,
            "eps_4q": 2.71,
            "eps_4q_growth_year": 6.96,
            "roe": 9.98,
            "roe_4q": 22.36,
            "gross_profit": 121551,
            "gross_margin": 18.65,
            "gross_margin_4q_avg": 14.83,
            "net_income": 77032,
            "net_income_4q": null,
            "revenue": 651742,
            "revenue_4q": null,
            "common_shares": 530770,
            "book_valuer_per_share": 15.17,
            "book_valuer_per_share_4q_avg": 13.7,
            "equity": 804935,
            "current_ratio": 224.24,
            "debt_ratio": 48.41,
            "inventory_turnover_ratio": 2.38,
            "account_receivable_turnover_ratio": null,
            "reinvestment_rate": 60.75,
            "research_to_sale_ratio": null,
            "price_fair": 90.16,
            "eps_avg_yearly": 2.58,
            "eps_latest_yearly": 5.12,
            "eps_growth_yearly": 238.6
        },
        "20043": {
            "year_quarter": 20043,
            "year": 2004,
            "quarter": 3,
            "eps": 1.01,
            "eps_growth_year": 274.07,
            "eps_4q": 3.49,
            "eps_4q_growth_year": 66.41,
            "roe": 7.28,
            "roe_4q": 27.560000000000002,
            "gross_profit": 109547,
            "gross_margin": 16.79,
            "gross_margin_4q_avg": 16.26,
            "net_income": 60837,
            "net_income_4q": null,
            "revenue": 652634,
            "revenue_4q": null,
            "common_shares": 603650,
            "book_valuer_per_share": 14.34,
            "book_valuer_per_share_4q_avg": 14.13,
            "equity": 865509,
            "current_ratio": 279.17,
            "debt_ratio": 44.46,
            "inventory_turnover_ratio": 2.01,
            "account_receivable_turnover_ratio": null,
            "reinvestment_rate": 42.39,
            "research_to_sale_ratio": null,
            "price_fair": 94.82,
            "eps_avg_yearly": 2.71,
            "eps_latest_yearly": 4.04,
            "eps_growth_yearly": 209.24
        },
        "20044": {
            "year_quarter": 20044,
            "year": 2004,
            "quarter": 4,
            "eps": 1.16,
            "eps_growth_year": 132,
            "eps_4q": 4.22,
            "eps_4q_growth_year": 111.73,
            "roe": 7.1,
            "roe_4q": 30.88,
            "gross_profit": 108169,
            "gross_margin": 14.36,
            "gross_margin_4q_avg": 16.68,
            "net_income": 69970,
            "net_income_4q": null,
            "revenue": 753333,
            "revenue_4q": null,
            "common_shares": 603650,
            "book_valuer_per_share": 15.35,
            "book_valuer_per_share_4q_avg": 14.69,
            "equity": 1106854,
            "current_ratio": 242.98,
            "debt_ratio": 44.76,
            "inventory_turnover_ratio": 1.78,
            "account_receivable_turnover_ratio": null,
            "reinvestment_rate": 58.01,
            "research_to_sale_ratio": null,
            "price_fair": 100.45,
            "eps_avg_yearly": 2.87,
            "eps_latest_yearly": 4.64,
            "eps_growth_yearly": 196.75
        },
        "20051": {
            "year_quarter": 20051,
            "year": 2005,
            "quarter": 1,
            "eps": 0.93,
            "eps_growth_year": 5.68,
            "eps_4q": 4.39,
            "eps_4q_growth_year": 94.42,
            "roe": 5.35,
            "roe_4q": 29.71,
            "gross_profit": 90171,
            "gross_margin": 13.8,
            "gross_margin_4q_avg": 15.9,
            "net_income": 55862,
            "net_income_4q": null,
            "revenue": 653304,
            "revenue_4q": null,
            "common_shares": 603650,
            "book_valuer_per_share": 16.26,
            "book_valuer_per_share_4q_avg": 15.28,
            "equity": 981605,
            "current_ratio": 222.9,
            "debt_ratio": 46.28,
            "inventory_turnover_ratio": 1.28,
            "account_receivable_turnover_ratio": null,
            "reinvestment_rate": 23.96,
            "research_to_sale_ratio": null,
            "price_fair": 102.74,
            "eps_avg_yearly": 2.94,
            "eps_latest_yearly": 3.72,
            "eps_growth_yearly": 175.52
        },
        "20052": {
            "year_quarter": 20052,
            "year": 2005,
            "quarter": 2,
            "eps": 0.5,
            "eps_growth_year": -60.94,
            "eps_4q": 3.21,
            "eps_4q_growth_year": 18.42,
            "roe": 3.6,
            "roe_4q": 23.33,
            "gross_profit": 67222,
            "gross_margin": 11.27,
            "gross_margin_4q_avg": 14.06,
            "net_income": 34383,
            "net_income_4q": null,
            "revenue": 596551,
            "revenue_4q": null,
            "common_shares": 603650,
            "book_valuer_per_share": 15.41,
            "book_valuer_per_share_4q_avg": 15.34,
            "equity": 930303,
            "current_ratio": 192.78,
            "debt_ratio": 48.31,
            "inventory_turnover_ratio": 1.19,
            "account_receivable_turnover_ratio": null,
            "reinvestment_rate": 28.13,
            "research_to_sale_ratio": null,
            "price_fair": 100.4,
            "eps_avg_yearly": 2.87,
            "eps_latest_yearly": 2,
            "eps_growth_yearly": 149.77
        },
        "20053": {
            "year_quarter": 20053,
            "year": 2005,
            "quarter": 3,
            "eps": 0.04,
            "eps_growth_year": -96.04,
            "eps_4q": 2.29,
            "eps_4q_growth_year": -34.43,
            "roe": 0.3,
            "roe_4q": 16.35,
            "gross_profit": 20922,
            "gross_margin": 4.98,
            "gross_margin_4q_avg": 11.1,
            "net_income": 2848,
            "net_income_4q": null,
            "revenue": 419860,
            "revenue_4q": null,
            "common_shares": 684100,
            "book_valuer_per_share": 13.74,
            "book_valuer_per_share_4q_avg": 15.19,
            "equity": 940179,
            "current_ratio": 160.65,
            "debt_ratio": 49.71,
            "inventory_turnover_ratio": 0.82,
            "account_receivable_turnover_ratio": null,
            "reinvestment_rate": 44.51,
            "research_to_sale_ratio": null,
            "price_fair": 94.08,
            "eps_avg_yearly": 2.69,
            "eps_latest_yearly": 0.16,
            "eps_growth_yearly": 115.25
        },
        "20054": {
            "year_quarter": 20054,
            "year": 2005,
            "quarter": 4,
            "eps": -0.06,
            "eps_growth_year": -105.17,
            "eps_4q": 1.14,
            "eps_4q_growth_year": -73.07,
            "roe": -0.41,
            "roe_4q": 8.84,
            "gross_profit": 31369,
            "gross_margin": 6.33,
            "gross_margin_4q_avg": 9.1,
            "net_income": -4289,
            "net_income_4q": null,
            "revenue": 495432,
            "revenue_4q": null,
            "common_shares": 684100,
            "book_valuer_per_share": 13.69,
            "book_valuer_per_share_4q_avg": 14.78,
            "equity": 1169845,
            "current_ratio": 190.97,
            "debt_ratio": 46.04,
            "inventory_turnover_ratio": 0.82,
            "account_receivable_turnover_ratio": null,
            "reinvestment_rate": 75.72,
            "research_to_sale_ratio": null,
            "price_fair": 94.08,
            "eps_avg_yearly": 2.69,
            "eps_latest_yearly": 0.16,
            "eps_growth_yearly": 115.25
        },
        "20061": {
            "year_quarter": 20061,
            "year": 2006,
            "quarter": 1,
            "eps": 0.22,
            "eps_growth_year": -76.34,
            "eps_4q": 0.69,
            "eps_4q_growth_year": -84.25,
            "roe": 1.45,
            "roe_4q": 4.94,
            "gross_profit": 39546,
            "gross_margin": 7.33,
            "gross_margin_4q_avg": 7.48,
            "net_income": 15371,
            "net_income_4q": null,
            "revenue": 539533,
            "revenue_4q": null,
            "common_shares": 684100,
            "book_valuer_per_share": 13.83,
            "book_valuer_per_share_4q_avg": 14.17,
            "equity": 945856,
            "current_ratio": 167.89,
            "debt_ratio": 47.02,
            "inventory_turnover_ratio": 1,
            "account_receivable_turnover_ratio": null,
            "reinvestment_rate": 44.45,
            "research_to_sale_ratio": null,
            "price_fair": 99.6,
            "eps_avg_yearly": 2.85,
            "eps_latest_yearly": 0.16,
            "eps_growth_yearly": 83.48
        },
        "20062": {
            "year_quarter": 20062,
            "year": 2006,
            "quarter": 2,
            "eps": 0.63,
            "eps_growth_year": 26,
            "eps_4q": 0.82,
            "eps_4q_growth_year": -74.37,
            "roe": 4.76,
            "roe_4q": 6.1,
            "gross_profit": 84046,
            "gross_margin": 13.83,
            "gross_margin_4q_avg": 8.12,
            "net_income": 45277,
            "net_income_4q": null,
            "revenue": 607651,
            "revenue_4q": null,
            "common_shares": 684100,
            "book_valuer_per_share": 13.95,
            "book_valuer_per_share_4q_avg": 13.8,
            "equity": 954660,
            "current_ratio": 354.53,
            "debt_ratio": 49.28,
            "inventory_turnover_ratio": 1.44,
            "account_receivable_turnover_ratio": null,
            "reinvestment_rate": 43.02,
            "research_to_sale_ratio": null,
            "price_fair": 102.5,
            "eps_avg_yearly": 2.93,
            "eps_latest_yearly": 2.52,
            "eps_growth_yearly": 84.35
        },
        "20063": {
            "year_quarter": 20063,
            "year": 2006,
            "quarter": 3,
            "eps": 0.84,
            "eps_growth_year": 2000,
            "eps_4q": 1.62,
            "eps_4q_growth_year": -29.08,
            "roe": 6.1,
            "roe_4q": 11.899999999999999,
            "gross_profit": 111466,
            "gross_margin": 17.25,
            "gross_margin_4q_avg": 11.19,
            "net_income": 60374,
            "net_income_4q": null,
            "revenue": 646213,
            "revenue_4q": null,
            "common_shares": 718300,
            "book_valuer_per_share": 14.24,
            "book_valuer_per_share_4q_avg": 13.93,
            "equity": 1023179,
            "current_ratio": 316.18,
            "debt_ratio": 48.45,
            "inventory_turnover_ratio": 1.48,
            "account_receivable_turnover_ratio": null,
            "reinvestment_rate": 41.22,
            "research_to_sale_ratio": null,
            "price_fair": 102.5,
            "eps_avg_yearly": 2.93,
            "eps_latest_yearly": 3.36,
            "eps_growth_yearly": 51.86
        },
        "20064": {
            "year_quarter": 20064,
            "year": 2006,
            "quarter": 4,
            "eps": 0.67,
            "eps_growth_year": null,
            "eps_4q": 2.36,
            "eps_4q_growth_year": 107.74,
            "roe": 4.1,
            "roe_4q": 16.41,
            "gross_profit": 89873,
            "gross_margin": 12.74,
            "gross_margin_4q_avg": 12.79,
            "net_income": 47954,
            "net_income_4q": null,
            "revenue": 705442,
            "revenue_4q": null,
            "common_shares": 718300,
            "book_valuer_per_share": 14.73,
            "book_valuer_per_share_4q_avg": 14.19,
            "equity": 1318777,
            "current_ratio": 356.62,
            "debt_ratio": 42.8,
            "inventory_turnover_ratio": 1.28,
            "account_receivable_turnover_ratio": null,
            "reinvestment_rate": 54.45,
            "research_to_sale_ratio": null,
            "price_fair": 101.1,
            "eps_avg_yearly": 2.89,
            "eps_latest_yearly": 2.68,
            "eps_growth_yearly": 47.09
        },
        "20071": {
            "year_quarter": 20071,
            "year": 2007,
            "quarter": 1,
            "eps": 0.59,
            "eps_growth_year": 168.18,
            "eps_4q": 2.73,
            "eps_4q_growth_year": 295.44,
            "roe": 3.48,
            "roe_4q": 18.439999999999998,
            "gross_profit": 83486,
            "gross_margin": 11.28,
            "gross_margin_4q_avg": 13.78,
            "net_income": 42262,
            "net_income_4q": null,
            "revenue": 739806,
            "revenue_4q": null,
            "common_shares": 718300,
            "book_valuer_per_share": 15.44,
            "book_valuer_per_share_4q_avg": 14.59,
            "equity": 1109175,
            "current_ratio": 321.63,
            "debt_ratio": 44.95,
            "inventory_turnover_ratio": 1.27,
            "account_receivable_turnover_ratio": null,
            "reinvestment_rate": 40.38,
            "research_to_sale_ratio": null,
            "price_fair": 99.8,
            "eps_avg_yearly": 2.85,
            "eps_latest_yearly": 2.36,
            "eps_growth_yearly": 46.86
        },
        "20072": {
            "year_quarter": 20072,
            "year": 2007,
            "quarter": 2,
            "eps": 0.54,
            "eps_growth_year": -14.29,
            "eps_4q": 2.49,
            "eps_4q_growth_year": 202.12,
            "roe": 3.82,
            "roe_4q": 17.5,
            "gross_profit": 86206,
            "gross_margin": 11.02,
            "gross_margin_4q_avg": 13.07,
            "net_income": 41724,
            "net_income_4q": null,
            "revenue": 781924,
            "revenue_4q": null,
            "common_shares": 718300,
            "book_valuer_per_share": 14.99,
            "book_valuer_per_share_4q_avg": 14.85,
            "equity": 1076848,
            "current_ratio": 218.03,
            "debt_ratio": 53.26,
            "inventory_turnover_ratio": 1.23,
            "account_receivable_turnover_ratio": null,
            "reinvestment_rate": 36.86,
            "research_to_sale_ratio": null,
            "price_fair": 98.4,
            "eps_avg_yearly": 2.81,
            "eps_latest_yearly": 2.16,
            "eps_growth_yearly": 46.02
        },
        "20073": {
            "year_quarter": 20073,
            "year": 2007,
            "quarter": 3,
            "eps": 0.14,
            "eps_growth_year": -83.33,
            "eps_4q": 1.87,
            "eps_4q_growth_year": 15.23,
            "roe": 0.98,
            "roe_4q": 12.379999999999999,
            "gross_profit": 50382,
            "gross_margin": 7.09,
            "gross_margin_4q_avg": 10.53,
            "net_income": 10668,
            "net_income_4q": null,
            "revenue": 710385,
            "revenue_4q": null,
            "common_shares": 775800,
            "book_valuer_per_share": 14.07,
            "book_valuer_per_share_4q_avg": 14.81,
            "equity": 1091882,
            "current_ratio": 244.75,
            "debt_ratio": 53.01,
            "inventory_turnover_ratio": 0.93,
            "account_receivable_turnover_ratio": null,
            "reinvestment_rate": 35.19,
            "research_to_sale_ratio": null,
            "price_fair": 97.1,
            "eps_avg_yearly": 2.77,
            "eps_latest_yearly": 0.56,
            "eps_growth_yearly": 42.09
        },
        "20074": {
            "year_quarter": 20074,
            "year": 2007,
            "quarter": 4,
            "eps": 0.26,
            "eps_growth_year": -61.19,
            "eps_4q": 1.5,
            "eps_4q_growth_year": -36.43,
            "roe": 1.6,
            "roe_4q": 9.88,
            "gross_profit": 63787,
            "gross_margin": 8.14,
            "gross_margin_4q_avg": 9.38,
            "net_income": 19832,
            "net_income_4q": null,
            "revenue": 783728,
            "revenue_4q": null,
            "common_shares": 775800,
            "book_valuer_per_share": 14.33,
            "book_valuer_per_share_4q_avg": 14.71,
            "equity": 1384390,
            "current_ratio": 242.27,
            "debt_ratio": 49.24,
            "inventory_turnover_ratio": 0.95,
            "account_receivable_turnover_ratio": null,
            "reinvestment_rate": 73.19,
            "research_to_sale_ratio": null,
            "price_fair": 94.7,
            "eps_avg_yearly": 2.71,
            "eps_latest_yearly": 1.04,
            "eps_growth_yearly": 42.24
        },
        "20081": {
            "year_quarter": 20081,
            "year": 2008,
            "quarter": 1,
            "eps": 0.81,
            "eps_growth_year": 37.29,
            "eps_4q": 1.63,
            "eps_4q_growth_year": -40.53,
            "roe": 4.73,
            "roe_4q": 11.13,
            "gross_profit": 144085,
            "gross_margin": 13.71,
            "gross_margin_4q_avg": 9.99,
            "net_income": 67214,
            "net_income_4q": null,
            "revenue": 1051155,
            "revenue_4q": null,
            "common_shares": 775800,
            "book_valuer_per_share": 15.16,
            "book_valuer_per_share_4q_avg": 14.64,
            "equity": 1455037,
            "current_ratio": 222.1,
            "debt_ratio": 48.34,
            "inventory_turnover_ratio": 1.15,
            "account_receivable_turnover_ratio": null,
            "reinvestment_rate": 67.76,
            "research_to_sale_ratio": null,
            "price_fair": 94,
            "eps_avg_yearly": 2.69,
            "eps_latest_yearly": 3.24,
            "eps_growth_yearly": 80.96
        },
        "20082": {
            "year_quarter": 20082,
            "year": 2008,
            "quarter": 2,
            "eps": 1.53,
            "eps_growth_year": 183.33,
            "eps_4q": 2.27,
            "eps_4q_growth_year": -8.82,
            "roe": 9.79,
            "roe_4q": 17.1,
            "gross_profit": 239133,
            "gross_margin": 18.27,
            "gross_margin_4q_avg": 11.8,
            "net_income": 148214,
            "net_income_4q": null,
            "revenue": 1308946,
            "revenue_4q": null,
            "common_shares": 775800,
            "book_valuer_per_share": 16.15,
            "book_valuer_per_share_4q_avg": 14.93,
            "equity": 1572994,
            "current_ratio": 200.89,
            "debt_ratio": 51.35,
            "inventory_turnover_ratio": 1.2,
            "account_receivable_turnover_ratio": null,
            "reinvestment_rate": 61.61,
            "research_to_sale_ratio": null,
            "price_fair": 96.5,
            "eps_avg_yearly": 2.76,
            "eps_latest_yearly": 6.12,
            "eps_growth_yearly": 93.37
        },
        "20083": {
            "year_quarter": 20083,
            "year": 2008,
            "quarter": 3,
            "eps": 1.15,
            "eps_growth_year": 721.43,
            "eps_4q": 3.21,
            "eps_4q_growth_year": 71.72,
            "roe": 6.58,
            "roe_4q": 22.7,
            "gross_profit": 200903,
            "gross_margin": 15.12,
            "gross_margin_4q_avg": 13.81,
            "net_income": 108992,
            "net_income_4q": null,
            "revenue": 1328338,
            "revenue_4q": null,
            "common_shares": 830110,
            "book_valuer_per_share": 16.56,
            "book_valuer_per_share_4q_avg": 15.55,
            "equity": 1738540,
            "current_ratio": 191.59,
            "debt_ratio": 55.19,
            "inventory_turnover_ratio": 0.94,
            "account_receivable_turnover_ratio": null,
            "reinvestment_rate": 65.39,
            "research_to_sale_ratio": null,
            "price_fair": 97.9,
            "eps_avg_yearly": 2.8,
            "eps_latest_yearly": 4.6,
            "eps_growth_yearly": 92.3
        },
        "20084": {
            "year_quarter": 20084,
            "year": 2008,
            "quarter": 4,
            "eps": -2.43,
            "eps_growth_year": -1034.62,
            "eps_4q": 0.96,
            "eps_4q_growth_year": -35.99,
            "roe": -14.79,
            "roe_4q": 6.3100000000000005,
            "gross_profit": -259320,
            "gross_margin": -32.66,
            "gross_margin_4q_avg": 3.61,
            "net_income": -237867,
            "net_income_4q": null,
            "revenue": 794111,
            "revenue_4q": null,
            "common_shares": 830110,
            "book_valuer_per_share": 13.94,
            "book_valuer_per_share_4q_avg": 15.45,
            "equity": 1477907,
            "current_ratio": 246.07,
            "debt_ratio": 54.23,
            "inventory_turnover_ratio": 0.83,
            "account_receivable_turnover_ratio": 3.07,
            "reinvestment_rate": 77.9,
            "research_to_sale_ratio": null,
            "price_fair": 92.94,
            "eps_avg_yearly": 2.66,
            "eps_latest_yearly": 4.6,
            "eps_growth_yearly": 94.83
        },
        "20091": {
            "year_quarter": 20091,
            "year": 2009,
            "quarter": 1,
            "eps": -0.68,
            "eps_growth_year": -183.95,
            "eps_4q": -0.44,
            "eps_4q_growth_year": -126.88,
            "roe": -4.89,
            "roe_4q": -3.3100000000000005,
            "gross_profit": -58115,
            "gross_margin": -11.25,
            "gross_margin_4q_avg": -2.63,
            "net_income": -71542,
            "net_income_4q": null,
            "revenue": 516787,
            "revenue_4q": null,
            "common_shares": 830110,
            "book_valuer_per_share": 13.48,
            "book_valuer_per_share_4q_avg": 15.03,
            "equity": 1446706,
            "current_ratio": 259.1,
            "debt_ratio": 52.51,
            "inventory_turnover_ratio": 0.54,
            "account_receivable_turnover_ratio": 1.08,
            "reinvestment_rate": 158.17,
            "research_to_sale_ratio": null,
            "price_fair": 89.83,
            "eps_avg_yearly": 2.57,
            "eps_latest_yearly": 4.6,
            "eps_growth_yearly": 109.35
        },
        "20092": {
            "year_quarter": 20092,
            "year": 2009,
            "quarter": 2,
            "eps": -0.55,
            "eps_growth_year": -135.95,
            "eps_4q": -2.54,
            "eps_4q_growth_year": -211.73,
            "roe": -3.17,
            "roe_4q": -16.269999999999996,
            "gross_profit": -14240,
            "gross_margin": -2.25,
            "gross_margin_4q_avg": -7.76,
            "net_income": -44259,
            "net_income_4q": null,
            "revenue": 634068,
            "revenue_4q": null,
            "common_shares": 830110,
            "book_valuer_per_share": 12.49,
            "book_valuer_per_share_4q_avg": 14.12,
            "equity": 1346590,
            "current_ratio": 249.2,
            "debt_ratio": 51.42,
            "inventory_turnover_ratio": 0.75,
            "account_receivable_turnover_ratio": 1.33,
            "reinvestment_rate": 180.41,
            "research_to_sale_ratio": null,
            "price_fair": 91.64,
            "eps_avg_yearly": 2.62,
            "eps_latest_yearly": 4.6,
            "eps_growth_yearly": 136.1
        },
        "20093": {
            "year_quarter": 20093,
            "year": 2009,
            "quarter": 3,
            "eps": 0.23,
            "eps_growth_year": -80,
            "eps_4q": -1.8,
            "eps_4q_growth_year": -155.89,
            "roe": 2.68,
            "roe_4q": -20.169999999999998,
            "gross_profit": 99003,
            "gross_margin": 12.56,
            "gross_margin_4q_avg": -8.4,
            "net_income": 36636,
            "net_income_4q": null,
            "revenue": 788465,
            "revenue_4q": null,
            "common_shares": 871620,
            "book_valuer_per_share": 12.17,
            "book_valuer_per_share_4q_avg": 13.02,
            "equity": 1389882,
            "current_ratio": 228.88,
            "debt_ratio": 52.85,
            "inventory_turnover_ratio": 0.92,
            "account_receivable_turnover_ratio": 1.43,
            "reinvestment_rate": 137.38,
            "research_to_sale_ratio": null,
            "price_fair": 100.24,
            "eps_avg_yearly": 2.86,
            "eps_latest_yearly": 4.6,
            "eps_growth_yearly": 186.51
        },
        "20094": {
            "year_quarter": 20094,
            "year": 2009,
            "quarter": 4,
            "eps": 0.41,
            "eps_growth_year": null,
            "eps_4q": -0.56,
            "eps_4q_growth_year": -157.99,
            "roe": 2.56,
            "roe_4q": -2.8199999999999994,
            "gross_profit": 93347,
            "gross_margin": 9.99,
            "gross_margin_4q_avg": 2.26,
            "net_income": 35744,
            "net_income_4q": null,
            "revenue": 933963,
            "revenue_4q": null,
            "common_shares": 871620,
            "book_valuer_per_share": 12.44,
            "book_valuer_per_share_4q_avg": 12.65,
            "equity": 1401799,
            "current_ratio": 258.09,
            "debt_ratio": 51.8,
            "inventory_turnover_ratio": 1.1,
            "account_receivable_turnover_ratio": 3,
            "reinvestment_rate": 81.64,
            "research_to_sale_ratio": null,
            "price_fair": 96.35,
            "eps_avg_yearly": 2.75,
            "eps_latest_yearly": 1.64,
            "eps_growth_yearly": 198.01
        },
        "20101": {
            "year_quarter": 20101,
            "year": 2010,
            "quarter": 1,
            "eps": 0.6,
            "eps_growth_year": null,
            "eps_4q": 0.69,
            "eps_4q_growth_year": null,
            "roe": 4.21,
            "roe_4q": 6.279999999999999,
            "gross_profit": 112664,
            "gross_margin": 11.03,
            "gross_margin_4q_avg": 7.83,
            "net_income": 60668,
            "net_income_4q": null,
            "revenue": 1021722,
            "revenue_4q": null,
            "common_shares": 871620,
            "book_valuer_per_share": 13.13,
            "book_valuer_per_share_4q_avg": 12.56,
            "equity": 1479946,
            "current_ratio": 219.73,
            "debt_ratio": 54.38,
            "inventory_turnover_ratio": 1.05,
            "account_receivable_turnover_ratio": 1.6,
            "reinvestment_rate": 152.77,
            "research_to_sale_ratio": 0.06,
            "price_fair": 95.32,
            "eps_avg_yearly": 2.72,
            "eps_latest_yearly": 2.4,
            "eps_growth_yearly": 196.96
        },
        "20102": {
            "year_quarter": 20102,
            "year": 2010,
            "quarter": 2,
            "eps": 0.83,
            "eps_growth_year": null,
            "eps_4q": 2.07,
            "eps_4q_growth_year": null,
            "roe": 5.62,
            "roe_4q": 15.07,
            "gross_profit": 180408,
            "gross_margin": 13.54,
            "gross_margin_4q_avg": 11.78,
            "net_income": 85440,
            "net_income_4q": null,
            "revenue": 1332785,
            "revenue_4q": null,
            "common_shares": 871620,
            "book_valuer_per_share": 13.92,
            "book_valuer_per_share_4q_avg": 12.92,
            "equity": 1558433,
            "current_ratio": 226.33,
            "debt_ratio": 55.48,
            "inventory_turnover_ratio": 1.13,
            "account_receivable_turnover_ratio": 1.75,
            "reinvestment_rate": 133.08,
            "research_to_sale_ratio": 0.05,
            "price_fair": 97.65,
            "eps_avg_yearly": 2.79,
            "eps_latest_yearly": 3.32,
            "eps_growth_yearly": 147.62
        },
        "20103": {
            "year_quarter": 20103,
            "year": 2010,
            "quarter": 3,
            "eps": 0.89,
            "eps_growth_year": 285.64,
            "eps_4q": 2.73,
            "eps_4q_growth_year": null,
            "roe": 5.85,
            "roe_4q": 18.24,
            "gross_profit": 135292,
            "gross_margin": 11.88,
            "gross_margin_4q_avg": 11.61,
            "net_income": 94114,
            "net_income_4q": null,
            "revenue": 1138789,
            "revenue_4q": null,
            "common_shares": 871620,
            "book_valuer_per_share": 14.84,
            "book_valuer_per_share_4q_avg": 13.58,
            "equity": 1657754,
            "current_ratio": 239.25,
            "debt_ratio": 53.57,
            "inventory_turnover_ratio": 0.88,
            "account_receivable_turnover_ratio": 1.41,
            "reinvestment_rate": 124.54,
            "research_to_sale_ratio": 0.06,
            "price_fair": 98.23,
            "eps_avg_yearly": 2.81,
            "eps_latest_yearly": 3.56,
            "eps_growth_yearly": 138.91
        },
        "20104": {
            "year_quarter": 20104,
            "year": 2010,
            "quarter": 4,
            "eps": 0.84,
            "eps_growth_year": 104.89,
            "eps_4q": 3.16,
            "eps_4q_growth_year": null,
            "roe": 5.05,
            "roe_4q": 20.73,
            "gross_profit": 165024,
            "gross_margin": 12.12,
            "gross_margin_4q_avg": 12.14,
            "net_income": 84007,
            "net_income_4q": null,
            "revenue": 1361269,
            "revenue_4q": null,
            "common_shares": 871620,
            "book_valuer_per_share": 15.27,
            "book_valuer_per_share_4q_avg": 14.29,
            "equity": 1670900,
            "current_ratio": 249.67,
            "debt_ratio": 53.46,
            "inventory_turnover_ratio": 1.05,
            "account_receivable_turnover_ratio": 1.68,
            "reinvestment_rate": 43.12,
            "research_to_sale_ratio": 0.1,
            "price_fair": 100.22,
            "eps_avg_yearly": 2.86,
            "eps_latest_yearly": 3.36,
            "eps_growth_yearly": 143.79
        },
        "20111": {
            "year_quarter": 20111,
            "year": 2011,
            "quarter": 1,
            "eps": 0.52,
            "eps_growth_year": -13.33,
            "eps_4q": 3.09,
            "eps_4q_growth_year": 347.36,
            "roe": 3.37,
            "roe_4q": 19.89,
            "gross_profit": 122357,
            "gross_margin": 9.89,
            "gross_margin_4q_avg": 11.86,
            "net_income": 57890,
            "net_income_4q": null,
            "revenue": 1237463,
            "revenue_4q": null,
            "common_shares": 871620,
            "book_valuer_per_share": 16,
            "book_valuer_per_share_4q_avg": 15.01,
            "equity": 1765837,
            "current_ratio": 249.2,
            "debt_ratio": 52.54,
            "inventory_turnover_ratio": 1.01,
            "account_receivable_turnover_ratio": 1.4,
            "reinvestment_rate": 101.94,
            "research_to_sale_ratio": 0.05,
            "price_fair": 99.4,
            "eps_avg_yearly": 2.84,
            "eps_latest_yearly": 2.08,
            "eps_growth_yearly": 135.07
        },
        "20112": {
            "year_quarter": 20112,
            "year": 2011,
            "quarter": 2,
            "eps": 0.55,
            "eps_growth_year": -34.34,
            "eps_4q": 2.56,
            "eps_4q_growth_year": 23.54,
            "roe": 3.97,
            "roe_4q": 18.240000000000002,
            "gross_profit": 142144,
            "gross_margin": 10.39,
            "gross_margin_4q_avg": 11.07,
            "net_income": 70485,
            "net_income_4q": null,
            "revenue": 1368336,
            "revenue_4q": null,
            "common_shares": 871620,
            "book_valuer_per_share": 16.07,
            "book_valuer_per_share_4q_avg": 15.55,
            "equity": 1784676,
            "current_ratio": 241.92,
            "debt_ratio": 52.42,
            "inventory_turnover_ratio": 1.04,
            "account_receivable_turnover_ratio": 1.44,
            "reinvestment_rate": 95.48,
            "research_to_sale_ratio": 0.07,
            "price_fair": 99.52,
            "eps_avg_yearly": 2.84,
            "eps_latest_yearly": 2.2,
            "eps_growth_yearly": 139.82
        },
        "20113": {
            "year_quarter": 20113,
            "year": 2011,
            "quarter": 3,
            "eps": 0.28,
            "eps_growth_year": -68.06,
            "eps_4q": 2.05,
            "eps_4q_growth_year": -24.96,
            "roe": 2.15,
            "roe_4q": 14.54,
            "gross_profit": 130584,
            "gross_margin": 10.08,
            "gross_margin_4q_avg": 10.62,
            "net_income": 39384,
            "net_income_4q": null,
            "revenue": 1294869,
            "revenue_4q": null,
            "common_shares": 976215,
            "book_valuer_per_share": 14.93,
            "book_valuer_per_share_4q_avg": 15.57,
            "equity": 1885202,
            "current_ratio": 226.21,
            "debt_ratio": 53.6,
            "inventory_turnover_ratio": 0.9,
            "account_receivable_turnover_ratio": 1.23,
            "reinvestment_rate": 96.66,
            "research_to_sale_ratio": 0.06,
            "price_fair": 101.15,
            "eps_avg_yearly": 2.89,
            "eps_latest_yearly": 1.12,
            "eps_growth_yearly": 148.14
        },
        "20114": {
            "year_quarter": 20114,
            "year": 2011,
            "quarter": 4,
            "eps": 0.59,
            "eps_growth_year": -29.43,
            "eps_4q": 1.89,
            "eps_4q_growth_year": -40.1,
            "roe": 3.31,
            "roe_4q": 12.8,
            "gross_profit": 114697,
            "gross_margin": 9.03,
            "gross_margin_4q_avg": 9.85,
            "net_income": 63670,
            "net_income_4q": null,
            "revenue": 1269740,
            "revenue_4q": null,
            "common_shares": 976215,
            "book_valuer_per_share": 15.6,
            "book_valuer_per_share_4q_avg": 15.65,
            "equity": 1957130,
            "current_ratio": 251.11,
            "debt_ratio": 52.05,
            "inventory_turnover_ratio": 0.85,
            "account_receivable_turnover_ratio": 1.19,
            "reinvestment_rate": 127.84,
            "research_to_sale_ratio": 0.13,
            "price_fair": 105,
            "eps_avg_yearly": 3,
            "eps_latest_yearly": 2.36,
            "eps_growth_yearly": 156.48
        },
        "20121": {
            "year_quarter": 20121,
            "year": 2012,
            "quarter": 1,
            "eps": 0.11,
            "eps_growth_year": -78.85,
            "eps_4q": 1.53,
            "eps_4q_growth_year": -50.25,
            "roe": 0.72,
            "roe_4q": 10.15,
            "gross_profit": 74004,
            "gross_margin": 6.85,
            "gross_margin_4q_avg": 9.09,
            "net_income": 14088,
            "net_income_4q": null,
            "revenue": 1079891,
            "revenue_4q": null,
            "common_shares": 976215,
            "book_valuer_per_share": 15.6,
            "book_valuer_per_share_4q_avg": 15.55,
            "equity": 1949265,
            "current_ratio": 256.58,
            "debt_ratio": 53.52,
            "inventory_turnover_ratio": 0.71,
            "account_receivable_turnover_ratio": 1.08,
            "reinvestment_rate": 141.36,
            "research_to_sale_ratio": 0.09,
            "price_fair": 96.83,
            "eps_avg_yearly": 2.77,
            "eps_latest_yearly": 0.44,
            "eps_growth_yearly": 58.85
        },
        "20122": {
            "year_quarter": 20122,
            "year": 2012,
            "quarter": 2,
            "eps": 0.14,
            "eps_growth_year": -74.53,
            "eps_4q": 1.11,
            "eps_4q_growth_year": -56.72,
            "roe": 1.38,
            "roe_4q": 7.5600000000000005,
            "gross_profit": 79796,
            "gross_margin": 7.28,
            "gross_margin_4q_avg": 8.31,
            "net_income": 26763,
            "net_income_4q": null,
            "revenue": 1095704,
            "revenue_4q": null,
            "common_shares": 976215,
            "book_valuer_per_share": 15.26,
            "book_valuer_per_share_4q_avg": 15.35,
            "equity": 1930372,
            "current_ratio": 248.41,
            "debt_ratio": 54.56,
            "inventory_turnover_ratio": 0.66,
            "account_receivable_turnover_ratio": 1.15,
            "reinvestment_rate": 210.54,
            "research_to_sale_ratio": 0.1,
            "price_fair": 80.62,
            "eps_avg_yearly": 2.3,
            "eps_latest_yearly": 0.56,
            "eps_growth_yearly": 38.31
        },
        "20123": {
            "year_quarter": 20123,
            "year": 2012,
            "quarter": 3,
            "eps": -0.33,
            "eps_growth_year": -215.38,
            "eps_4q": 0.5,
            "eps_4q_growth_year": -75.48,
            "roe": -1.2,
            "roe_4q": 4.21,
            "gross_profit": 26535,
            "gross_margin": 2.45,
            "gross_margin_4q_avg": 6.4,
            "net_income": -22524,
            "net_income_4q": null,
            "revenue": 1083485,
            "revenue_4q": null,
            "common_shares": 995740,
            "book_valuer_per_share": 14.61,
            "book_valuer_per_share_4q_avg": 15.27,
            "equity": 1819643,
            "current_ratio": 269.9,
            "debt_ratio": 53.78,
            "inventory_turnover_ratio": 0.71,
            "account_receivable_turnover_ratio": 1.14,
            "reinvestment_rate": 359.83,
            "research_to_sale_ratio": 0.1,
            "price_fair": 73.31,
            "eps_avg_yearly": 2.09,
            "eps_latest_yearly": 0.56,
            "eps_growth_yearly": 50.82
        },
        "20124": {
            "year_quarter": 20124,
            "year": 2012,
            "quarter": 4,
            "eps": -0.32,
            "eps_growth_year": -154.41,
            "eps_4q": -0.4,
            "eps_4q_growth_year": -121.22,
            "roe": -1.48,
            "roe_4q": -0.5799999999999998,
            "gross_profit": 12822,
            "gross_margin": 1.24,
            "gross_margin_4q_avg": 4.46,
            "net_income": -26729,
            "net_income_4q": null,
            "revenue": 1036112,
            "revenue_4q": null,
            "common_shares": 995740,
            "book_valuer_per_share": 14.27,
            "book_valuer_per_share_4q_avg": 14.94,
            "equity": 1791473,
            "current_ratio": 267.08,
            "debt_ratio": 50.89,
            "inventory_turnover_ratio": 0.85,
            "account_receivable_turnover_ratio": 1.12,
            "reinvestment_rate": 165.65,
            "research_to_sale_ratio": 0.1,
            "price_fair": 73.31,
            "eps_avg_yearly": 2.09,
            "eps_latest_yearly": 0.56,
            "eps_growth_yearly": 50.82
        },
        "20131": {
            "year_quarter": 20131,
            "year": 2013,
            "quarter": 1,
            "eps": 0.42,
            "eps_growth_year": 281.82,
            "eps_4q": -0.09,
            "eps_4q_growth_year": -105.92,
            "roe": 2.88,
            "roe_4q": 1.5799999999999998,
            "gross_profit": 128086,
            "gross_margin": 12.47,
            "gross_margin_4q_avg": 5.86,
            "net_income": 52555,
            "net_income_4q": null,
            "revenue": 1027142,
            "revenue_4q": null,
            "common_shares": 995740,
            "book_valuer_per_share": 14.73,
            "book_valuer_per_share_4q_avg": 14.72,
            "equity": 1859731,
            "current_ratio": 240.1,
            "debt_ratio": 51.82,
            "inventory_turnover_ratio": 0.81,
            "account_receivable_turnover_ratio": 1.12,
            "reinvestment_rate": 28.65,
            "research_to_sale_ratio": 0.11,
            "price_fair": 73.31,
            "eps_avg_yearly": 2.09,
            "eps_latest_yearly": 0.56,
            "eps_growth_yearly": 50.82
        },
        "20132": {
            "year_quarter": 20132,
            "year": 2013,
            "quarter": 2,
            "eps": 0.16,
            "eps_growth_year": 14.6,
            "eps_4q": -0.07,
            "eps_4q_growth_year": -106.73,
            "roe": 1.55,
            "roe_4q": 1.7499999999999998,
            "gross_profit": 117679,
            "gross_margin": 9.12,
            "gross_margin_4q_avg": 6.32,
            "net_income": 29142,
            "net_income_4q": null,
            "revenue": 1290402,
            "revenue_4q": null,
            "common_shares": 995740,
            "book_valuer_per_share": 14.96,
            "book_valuer_per_share_4q_avg": 14.64,
            "equity": 1903677,
            "current_ratio": 224.38,
            "debt_ratio": 52.63,
            "inventory_turnover_ratio": 1.06,
            "account_receivable_turnover_ratio": 1.26,
            "reinvestment_rate": 25.26,
            "research_to_sale_ratio": 0.09,
            "price_fair": 69.07,
            "eps_avg_yearly": 1.97,
            "eps_latest_yearly": 0.64,
            "eps_growth_yearly": 25.95
        },
        "20133": {
            "year_quarter": 20133,
            "year": 2013,
            "quarter": 3,
            "eps": 0.42,
            "eps_growth_year": null,
            "eps_4q": 0.67,
            "eps_4q_growth_year": 32.97,
            "roe": 2.78,
            "roe_4q": 5.73,
            "gross_profit": 137840,
            "gross_margin": 11.24,
            "gross_margin_4q_avg": 8.52,
            "net_income": 53461,
            "net_income_4q": null,
            "revenue": 1225947,
            "revenue_4q": null,
            "common_shares": 995740,
            "book_valuer_per_share": 15.33,
            "book_valuer_per_share_4q_avg": 14.82,
            "equity": 1947708,
            "current_ratio": 223.19,
            "debt_ratio": 51.63,
            "inventory_turnover_ratio": 1.03,
            "account_receivable_turnover_ratio": 1.14,
            "reinvestment_rate": 20.61,
            "research_to_sale_ratio": 0.1,
            "price_fair": 68.28,
            "eps_avg_yearly": 1.95,
            "eps_latest_yearly": 1.68,
            "eps_growth_yearly": 73.96
        },
        "20134": {
            "year_quarter": 20134,
            "year": 2013,
            "quarter": 4,
            "eps": 0.63,
            "eps_growth_year": null,
            "eps_4q": 1.62,
            "eps_4q_growth_year": null,
            "roe": 4.11,
            "roe_4q": 11.32,
            "gross_profit": 174351,
            "gross_margin": 12.17,
            "gross_margin_4q_avg": 11.25,
            "net_income": 82098,
            "net_income_4q": null,
            "revenue": 1432225,
            "revenue_4q": null,
            "common_shares": 995740,
            "book_valuer_per_share": 16.05,
            "book_valuer_per_share_4q_avg": 15.27,
            "equity": 2047031,
            "current_ratio": 219.31,
            "debt_ratio": 52.02,
            "inventory_turnover_ratio": 1.18,
            "account_receivable_turnover_ratio": 1.3,
            "reinvestment_rate": 26.75,
            "research_to_sale_ratio": 0.19,
            "price_fair": 70.65,
            "eps_avg_yearly": 2.02,
            "eps_latest_yearly": 2.52,
            "eps_growth_yearly": 65.26
        },
        "20141": {
            "year_quarter": 20141,
            "year": 2014,
            "quarter": 1,
            "eps": 0.48,
            "eps_growth_year": 14.29,
            "eps_4q": 1.68,
            "eps_4q_growth_year": null,
            "roe": 3.28,
            "roe_4q": 11.72,
            "gross_profit": 160769,
            "gross_margin": 12.64,
            "gross_margin_4q_avg": 11.29,
            "net_income": 68133,
            "net_income_4q": null,
            "revenue": 1271734,
            "revenue_4q": null,
            "common_shares": 995740,
            "book_valuer_per_share": 16.5,
            "book_valuer_per_share_4q_avg": 15.71,
            "equity": 2109464,
            "current_ratio": 215.15,
            "debt_ratio": 50.81,
            "inventory_turnover_ratio": 1.02,
            "account_receivable_turnover_ratio": 1.1,
            "reinvestment_rate": 4.07,
            "research_to_sale_ratio": 0.12,
            "price_fair": 69.35,
            "eps_avg_yearly": 1.98,
            "eps_latest_yearly": 1.92,
            "eps_growth_yearly": 43.68
        },
        "20142": {
            "year_quarter": 20142,
            "year": 2014,
            "quarter": 2,
            "eps": 0.43,
            "eps_growth_year": 168.75,
            "eps_4q": 1.93,
            "eps_4q_growth_year": null,
            "roe": 2.95,
            "roe_4q": 13.12,
            "gross_profit": 162273,
            "gross_margin": 12.42,
            "gross_margin_4q_avg": 12.12,
            "net_income": 61949,
            "net_income_4q": null,
            "revenue": 1306828,
            "revenue_4q": null,
            "common_shares": 995740,
            "book_valuer_per_share": 16.25,
            "book_valuer_per_share_4q_avg": 16.03,
            "equity": 2092253,
            "current_ratio": 196.57,
            "debt_ratio": 53.76,
            "inventory_turnover_ratio": 1,
            "account_receivable_turnover_ratio": 1.19,
            "reinvestment_rate": 8.26,
            "research_to_sale_ratio": 0.15,
            "price_fair": 65.05,
            "eps_avg_yearly": 1.86,
            "eps_latest_yearly": 1.72,
            "eps_growth_yearly": 28.68
        },
        "20143": {
            "year_quarter": 20143,
            "year": 2014,
            "quarter": 3,
            "eps": 0.57,
            "eps_growth_year": 35.71,
            "eps_4q": 2.09,
            "eps_4q_growth_year": 213.44,
            "roe": 3.46,
            "roe_4q": 13.8,
            "gross_profit": 174906,
            "gross_margin": 12.12,
            "gross_margin_4q_avg": 12.34,
            "net_income": 74289,
            "net_income_4q": null,
            "revenue": 1442659,
            "revenue_4q": null,
            "common_shares": 1010700,
            "book_valuer_per_share": 16.71,
            "book_valuer_per_share_4q_avg": 16.38,
            "equity": 2204840,
            "current_ratio": 192.15,
            "debt_ratio": 54.71,
            "inventory_turnover_ratio": 1.04,
            "account_receivable_turnover_ratio": 1.4,
            "reinvestment_rate": 47.38,
            "research_to_sale_ratio": 0.14,
            "price_fair": 61.6,
            "eps_avg_yearly": 1.76,
            "eps_latest_yearly": 2.28,
            "eps_growth_yearly": 36.47
        },
        "20144": {
            "year_quarter": 20144,
            "year": 2014,
            "quarter": 4,
            "eps": 0.68,
            "eps_growth_year": 8.2,
            "eps_4q": 2.15,
            "eps_4q_growth_year": 33.06,
            "roe": 3.91,
            "roe_4q": 13.6,
            "gross_profit": 211057,
            "gross_margin": 13.16,
            "gross_margin_4q_avg": 12.59,
            "net_income": 88620,
            "net_income_4q": null,
            "revenue": 1603798,
            "revenue_4q": null,
            "common_shares": 1010700,
            "book_valuer_per_share": 17.56,
            "book_valuer_per_share_4q_avg": 16.76,
            "equity": 2327137,
            "current_ratio": 217.33,
            "debt_ratio": 50.6,
            "inventory_turnover_ratio": 1.2,
            "account_receivable_turnover_ratio": 1.45,
            "reinvestment_rate": 97.98,
            "research_to_sale_ratio": 0.12,
            "price_fair": 59.88,
            "eps_avg_yearly": 1.71,
            "eps_latest_yearly": 2.72,
            "eps_growth_yearly": 44.14
        },
        "20151": {
            "year_quarter": 20151,
            "year": 2015,
            "quarter": 1,
            "eps": 0.58,
            "eps_growth_year": 20.83,
            "eps_4q": 2.26,
            "eps_4q_growth_year": 34.37,
            "roe": 3.2,
            "roe_4q": 13.52,
            "gross_profit": 173956,
            "gross_margin": 13.24,
            "gross_margin_4q_avg": 12.74,
            "net_income": 75484,
            "net_income_4q": null,
            "revenue": 1313377,
            "revenue_4q": null,
            "common_shares": 1010700,
            "book_valuer_per_share": 18.09,
            "book_valuer_per_share_4q_avg": 17.15,
            "equity": 2392197,
            "current_ratio": 208.01,
            "debt_ratio": 50.82,
            "inventory_turnover_ratio": 1.06,
            "account_receivable_turnover_ratio": 1.11,
            "reinvestment_rate": 127.72,
            "research_to_sale_ratio": 0.14,
            "price_fair": 60.52,
            "eps_avg_yearly": 1.73,
            "eps_latest_yearly": 2.32,
            "eps_growth_yearly": 51.33
        },
        "20152": {
            "year_quarter": 20152,
            "year": 2015,
            "quarter": 2,
            "eps": 0.18,
            "eps_growth_year": -58.14,
            "eps_4q": 1.84,
            "eps_4q_growth_year": -4.68,
            "roe": 1.11,
            "roe_4q": 11.68,
            "gross_profit": 119842,
            "gross_margin": 9.48,
            "gross_margin_4q_avg": 12,
            "net_income": 26576,
            "net_income_4q": null,
            "revenue": 1263612,
            "revenue_4q": null,
            "common_shares": 1010700,
            "book_valuer_per_share": 18,
            "book_valuer_per_share_4q_avg": 17.59,
            "equity": 2378054,
            "current_ratio": 211.73,
            "debt_ratio": 49.11,
            "inventory_turnover_ratio": 1.04,
            "account_receivable_turnover_ratio": 1.16,
            "reinvestment_rate": 135.72,
            "research_to_sale_ratio": 0.12,
            "price_fair": 56.54,
            "eps_avg_yearly": 1.62,
            "eps_latest_yearly": 0.72,
            "eps_growth_yearly": 28.34
        },
        "20153": {
            "year_quarter": 20153,
            "year": 2015,
            "quarter": 3,
            "eps": 0.47,
            "eps_growth_year": -17.54,
            "eps_4q": 1.79,
            "eps_4q_growth_year": -14.36,
            "roe": 2.26,
            "roe_4q": 10.48,
            "gross_profit": 137007,
            "gross_margin": 11.67,
            "gross_margin_4q_avg": 11.89,
            "net_income": 54947,
            "net_income_4q": null,
            "revenue": 1173832,
            "revenue_4q": null,
            "common_shares": 1111800,
            "book_valuer_per_share": 17.04,
            "book_valuer_per_share_4q_avg": 17.67,
            "equity": 2477703,
            "current_ratio": 223.52,
            "debt_ratio": 46.91,
            "inventory_turnover_ratio": 0.94,
            "account_receivable_turnover_ratio": 1.23,
            "reinvestment_rate": 152.53,
            "research_to_sale_ratio": 0.11,
            "price_fair": 58.58,
            "eps_avg_yearly": 1.67,
            "eps_latest_yearly": 1.88,
            "eps_growth_yearly": 93.01
        },
        "20154": {
            "year_quarter": 20154,
            "year": 2015,
            "quarter": 4,
            "eps": 0.64,
            "eps_growth_year": -5.6,
            "eps_4q": 1.82,
            "eps_4q_growth_year": -15.68,
            "roe": 3.63,
            "roe_4q": 10.2,
            "gross_profit": 210728,
            "gross_margin": 14.34,
            "gross_margin_4q_avg": 12.18,
            "net_income": 90863,
            "net_income_4q": null,
            "revenue": 1469317,
            "revenue_4q": null,
            "common_shares": 1111800,
            "book_valuer_per_share": 17.48,
            "book_valuer_per_share_4q_avg": 17.65,
            "equity": 2525174,
            "current_ratio": 212.78,
            "debt_ratio": 46.65,
            "inventory_turnover_ratio": 1.27,
            "account_receivable_turnover_ratio": 1.42,
            "reinvestment_rate": 68.18,
            "research_to_sale_ratio": 0.13,
            "price_fair": 59.12,
            "eps_avg_yearly": 1.69,
            "eps_latest_yearly": 2.56,
            "eps_growth_yearly": 70.08
        },
        "20161": {
            "year_quarter": 20161,
            "year": 2016,
            "quarter": 1,
            "eps": 0.69,
            "eps_growth_year": 18.97,
            "eps_4q": 1.98,
            "eps_4q_growth_year": -12.54,
            "roe": 3.88,
            "roe_4q": 10.879999999999999,
            "gross_profit": 212306,
            "gross_margin": 15.94,
            "gross_margin_4q_avg": 12.86,
            "net_income": 99745,
            "net_income_4q": null,
            "revenue": 1331575,
            "revenue_4q": null,
            "common_shares": 1111800,
            "book_valuer_per_share": 18.15,
            "book_valuer_per_share_4q_avg": 17.67,
            "equity": 2619382,
            "current_ratio": 215.6,
            "debt_ratio": 47.09,
            "inventory_turnover_ratio": 1.15,
            "account_receivable_turnover_ratio": 1.18,
            "reinvestment_rate": 67.86,
            "research_to_sale_ratio": 0.09,
            "price_fair": 65.37,
            "eps_avg_yearly": 1.87,
            "eps_latest_yearly": 2.76,
            "eps_growth_yearly": 97.51
        },
        "20162": {
            "year_quarter": 20162,
            "year": 2016,
            "quarter": 2,
            "eps": 0.53,
            "eps_growth_year": 194.44,
            "eps_4q": 2.33,
            "eps_4q_growth_year": 26.4,
            "roe": 2.84,
            "roe_4q": 12.61,
            "gross_profit": 207429,
            "gross_margin": 15.1,
            "gross_margin_4q_avg": 14.26,
            "net_income": 73349,
            "net_income_4q": null,
            "revenue": 1373988,
            "revenue_4q": null,
            "common_shares": 1111800,
            "book_valuer_per_share": 17.93,
            "book_valuer_per_share_4q_avg": 17.65,
            "equity": 2545600,
            "current_ratio": 211.42,
            "debt_ratio": 48.82,
            "inventory_turnover_ratio": 1.12,
            "account_receivable_turnover_ratio": 1.25,
            "reinvestment_rate": 82.48,
            "research_to_sale_ratio": 0.08,
            "price_fair": 69.57,
            "eps_avg_yearly": 1.99,
            "eps_latest_yearly": 2.12,
            "eps_growth_yearly": 81.99
        },
        "20163": {
            "year_quarter": 20163,
            "year": 2016,
            "quarter": 3,
            "eps": 0.74,
            "eps_growth_year": 57.45,
            "eps_4q": 2.61,
            "eps_4q_growth_year": 45.3,
            "roe": 4.29,
            "roe_4q": 14.64,
            "gross_profit": 224314,
            "gross_margin": 15.55,
            "gross_margin_4q_avg": 15.23,
            "net_income": 111172,
            "net_income_4q": null,
            "revenue": 1442213,
            "revenue_4q": null,
            "common_shares": 1111800,
            "book_valuer_per_share": 18.15,
            "book_valuer_per_share_4q_avg": 17.93,
            "equity": 2643160,
            "current_ratio": 229.5,
            "debt_ratio": 49.05,
            "inventory_turnover_ratio": 1.14,
            "account_receivable_turnover_ratio": 1.31,
            "reinvestment_rate": 64.12,
            "research_to_sale_ratio": 0.09,
            "price_fair": 72,
            "eps_avg_yearly": 2.06,
            "eps_latest_yearly": 2.96,
            "eps_growth_yearly": 87.45
        },
        "20164": {
            "year_quarter": 20164,
            "year": 2016,
            "quarter": 4,
            "eps": 0.79,
            "eps_growth_year": 23.66,
            "eps_4q": 2.76,
            "eps_4q_growth_year": 51.76,
            "roe": 4.63,
            "roe_4q": 15.64,
            "gross_profit": 290628,
            "gross_margin": 16.01,
            "gross_margin_4q_avg": 15.65,
            "net_income": 124796,
            "net_income_4q": null,
            "revenue": 1815097,
            "revenue_4q": null,
            "common_shares": 1111800,
            "book_valuer_per_share": 18.83,
            "book_valuer_per_share_4q_avg": 18.27,
            "equity": 2742526,
            "current_ratio": 207.39,
            "debt_ratio": 51.83,
            "inventory_turnover_ratio": 1.35,
            "account_receivable_turnover_ratio": 1.46,
            "reinvestment_rate": 58.61,
            "research_to_sale_ratio": 0.1,
            "price_fair": 74.57,
            "eps_avg_yearly": 2.13,
            "eps_latest_yearly": 3.16,
            "eps_growth_yearly": 83.42
        },
        "20171": {
            "year_quarter": 20171,
            "year": 2017,
            "quarter": 1,
            "eps": 0.9,
            "eps_growth_year": 30.43,
            "eps_4q": 2.96,
            "eps_4q_growth_year": 49.78,
            "roe": 4.61,
            "roe_4q": 16.37,
            "gross_profit": 273747,
            "gross_margin": 16.75,
            "gross_margin_4q_avg": 15.85,
            "net_income": 127175,
            "net_income_4q": null,
            "revenue": 1634394,
            "revenue_4q": null,
            "common_shares": 1111800,
            "book_valuer_per_share": 19.53,
            "book_valuer_per_share_4q_avg": 18.61,
            "equity": 2770226,
            "current_ratio": 202.75,
            "debt_ratio": 50.91,
            "inventory_turnover_ratio": 1.08,
            "account_receivable_turnover_ratio": 1.21,
            "reinvestment_rate": 111.01,
            "research_to_sale_ratio": 0.08,
            "price_fair": 77.79,
            "eps_avg_yearly": 2.22,
            "eps_latest_yearly": 3.6,
            "eps_growth_yearly": 81.69
        },
        "20172": {
            "year_quarter": 20172,
            "year": 2017,
            "quarter": 2,
            "eps": 0.39,
            "eps_growth_year": -26.42,
            "eps_4q": 2.41,
            "eps_4q_growth_year": 3.63,
            "roe": 2.62,
            "roe_4q": 16.15,
            "gross_profit": 187522,
            "gross_margin": 12.06,
            "gross_margin_4q_avg": 15.09,
            "net_income": 73349,
            "net_income_4q": null,
            "revenue": 1555552,
            "revenue_4q": null,
            "common_shares": 1111800,
            "book_valuer_per_share": 19.78,
            "book_valuer_per_share_4q_avg": 19.07,
            "equity": 2831312,
            "current_ratio": 201.51,
            "debt_ratio": 52.21,
            "inventory_turnover_ratio": 0.95,
            "account_receivable_turnover_ratio": 1.19,
            "reinvestment_rate": 126.8,
            "research_to_sale_ratio": 0.09,
            "price_fair": 79.8,
            "eps_avg_yearly": 2.28,
            "eps_latest_yearly": 1.56,
            "eps_growth_yearly": 83
        },
        "20173": {
            "year_quarter": 20173,
            "year": 2017,
            "quarter": 3,
            "eps": 0.35,
            "eps_growth_year": -52.7,
            "eps_4q": 2.15,
            "eps_4q_growth_year": -17.5,
            "roe": 2.38,
            "roe_4q": 14.239999999999998,
            "gross_profit": 179700,
            "gross_margin": 10.9,
            "gross_margin_4q_avg": 13.93,
            "net_income": 68488,
            "net_income_4q": null,
            "revenue": 1648919,
            "revenue_4q": null,
            "common_shares": 1334160,
            "book_valuer_per_share": 16.89,
            "book_valuer_per_share_4q_avg": 18.76,
            "equity": 2918008,
            "current_ratio": 207.79,
            "debt_ratio": 51.64,
            "inventory_turnover_ratio": 0.97,
            "account_receivable_turnover_ratio": 1.27,
            "reinvestment_rate": 127.97,
            "research_to_sale_ratio": 0.08,
            "price_fair": 79.19,
            "eps_avg_yearly": 2.26,
            "eps_latest_yearly": 1.4,
            "eps_growth_yearly": 39.81
        },
        "20174": {
            "year_quarter": 20174,
            "year": 2017,
            "quarter": 4,
            "eps": 0.74,
            "eps_growth_year": -6.91,
            "eps_4q": 2.23,
            "eps_4q_growth_year": -19.24,
            "roe": 4.52,
            "roe_4q": 14.129999999999999,
            "gross_profit": 296469,
            "gross_margin": 14.72,
            "gross_margin_4q_avg": 13.61,
            "net_income": 134883,
            "net_income_4q": null,
            "revenue": 2013621,
            "revenue_4q": null,
            "common_shares": 1334160,
            "book_valuer_per_share": 17.64,
            "book_valuer_per_share_4q_avg": 18.46,
            "equity": 3056550,
            "current_ratio": 201.19,
            "debt_ratio": 51.97,
            "inventory_turnover_ratio": 1.12,
            "account_receivable_turnover_ratio": 1.41,
            "reinvestment_rate": 120.35,
            "research_to_sale_ratio": 0.1,
            "price_fair": 80.15,
            "eps_avg_yearly": 2.29,
            "eps_latest_yearly": 2.96,
            "eps_growth_yearly": 55.17
        },
        "20181": {
            "year_quarter": 20181,
            "year": 2018,
            "quarter": 1,
            "eps": 0.6,
            "eps_growth_year": -33.33,
            "eps_4q": 2.08,
            "eps_4q_growth_year": -29.88,
            "roe": 3.45,
            "roe_4q": 12.969999999999999,
            "gross_profit": 287927,
            "gross_margin": 14.64,
            "gross_margin_4q_avg": 13.08,
            "net_income": 107769,
            "net_income_4q": null,
            "revenue": 1967147,
            "revenue_4q": null,
            "common_shares": 1334160,
            "book_valuer_per_share": 18.33,
            "book_valuer_per_share_4q_avg": 18.16,
            "equity": 3190822,
            "current_ratio": 180.77,
            "debt_ratio": 53.71,
            "inventory_turnover_ratio": 1.05,
            "account_receivable_turnover_ratio": 1.27,
            "reinvestment_rate": 127.08,
            "research_to_sale_ratio": 0.08,
            "price_fair": 81.2,
            "eps_avg_yearly": 2.32,
            "eps_latest_yearly": 2.4,
            "eps_growth_yearly": 56.39
        },
        "20182": {
            "year_quarter": 20182,
            "year": 2018,
            "quarter": 2,
            "eps": 0.74,
            "eps_growth_year": 89.74,
            "eps_4q": 2.43,
            "eps_4q_growth_year": 0.69,
            "roe": 3.59,
            "roe_4q": 13.939999999999998,
            "gross_profit": 295413,
            "gross_margin": 15,
            "gross_margin_4q_avg": 13.82,
            "net_income": 113622,
            "net_income_4q": null,
            "revenue": 1969474,
            "revenue_4q": null,
            "common_shares": 1334160,
            "book_valuer_per_share": 18.21,
            "book_valuer_per_share_4q_avg": 17.77,
            "equity": 3136797,
            "current_ratio": 167.36,
            "debt_ratio": 55.97,
            "inventory_turnover_ratio": 0.99,
            "account_receivable_turnover_ratio": 1.3,
            "reinvestment_rate": 131.4,
            "research_to_sale_ratio": 0.08,
            "price_fair": 83.91,
            "eps_avg_yearly": 2.4,
            "eps_latest_yearly": 2.96,
            "eps_growth_yearly": 64.83
        },
        "20183": {
            "year_quarter": 20183,
            "year": 2018,
            "quarter": 3,
            "eps": 0.48,
            "eps_growth_year": 37.14,
            "eps_4q": 2.55,
            "eps_4q_growth_year": 18.83,
            "roe": 2.59,
            "roe_4q": 14.149999999999999,
            "gross_profit": 242368,
            "gross_margin": 12.63,
            "gross_margin_4q_avg": 14.25,
            "net_income": 81661,
            "net_income_4q": null,
            "revenue": 1919608,
            "revenue_4q": null,
            "common_shares": 1334160,
            "book_valuer_per_share": 18.53,
            "book_valuer_per_share_4q_avg": 18.18,
            "equity": 3172108,
            "current_ratio": 176.33,
            "debt_ratio": 54.38,
            "inventory_turnover_ratio": 0.97,
            "account_receivable_turnover_ratio": 1.26,
            "reinvestment_rate": 131.53,
            "research_to_sale_ratio": 0.08,
            "price_fair": 83.13,
            "eps_avg_yearly": 2.38,
            "eps_latest_yearly": 1.92,
            "eps_growth_yearly": 47.91
        },
        "20184": {
            "year_quarter": 20184,
            "year": 2018,
            "quarter": 4,
            "eps": 0.38,
            "eps_growth_year": -48.19,
            "eps_4q": 2.2,
            "eps_4q_growth_year": -1.3,
            "roe": 2.11,
            "roe_4q": 11.739999999999998,
            "gross_profit": 212032,
            "gross_margin": 11.66,
            "gross_margin_4q_avg": 13.48,
            "net_income": 67881,
            "net_income_4q": null,
            "revenue": 1817734,
            "revenue_4q": null,
            "common_shares": 1334160,
            "book_valuer_per_share": 18.96,
            "book_valuer_per_share_4q_avg": 18.51,
            "equity": 3264456,
            "current_ratio": 177.27,
            "debt_ratio": 54.87,
            "inventory_turnover_ratio": 0.91,
            "account_receivable_turnover_ratio": 1.17,
            "reinvestment_rate": 124.86,
            "research_to_sale_ratio": 0.12,
            "price_fair": 80.5,
            "eps_avg_yearly": 2.3,
            "eps_latest_yearly": 1.52,
            "eps_growth_yearly": 37.87
        },
        "20191": {
            "year_quarter": 20191,
            "year": 2019,
            "quarter": 1,
            "eps": 0.29,
            "eps_growth_year": -51.67,
            "eps_4q": 1.89,
            "eps_4q_growth_year": -9.06,
            "roe": 1.55,
            "roe_4q": 9.84,
            "gross_profit": 158710,
            "gross_margin": 10.51,
            "gross_margin_4q_avg": 12.45,
            "net_income": 50886,
            "net_income_4q": null,
            "revenue": 1509383,
            "revenue_4q": null,
            "common_shares": 1334160,
            "book_valuer_per_share": 19.36,
            "book_valuer_per_share_4q_avg": 18.77,
            "equity": 3311661,
            "current_ratio": 184.7,
            "debt_ratio": 53.56,
            "inventory_turnover_ratio": 0.72,
            "account_receivable_turnover_ratio": 1.05,
            "reinvestment_rate": 105.83,
            "research_to_sale_ratio": 0.1,
            "price_fair": 77.96,
            "eps_avg_yearly": 2.23,
            "eps_latest_yearly": 1.16,
            "eps_growth_yearly": 35.63
        },
        "20192": {
            "year_quarter": 20192,
            "year": 2019,
            "quarter": 2,
            "eps": 0.16,
            "eps_growth_year": -78.38,
            "eps_4q": 1.31,
            "eps_4q_growth_year": -46.27,
            "roe": 1.43,
            "roe_4q": 7.68,
            "gross_profit": 137310,
            "gross_margin": 9.62,
            "gross_margin_4q_avg": 11.11,
            "net_income": 47162,
            "net_income_4q": null,
            "revenue": 1426749,
            "revenue_4q": null,
            "common_shares": 1334160,
            "book_valuer_per_share": 18.95,
            "book_valuer_per_share_4q_avg": 18.95,
            "equity": 3287717,
            "current_ratio": 174.43,
            "debt_ratio": 52.7,
            "inventory_turnover_ratio": 0.7,
            "account_receivable_turnover_ratio": 1.13,
            "reinvestment_rate": 107.44,
            "research_to_sale_ratio": 0.11,
            "price_fair": 77.79,
            "eps_avg_yearly": 2.22,
            "eps_latest_yearly": 0.64,
            "eps_growth_yearly": 41.66
        },
        "20193": {
            "year_quarter": 20193,
            "year": 2019,
            "quarter": 3,
            "eps": 0.36,
            "eps_growth_year": -25,
            "eps_4q": 1.19,
            "eps_4q_growth_year": -53.22,
            "roe": 2.04,
            "roe_4q": 7.129999999999999,
            "gross_profit": 187167,
            "gross_margin": 11.92,
            "gross_margin_4q_avg": 10.93,
            "net_income": 67441,
            "net_income_4q": null,
            "revenue": 1570737,
            "revenue_4q": null,
            "common_shares": 1334160,
            "book_valuer_per_share": 19.15,
            "book_valuer_per_share_4q_avg": 19.11,
            "equity": 3321883,
            "current_ratio": 187.24,
            "debt_ratio": 52.29,
            "inventory_turnover_ratio": 0.82,
            "account_receivable_turnover_ratio": 1.26,
            "reinvestment_rate": 112.01,
            "research_to_sale_ratio": 0.1,
            "price_fair": 76.83,
            "eps_avg_yearly": 2.2,
            "eps_latest_yearly": 1.44,
            "eps_growth_yearly": 32.63
        },
        "20194": {
            "year_quarter": 20194,
            "year": 2019,
            "quarter": 4,
            "eps": 0.42,
            "eps_growth_year": 10.58,
            "eps_4q": 1.24,
            "eps_4q_growth_year": -43.8,
            "roe": 2.61,
            "roe_4q": 7.63,
            "gross_profit": 217130,
            "gross_margin": 12.52,
            "gross_margin_4q_avg": 11.14,
            "net_income": 87079,
            "net_income_4q": null,
            "revenue": 1734171,
            "revenue_4q": null,
            "common_shares": 1334160,
            "book_valuer_per_share": 19.36,
            "book_valuer_per_share_4q_avg": 19.21,
            "equity": 3363257,
            "current_ratio": 185.3,
            "debt_ratio": 52.56,
            "inventory_turnover_ratio": 0.96,
            "account_receivable_turnover_ratio": 1.25,
            "reinvestment_rate": 117.59,
            "research_to_sale_ratio": 0.07,
            "price_fair": 74.9,
            "eps_avg_yearly": 2.14,
            "eps_latest_yearly": 1.68,
            "eps_growth_yearly": 27.76
        },
        "20201": {
            "year_quarter": 20201,
            "year": 2020,
            "quarter": 1,
            "eps": 0.18,
            "eps_growth_year": -37.93,
            "eps_4q": 1.12,
            "eps_4q_growth_year": -40.56,
            "roe": 0.93,
            "roe_4q": 7.01,
            "gross_profit": 121200,
            "gross_margin": 9.67,
            "gross_margin_4q_avg": 10.93,
            "net_income": 31277,
            "net_income_4q": null,
            "revenue": 1253793,
            "revenue_4q": null,
            "common_shares": 1334160,
            "book_valuer_per_share": 19.47,
            "book_valuer_per_share_4q_avg": 19.23,
            "equity": 3364583,
            "current_ratio": 197.76,
            "debt_ratio": 52.4,
            "inventory_turnover_ratio": 0.72,
            "account_receivable_turnover_ratio": 0.95,
            "reinvestment_rate": 118.78,
            "research_to_sale_ratio": 0.1,
            "price_fair": 43.31,
            "eps_avg_yearly": 2.01,
            "eps_latest_yearly": 0.72,
            "eps_growth_yearly": 11.52
        },
        "20202": {
            "year_quarter": 20202,
            "year": 2020,
            "quarter": 2,
            "eps": 0.18,
            "eps_growth_year": 12.5,
            "eps_4q": 1.15,
            "eps_4q_growth_year": -12.24,
            "roe": 1.31,
            "roe_4q": 6.89,
            "gross_profit": 146966,
            "gross_margin": 11.92,
            "gross_margin_4q_avg": 11.51,
            "net_income": 43806,
            "net_income_4q": null,
            "revenue": 1232478,
            "revenue_4q": null,
            "common_shares": 1334160,
            "book_valuer_per_share": 19.04,
            "book_valuer_per_share_4q_avg": 19.26,
            "equity": 3312468,
            "current_ratio": 220.19,
            "debt_ratio": 51.5,
            "inventory_turnover_ratio": 0.69,
            "account_receivable_turnover_ratio": 1.11,
            "reinvestment_rate": 107.71,
            "research_to_sale_ratio": 0.08,
            "price_fair": 52.58,
            "eps_avg_yearly": 1.93,
            "eps_latest_yearly": 0.72,
            "eps_growth_yearly": 17.32
        },
        "20203": {
            "year_quarter": 20203,
            "year": 2020,
            "quarter": 3,
            "eps": 0.6,
            "eps_growth_year": 66.67,
            "eps_4q": 1.38,
            "eps_4q_growth_year": 15.89,
            "roe": 3.47,
            "roe_4q": 8.32,
            "gross_profit": 232172,
            "gross_margin": 14.83,
            "gross_margin_4q_avg": 12.24,
            "net_income": 117579,
            "net_income_4q": null,
            "revenue": 1565364,
            "revenue_4q": null,
            "common_shares": 1334160,
            "book_valuer_per_share": 19.75,
            "book_valuer_per_share_4q_avg": 19.41,
            "equity": 3460997,
            "current_ratio": 231.62,
            "debt_ratio": 50.98,
            "inventory_turnover_ratio": 0.94,
            "account_receivable_turnover_ratio": 1.29,
            "reinvestment_rate": 110.37,
            "research_to_sale_ratio": 0.06,
            "price_fair": 66.15,
            "eps_avg_yearly": 1.89,
            "eps_latest_yearly": 2.4,
            "eps_growth_yearly": 65.74
        },
        "20204": {
            "year_quarter": 20204,
            "year": 2020,
            "quarter": 4,
            "eps": 0.61,
            "eps_growth_year": 45.05,
            "eps_4q": 1.58,
            "eps_4q_growth_year": 27.54,
            "roe": 3.54,
            "roe_4q": 9.25,
            "gross_profit": 265692,
            "gross_margin": 15.5,
            "gross_margin_4q_avg": 12.98,
            "net_income": 125181,
            "net_income_4q": null,
            "revenue": 1714156,
            "revenue_4q": null,
            "common_shares": 1334160,
            "book_valuer_per_share": 20.47,
            "book_valuer_per_share_4q_avg": 19.68,
            "equity": 3621165,
            "current_ratio": 243.32,
            "debt_ratio": 49.36,
            "inventory_turnover_ratio": 1.09,
            "account_receivable_turnover_ratio": 1.27,
            "reinvestment_rate": 108.37,
            "research_to_sale_ratio": 0.03,
            "price_fair": 64.58,
            "eps_avg_yearly": 1.85,
            "eps_latest_yearly": 2.44,
            "eps_growth_yearly": 64.47
        },
        "20211": {
            "year_quarter": 20211,
            "year": 2021,
            "quarter": 1,
            "eps": 0.81,
            "eps_growth_year": 350,
            "eps_4q": 2.21,
            "eps_4q_growth_year": 96.65,
            "roe": 4.15,
            "roe_4q": 12.47,
            "gross_profit": 302863,
            "gross_margin": 16.24,
            "gross_margin_4q_avg": 14.62,
            "net_income": 152276,
            "net_income_4q": null,
            "revenue": 1865386,
            "revenue_4q": null,
            "common_shares": 1334160,
            "book_valuer_per_share": 21.25,
            "book_valuer_per_share_4q_avg": 20.13,
            "equity": 3721383,
            "current_ratio": 229.15,
            "debt_ratio": 50.5,
            "inventory_turnover_ratio": 1.05,
            "account_receivable_turnover_ratio": 1.3,
            "reinvestment_rate": 96.19,
            "research_to_sale_ratio": 0.05,
            "price_fair": 63.79,
            "eps_avg_yearly": 1.82,
            "eps_latest_yearly": 3.24,
            "eps_growth_yearly": 69.19
        },
        "20212": {
            "year_quarter": 20212,
            "year": 2021,
            "quarter": 2,
            "eps": 1.32,
            "eps_growth_year": 633.33,
            "eps_4q": 3.34,
            "eps_4q_growth_year": 191.73,
            "roe": 5.69,
            "roe_4q": 16.849999999999998,
            "gross_profit": 406148,
            "gross_margin": 18.49,
            "gross_margin_4q_avg": 16.27,
            "net_income": 217699,
            "net_income_4q": null,
            "revenue": 2197033,
            "revenue_4q": null,
            "common_shares": 1334160,
            "book_valuer_per_share": 22.6,
            "book_valuer_per_share_4q_avg": 21.02,
            "equity": 3937215,
            "current_ratio": 217.66,
            "debt_ratio": 50.91,
            "inventory_turnover_ratio": 1.04,
            "account_receivable_turnover_ratio": 1.36,
            "reinvestment_rate": 66.12,
            "research_to_sale_ratio": 0.05,
            "price_fair": 71.93,
            "eps_avg_yearly": 2.06,
            "eps_latest_yearly": 5.28,
            "eps_growth_yearly": 99.09
        },
        "20213": {
            "year_quarter": 20213,
            "year": 2021,
            "quarter": 3,
            "eps": 1.19,
            "eps_growth_year": 98.33,
            "eps_4q": 3.93,
            "eps_4q_growth_year": 183.78,
            "roe": 5.17,
            "roe_4q": 18.55,
            "gross_profit": 417476,
            "gross_margin": 18.85,
            "gross_margin_4q_avg": 17.27,
            "net_income": 207074,
            "net_income_4q": null,
            "revenue": 2214550,
            "revenue_4q": null,
            "common_shares": 1334160,
            "book_valuer_per_share": 23.28,
            "book_valuer_per_share_4q_avg": 21.9,
            "equity": 4072830,
            "current_ratio": 213.65,
            "debt_ratio": 50.84,
            "inventory_turnover_ratio": 0.93,
            "account_receivable_turnover_ratio": 1.27,
            "reinvestment_rate": 58.83,
            "research_to_sale_ratio": 0.05,
            "price_fair": 79.28,
            "eps_avg_yearly": 2.27,
            "eps_latest_yearly": 4.76,
            "eps_growth_yearly": 99.2
        },
        "20214": {
            "year_quarter": 20214,
            "year": 2021,
            "quarter": 4,
            "eps": 1.09,
            "eps_growth_year": 77.86,
            "eps_4q": 4.41,
            "eps_4q_growth_year": 179.78,
            "roe": 4.49,
            "roe_4q": 19.5,
            "gross_profit": 381624,
            "gross_margin": 16.14,
            "gross_margin_4q_avg": 17.43,
            "net_income": 187668,
            "net_income_4q": null,
            "revenue": 2365039,
            "revenue_4q": null,
            "common_shares": 1334160,
            "book_valuer_per_share": 24.42,
            "book_valuer_per_share_4q_avg": 22.89,
            "equity": 4278477,
            "current_ratio": 210.58,
            "debt_ratio": 50.55,
            "inventory_turnover_ratio": 0.94,
            "account_receivable_turnover_ratio": 1.27,
            "reinvestment_rate": 55.52,
            "research_to_sale_ratio": 0.04,
            "price_fair": 82.34,
            "eps_avg_yearly": 2.35,
            "eps_latest_yearly": 4.36,
            "eps_growth_yearly": 69.24
        },
        "20221": {
            "year_quarter": 20221,
            "year": 2022,
            "quarter": 1,
            "eps": 1.3,
            "eps_growth_year": 60.49,
            "eps_4q": 4.9,
            "eps_4q_growth_year": 121.67,
            "roe": 4.79,
            "roe_4q": 20.14,
            "gross_profit": 396043,
            "gross_margin": 17,
            "gross_margin_4q_avg": 17.62,
            "net_income": 209877,
            "net_income_4q": null,
            "revenue": 2330317,
            "revenue_4q": null,
            "common_shares": 1334160,
            "book_valuer_per_share": 26.04,
            "book_valuer_per_share_4q_avg": 24.09,
            "equity": 4491150,
            "current_ratio": 219.02,
            "debt_ratio": 48.41,
            "inventory_turnover_ratio": 0.91,
            "account_receivable_turnover_ratio": 1.2,
            "reinvestment_rate": 40.42,
            "research_to_sale_ratio": 0.04,
            "price_fair": 88.46,
            "eps_avg_yearly": 2.53,
            "eps_latest_yearly": 5.2,
            "eps_growth_yearly": 78.79
        },
        "20222": {
            "year_quarter": 20222,
            "year": 2022,
            "quarter": 2,
            "eps": 0.99,
            "eps_growth_year": -25,
            "eps_4q": 4.57,
            "eps_4q_growth_year": 36.71,
            "roe": 3.85,
            "roe_4q": 18.3,
            "gross_profit": 366167,
            "gross_margin": 16.32,
            "gross_margin_4q_avg": 17.08,
            "net_income": 170630,
            "net_income_4q": null,
            "revenue": 2243638,
            "revenue_4q": null,
            "common_shares": 1334160,
            "book_valuer_per_share": 24.95,
            "book_valuer_per_share_4q_avg": 24.67,
            "equity": 4368403,
            "current_ratio": 201.4,
            "debt_ratio": 50.63,
            "inventory_turnover_ratio": 0.85,
            "account_receivable_turnover_ratio": 1.19,
            "reinvestment_rate": 36.66,
            "research_to_sale_ratio": 0.05,
            "price_fair": 90.65,
            "eps_avg_yearly": 2.59,
            "eps_latest_yearly": 3.96,
            "eps_growth_yearly": 66.99
        },
        "20223": {
            "year_quarter": 20223,
            "year": 2022,
            "quarter": 3,
            "eps": 1.04,
            "eps_growth_year": -12.6,
            "eps_4q": 4.43,
            "eps_4q_growth_year": 12.75,
            "roe": 4.23,
            "roe_4q": 17.36,
            "gross_profit": 355202,
            "gross_margin": 15.18,
            "gross_margin_4q_avg": 16.16,
            "net_income": 189430,
            "net_income_4q": null,
            "revenue": 2340638,
            "revenue_4q": null,
            "common_shares": 1334160,
            "book_valuer_per_share": 26.15,
            "book_valuer_per_share_4q_avg": 25.39,
            "equity": 4585886,
            "current_ratio": 222.74,
            "debt_ratio": 47.38,
            "inventory_turnover_ratio": 0.89,
            "account_receivable_turnover_ratio": 1.25,
            "reinvestment_rate": 18.57,
            "research_to_sale_ratio": 0.05,
            "price_fair": 95.55,
            "eps_avg_yearly": 2.73,
            "eps_latest_yearly": 4.16,
            "eps_growth_yearly": 77.04
        },
        "20224": {
            "year_quarter": 20224,
            "year": 2022,
            "quarter": 4,
            "eps": 0.72,
            "eps_growth_year": -34.08,
            "eps_4q": 4.06,
            "eps_4q_growth_year": -7.93,
            "roe": 2.75,
            "roe_4q": 15.620000000000001,
            "gross_profit": 323884,
            "gross_margin": 15.28,
            "gross_margin_4q_avg": 15.95,
            "net_income": 127721,
            "net_income_4q": null,
            "revenue": 2119116,
            "revenue_4q": null,
            "common_shares": 1334160,
            "book_valuer_per_share": 26.75,
            "book_valuer_per_share_4q_avg": 25.97,
            "equity": 4686640,
            "current_ratio": 268.15,
            "debt_ratio": 43.91,
            "inventory_turnover_ratio": 0.87,
            "account_receivable_turnover_ratio": 1.22,
            "reinvestment_rate": 10.52,
            "research_to_sale_ratio": 0.04,
            "price_fair": 98.53,
            "eps_avg_yearly": 2.82,
            "eps_latest_yearly": 2.88,
            "eps_growth_yearly": 74.55
        },
        "20231": {
            "year_quarter": 20231,
            "year": 2023,
            "quarter": 1,
            "eps": 0.39,
            "eps_growth_year": -70,
            "eps_4q": 3.15,
            "eps_4q_growth_year": -35.62,
            "roe": 1.38,
            "roe_4q": 12.209999999999999,
            "gross_profit": 190313,
            "gross_margin": 11.46,
            "gross_margin_4q_avg": 14.56,
            "net_income": 64870,
            "net_income_4q": null,
            "revenue": 1660587,
            "revenue_4q": null,
            "common_shares": 1334160,
            "book_valuer_per_share": 27.18,
            "book_valuer_per_share_4q_avg": 26.26,
            "equity": 4716647,
            "current_ratio": 256.35,
            "debt_ratio": 42.86,
            "inventory_turnover_ratio": 0.74,
            "account_receivable_turnover_ratio": 1.11,
            "reinvestment_rate": 9.33,
            "research_to_sale_ratio": 0.05,
            "price_fair": 99.4,
            "eps_avg_yearly": 2.84,
            "eps_latest_yearly": 1.56,
            "eps_growth_yearly": 69.02
        },
        "20232": {
            "year_quarter": 20232,
            "year": 2023,
            "quarter": 2,
            "eps": 0.4,
            "eps_growth_year": -59.6,
            "eps_4q": 2.56,
            "eps_4q_growth_year": -43.98,
            "roe": 1.79,
            "roe_4q": 10.15,
            "gross_profit": 238869,
            "gross_margin": 13.84,
            "gross_margin_4q_avg": 13.94,
            "net_income": 82835,
            "net_income_4q": null,
            "revenue": 1725914,
            "revenue_4q": null,
            "common_shares": 1334160,
            "book_valuer_per_share": 25.8,
            "book_valuer_per_share_4q_avg": 26.47,
            "equity": 4537963,
            "current_ratio": 243.09,
            "debt_ratio": 45.31,
            "inventory_turnover_ratio": 0.73,
            "account_receivable_turnover_ratio": 1.26,
            "reinvestment_rate": 5.07,
            "research_to_sale_ratio": 0.06,
            "price_fair": 101.5,
            "eps_avg_yearly": 2.9,
            "eps_latest_yearly": 1.6,
            "eps_growth_yearly": 80.86
        },
        "20233": {
            "year_quarter": 20233,
            "year": 2023,
            "quarter": 3,
            "eps": 0.79,
            "eps_growth_year": -24.04,
            "eps_4q": 2.31,
            "eps_4q_growth_year": -47.85,
            "roe": 3.38,
            "roe_4q": 9.3,
            "gross_profit": 320867,
            "gross_margin": 15.13,
            "gross_margin_4q_avg": 13.93,
            "net_income": 157473,
            "net_income_4q": null,
            "revenue": 2121172,
            "revenue_4q": null,
            "common_shares": 1334160,
            "book_valuer_per_share": 26.95,
            "book_valuer_per_share_4q_avg": 26.67,
            "equity": 4781767,
            "current_ratio": 241.89,
            "debt_ratio": 44.48,
            "inventory_turnover_ratio": 0.9,
            "account_receivable_turnover_ratio": 1.34,
            "reinvestment_rate": -6.93,
            "research_to_sale_ratio": 0.05,
            "price_fair": 105.26,
            "eps_avg_yearly": 3.01,
            "eps_latest_yearly": 3.16,
            "eps_growth_yearly": 73.99
        },
        "20234": {
            "year_quarter": 20234,
            "year": 2023,
            "quarter": 4,
            "eps": 0.34,
            "eps_growth_year": -53.15,
            "eps_4q": 1.93,
            "eps_4q_growth_year": -52.51,
            "roe": 1.83,
            "roe_4q": 8.379999999999999,
            "gross_profit": 280878,
            "gross_margin": 13.52,
            "gross_margin_4q_avg": 13.49,
            "net_income": 87273,
            "net_income_4q": null,
            "revenue": 2076958,
            "revenue_4q": null,
            "common_shares": 1334160,
            "book_valuer_per_share": 26.88,
            "book_valuer_per_share_4q_avg": 26.7,
            "equity": 4779330,
            "current_ratio": 228.07,
            "debt_ratio": 44.05,
            "inventory_turnover_ratio": 0.89,
            "account_receivable_turnover_ratio": 1.18,
            "reinvestment_rate": -7.72,
            "research_to_sale_ratio": 0.06,
            "price_fair": 104.56,
            "eps_avg_yearly": 2.99,
            "eps_latest_yearly": 1.36,
            "eps_growth_yearly": 55.58
        }
    },
    "months": {
        "2001-06": {
            "month": "2001-06",
            "price": "6.80",
            "revenue": 86814
        },
        "2001-07": {
            "month": "2001-07",
            "price": "5.97",
            "revenue": 78971
        },
        "2001-08": {
            "month": "2001-08",
            "price": "5.64",
            "revenue": 92309
        },
        "2001-09": {
            "month": "2001-09",
            "price": "4.95",
            "revenue": 79375
        },
        "2001-10": {
            "month": "2001-10",
            "price": "4.86",
            "revenue": 84016
        },
        "2001-11": {
            "month": "2001-11",
            "price": "4.19",
            "revenue": 82281
        },
        "2001-12": {
            "month": "2001-12",
            "price": "4.38",
            "revenue": 81676
        },
        "2002-01": {
            "month": "2002-01",
            "price": "4.18",
            "revenue": 90559
        },
        "2002-02": {
            "month": "2002-02",
            "price": "4.37",
            "revenue": 66559
        },
        "2002-03": {
            "month": "2002-03",
            "price": "5.11",
            "revenue": 86963
        },
        "2002-04": {
            "month": "2002-04",
            "price": "6.52",
            "revenue": 91258
        },
        "2002-05": {
            "month": "2002-05",
            "price": "6.75",
            "revenue": 94422
        },
        "2002-06": {
            "month": "2002-06",
            "price": "7.22",
            "revenue": 104656
        },
        "2002-07": {
            "month": "2002-07",
            "price": "7.79",
            "revenue": 116517
        },
        "2002-08": {
            "month": "2002-08",
            "price": "12.00",
            "revenue": 138166
        },
        "2002-09": {
            "month": "2002-09",
            "price": "13.36",
            "revenue": 146420
        },
        "2002-10": {
            "month": "2002-10",
            "price": "11.82",
            "revenue": 135811
        },
        "2002-11": {
            "month": "2002-11",
            "price": "15.76",
            "revenue": 131039
        },
        "2002-12": {
            "month": "2002-12",
            "price": "16.65",
            "revenue": 102007
        },
        "2003-01": {
            "month": "2003-01",
            "price": "17.87",
            "revenue": 129114
        },
        "2003-02": {
            "month": "2003-02",
            "price": "21.90",
            "revenue": 97210
        },
        "2003-03": {
            "month": "2003-03",
            "price": "18.22",
            "revenue": 126554
        },
        "2003-04": {
            "month": "2003-04",
            "price": "20.69",
            "revenue": 128518
        },
        "2003-05": {
            "month": "2003-05",
            "price": "21.06",
            "revenue": 131453
        },
        "2003-06": {
            "month": "2003-06",
            "price": "20.94",
            "revenue": 123227
        },
        "2003-07": {
            "month": "2003-07",
            "price": "21.33",
            "revenue": 125128
        },
        "2003-08": {
            "month": "2003-08",
            "price": "20.40",
            "revenue": 112639
        },
        "2003-09": {
            "month": "2003-09",
            "price": "18.30",
            "revenue": 107832
        },
        "2003-10": {
            "month": "2003-10",
            "price": "17.91",
            "revenue": 130163
        },
        "2003-11": {
            "month": "2003-11",
            "price": "17.06",
            "revenue": 132144
        },
        "2003-12": {
            "month": "2003-12",
            "price": "17.14",
            "revenue": 149064
        },
        "2004-01": {
            "month": "2004-01",
            "price": "17.77",
            "revenue": 114379
        },
        "2004-02": {
            "month": "2004-02",
            "price": "18.92",
            "revenue": 165669
        },
        "2004-03": {
            "month": "2004-03",
            "price": "19.30",
            "revenue": 199893
        },
        "2004-04": {
            "month": "2004-04",
            "price": "18.10",
            "revenue": 215708
        },
        "2004-05": {
            "month": "2004-05",
            "price": "16.97",
            "revenue": 221973
        },
        "2004-06": {
            "month": "2004-06",
            "price": "17.41",
            "revenue": 214061
        },
        "2004-07": {
            "month": "2004-07",
            "price": "18.36",
            "revenue": 202380
        },
        "2004-08": {
            "month": "2004-08",
            "price": "18.32",
            "revenue": 232867
        },
        "2004-09": {
            "month": "2004-09",
            "price": "23.21",
            "revenue": 217387
        },
        "2004-10": {
            "month": "2004-10",
            "price": "24.52",
            "revenue": 243771
        },
        "2004-11": {
            "month": "2004-11",
            "price": "22.24",
            "revenue": 242415
        },
        "2004-12": {
            "month": "2004-12",
            "price": "22.35",
            "revenue": 267086
        },
        "2005-01": {
            "month": "2005-01",
            "price": "22.28",
            "revenue": 227525
        },
        "2005-02": {
            "month": "2005-02",
            "price": "23.08",
            "revenue": 169557
        },
        "2005-03": {
            "month": "2005-03",
            "price": "22.35",
            "revenue": 256702
        },
        "2005-04": {
            "month": "2005-04",
            "price": "19.98",
            "revenue": 204128
        },
        "2005-05": {
            "month": "2005-05",
            "price": "18.30",
            "revenue": 206900
        },
        "2005-06": {
            "month": "2005-06",
            "price": "18.55",
            "revenue": 185538
        },
        "2005-07": {
            "month": "2005-07",
            "price": "16.44",
            "revenue": 116932
        },
        "2005-08": {
            "month": "2005-08",
            "price": "13.67",
            "revenue": 160149
        },
        "2005-09": {
            "month": "2005-09",
            "price": "13.39",
            "revenue": 142778
        },
        "2005-10": {
            "month": "2005-10",
            "price": "10.95",
            "revenue": 149735
        },
        "2005-11": {
            "month": "2005-11",
            "price": "9.94",
            "revenue": 162874
        },
        "2005-12": {
            "month": "2005-12",
            "price": "9.87",
            "revenue": 182808
        },
        "2006-01": {
            "month": "2006-01",
            "price": "10.09",
            "revenue": 162423
        },
        "2006-02": {
            "month": "2006-02",
            "price": "10.50",
            "revenue": 170653
        },
        "2006-03": {
            "month": "2006-03",
            "price": "10.34",
            "revenue": 206457
        },
        "2006-04": {
            "month": "2006-04",
            "price": "11.89",
            "revenue": 192427
        },
        "2006-05": {
            "month": "2006-05",
            "price": "11.56",
            "revenue": 200854
        },
        "2006-06": {
            "month": "2006-06",
            "price": "10.88",
            "revenue": 214370
        },
        "2006-07": {
            "month": "2006-07",
            "price": "11.33",
            "revenue": 189099
        },
        "2006-08": {
            "month": "2006-08",
            "price": "11.04",
            "revenue": 227867
        },
        "2006-09": {
            "month": "2006-09",
            "price": "11.35",
            "revenue": 229247
        },
        "2006-10": {
            "month": "2006-10",
            "price": "13.32",
            "revenue": 205283
        },
        "2006-11": {
            "month": "2006-11",
            "price": "14.33",
            "revenue": 241242
        },
        "2006-12": {
            "month": "2006-12",
            "price": "15.20",
            "revenue": 258916
        },
        "2007-01": {
            "month": "2007-01",
            "price": "15.78",
            "revenue": 250727
        },
        "2007-02": {
            "month": "2007-02",
            "price": "16.17",
            "revenue": 176521
        },
        "2007-03": {
            "month": "2007-03",
            "price": "16.68",
            "revenue": 312557
        },
        "2007-04": {
            "month": "2007-04",
            "price": "20.88",
            "revenue": 245321
        },
        "2007-05": {
            "month": "2007-05",
            "price": "19.81",
            "revenue": 291673
        },
        "2007-06": {
            "month": "2007-06",
            "price": "19.76",
            "revenue": 244930
        },
        "2007-07": {
            "month": "2007-07",
            "price": "20.06",
            "revenue": 246739
        },
        "2007-08": {
            "month": "2007-08",
            "price": "17.50",
            "revenue": 250457
        },
        "2007-09": {
            "month": "2007-09",
            "price": "17.62",
            "revenue": 213190
        },
        "2007-10": {
            "month": "2007-10",
            "price": "16.64",
            "revenue": 291394
        },
        "2007-11": {
            "month": "2007-11",
            "price": "14.84",
            "revenue": 248736
        },
        "2007-12": {
            "month": "2007-12",
            "price": "14.03",
            "revenue": 243739
        },
        "2008-01": {
            "month": "2008-01",
            "price": "14.18",
            "revenue": 273778
        },
        "2008-02": {
            "month": "2008-02",
            "price": "15.29",
            "revenue": 215623
        },
        "2008-03": {
            "month": "2008-03",
            "price": "15.90",
            "revenue": 337132
        },
        "2008-04": {
            "month": "2008-04",
            "price": "17.90",
            "revenue": 361490
        },
        "2008-05": {
            "month": "2008-05",
            "price": "23.61",
            "revenue": 347264
        },
        "2008-06": {
            "month": "2008-06",
            "price": "21.73",
            "revenue": 274567
        },
        "2008-07": {
            "month": "2008-07",
            "price": "19.20",
            "revenue": 370813
        },
        "2008-08": {
            "month": "2008-08",
            "price": "18.34",
            "revenue": 363646
        },
        "2008-09": {
            "month": "2008-09",
            "price": "17.64",
            "revenue": 275082
        },
        "2008-10": {
            "month": "2008-10",
            "price": "12.87",
            "revenue": 277554
        },
        "2008-11": {
            "month": "2008-11",
            "price": "11.58",
            "revenue": 175553
        },
        "2008-12": {
            "month": "2008-12",
            "price": "10.31",
            "revenue": 172562
        },
        "2009-01": {
            "month": "2009-01",
            "price": "10.26",
            "revenue": 85396
        },
        "2009-02": {
            "month": "2009-02",
            "price": "10.05",
            "revenue": 128614
        },
        "2009-03": {
            "month": "2009-03",
            "price": "10.29",
            "revenue": 188682
        },
        "2009-04": {
            "month": "2009-04",
            "price": "11.38",
            "revenue": 143566
        },
        "2009-05": {
            "month": "2009-05",
            "price": "10.84",
            "revenue": 146188
        },
        "2009-06": {
            "month": "2009-06",
            "price": "10.98",
            "revenue": 169763
        },
        "2009-07": {
            "month": "2009-07",
            "price": "10.91",
            "revenue": 188524
        },
        "2009-08": {
            "month": "2009-08",
            "price": "10.83",
            "revenue": 189507
        },
        "2009-09": {
            "month": "2009-09",
            "price": "10.91",
            "revenue": 230461
        },
        "2009-10": {
            "month": "2009-10",
            "price": "11.13",
            "revenue": 234674
        },
        "2009-11": {
            "month": "2009-11",
            "price": "11.05",
            "revenue": 204317
        },
        "2009-12": {
            "month": "2009-12",
            "price": "11.52",
            "revenue": 262434
        },
        "2010-01": {
            "month": "2010-01",
            "price": "13.72",
            "revenue": 236351
        },
        "2010-02": {
            "month": "2010-02",
            "price": "12.52",
            "revenue": 201106
        },
        "2010-03": {
            "month": "2010-03",
            "price": "13.25",
            "revenue": 343402
        },
        "2010-04": {
            "month": "2010-04",
            "price": "14.95",
            "revenue": 331624
        },
        "2010-05": {
            "month": "2010-05",
            "price": "14.49",
            "revenue": 349737
        },
        "2010-06": {
            "month": "2010-06",
            "price": "14.20",
            "revenue": 332874
        },
        "2010-07": {
            "month": "2010-07",
            "price": "14.31",
            "revenue": 307262
        },
        "2010-08": {
            "month": "2010-08",
            "price": "15.38",
            "revenue": 306172
        },
        "2010-09": {
            "month": "2010-09",
            "price": "15.98",
            "revenue": 305351
        },
        "2010-10": {
            "month": "2010-10",
            "price": "17.48",
            "revenue": 351447
        },
        "2010-11": {
            "month": "2010-11",
            "price": "18.43",
            "revenue": 343384
        },
        "2010-12": {
            "month": "2010-12",
            "price": "19.54",
            "revenue": 321015
        },
        "2011-01": {
            "month": "2011-01",
            "price": "21.22",
            "revenue": 321077
        },
        "2011-02": {
            "month": "2011-02",
            "price": "20.59",
            "revenue": 257193
        },
        "2011-03": {
            "month": "2011-03",
            "price": "19.85",
            "revenue": 355368
        },
        "2011-04": {
            "month": "2011-04",
            "price": "20.32",
            "revenue": 335758
        },
        "2011-05": {
            "month": "2011-05",
            "price": "19.24",
            "revenue": 336882
        },
        "2011-06": {
            "month": "2011-06",
            "price": "18.40",
            "revenue": 315744
        },
        "2011-07": {
            "month": "2011-07",
            "price": "18.24",
            "revenue": 295739
        },
        "2011-08": {
            "month": "2011-08",
            "price": "14.98",
            "revenue": 316234
        },
        "2011-09": {
            "month": "2011-09",
            "price": "14.29",
            "revenue": 322515
        },
        "2011-10": {
            "month": "2011-10",
            "price": "13.41",
            "revenue": 304801
        },
        "2011-11": {
            "month": "2011-11",
            "price": "12.88",
            "revenue": 337219
        },
        "2011-12": {
            "month": "2011-12",
            "price": "12.22",
            "revenue": 279678
        },
        "2012-01": {
            "month": "2012-01",
            "price": "12.46",
            "revenue": 182462
        },
        "2012-02": {
            "month": "2012-02",
            "price": "13.90",
            "revenue": 250531
        },
        "2012-03": {
            "month": "2012-03",
            "price": "14.04",
            "revenue": 311570
        },
        "2012-04": {
            "month": "2012-04",
            "price": "13.36",
            "revenue": 271377
        },
        "2012-05": {
            "month": "2012-05",
            "price": "12.52",
            "revenue": 296560
        },
        "2012-06": {
            "month": "2012-06",
            "price": "11.83",
            "revenue": 215447
        },
        "2012-07": {
            "month": "2012-07",
            "price": "11.20",
            "revenue": 267058
        },
        "2012-08": {
            "month": "2012-08",
            "price": "11.27",
            "revenue": 255465
        },
        "2012-09": {
            "month": "2012-09",
            "price": "11.67",
            "revenue": 224624
        },
        "2012-10": {
            "month": "2012-10",
            "price": "11.44",
            "revenue": 249327
        },
        "2012-11": {
            "month": "2012-11",
            "price": "10.94",
            "revenue": 217109
        },
        "2012-12": {
            "month": "2012-12",
            "price": "11.32",
            "revenue": 236465
        },
        "2013-01": {
            "month": "2013-01",
            "price": "11.65",
            "revenue": 333835
        },
        "2013-02": {
            "month": "2013-02",
            "price": "11.51",
            "revenue": 229808
        },
        "2013-03": {
            "month": "2013-03",
            "price": "11.33",
            "revenue": 461588
        },
        "2013-04": {
            "month": "2013-04",
            "price": "11.16",
            "revenue": 451252
        },
        "2013-05": {
            "month": "2013-05",
            "price": "11.62",
            "revenue": 448552
        },
        "2013-06": {
            "month": "2013-06",
            "price": "11.81",
            "revenue": 385227
        },
        "2013-07": {
            "month": "2013-07",
            "price": "12.80",
            "revenue": 407150
        },
        "2013-08": {
            "month": "2013-08",
            "price": "13.16",
            "revenue": 414546
        },
        "2013-09": {
            "month": "2013-09",
            "price": "13.17",
            "revenue": 400691
        },
        "2013-10": {
            "month": "2013-10",
            "price": "13.44",
            "revenue": 450226
        },
        "2013-11": {
            "month": "2013-11",
            "price": "13.89",
            "revenue": 487027
        },
        "2013-12": {
            "month": "2013-12",
            "price": "16.28",
            "revenue": 480927
        },
        "2014-01": {
            "month": "2014-01",
            "price": "16.86",
            "revenue": 418706
        },
        "2014-02": {
            "month": "2014-02",
            "price": "17.13",
            "revenue": 383888
        },
        "2014-03": {
            "month": "2014-03",
            "price": "18.54",
            "revenue": 470461
        },
        "2014-04": {
            "month": "2014-04",
            "price": "20.64",
            "revenue": 420565
        },
        "2014-05": {
            "month": "2014-05",
            "price": "21.31",
            "revenue": 444418
        },
        "2014-06": {
            "month": "2014-06",
            "price": "19.86",
            "revenue": 450715
        },
        "2014-07": {
            "month": "2014-07",
            "price": "19.34",
            "revenue": 456149
        },
        "2014-08": {
            "month": "2014-08",
            "price": "21.02",
            "revenue": 485117
        },
        "2014-09": {
            "month": "2014-09",
            "price": "20.11",
            "revenue": 509115
        },
        "2014-10": {
            "month": "2014-10",
            "price": "19.13",
            "revenue": 533311
        },
        "2014-11": {
            "month": "2014-11",
            "price": "19.43",
            "revenue": 505643
        },
        "2014-12": {
            "month": "2014-12",
            "price": "19.54",
            "revenue": 544759
        },
        "2015-01": {
            "month": "2015-01",
            "price": "20.58",
            "revenue": 478808
        },
        "2015-02": {
            "month": "2015-02",
            "price": "20.72",
            "revenue": 324454
        },
        "2015-03": {
            "month": "2015-03",
            "price": "21.13",
            "revenue": 518430
        },
        "2015-04": {
            "month": "2015-04",
            "price": "21.44",
            "revenue": 457032
        },
        "2015-05": {
            "month": "2015-05",
            "price": "22.61",
            "revenue": 406305
        },
        "2015-06": {
            "month": "2015-06",
            "price": "21.07",
            "revenue": 397090
        },
        "2015-07": {
            "month": "2015-07",
            "price": "18.85",
            "revenue": 417103
        },
        "2015-08": {
            "month": "2015-08",
            "price": "15.82",
            "revenue": 361166
        },
        "2015-09": {
            "month": "2015-09",
            "price": "15.45",
            "revenue": 388589
        },
        "2015-10": {
            "month": "2015-10",
            "price": "15.51",
            "revenue": 459552
        },
        "2015-11": {
            "month": "2015-11",
            "price": "15.92",
            "revenue": 458171
        },
        "2015-12": {
            "month": "2015-12",
            "price": "16.41",
            "revenue": 550726
        },
        "2016-01": {
            "month": "2016-01",
            "price": "16.74",
            "revenue": 482320
        },
        "2016-02": {
            "month": "2016-02",
            "price": "17.19",
            "revenue": 312329
        },
        "2016-03": {
            "month": "2016-03",
            "price": "17.52",
            "revenue": 537775
        },
        "2016-04": {
            "month": "2016-04",
            "price": "18.15",
            "revenue": 459766
        },
        "2016-05": {
            "month": "2016-05",
            "price": "19.76",
            "revenue": 481184
        },
        "2016-06": {
            "month": "2016-06",
            "price": "21.09",
            "revenue": 440158
        },
        "2016-07": {
            "month": "2016-07",
            "price": "24.76",
            "revenue": 449088
        },
        "2016-08": {
            "month": "2016-08",
            "price": "25.82",
            "revenue": 519480
        },
        "2016-09": {
            "month": "2016-09",
            "price": "26.52",
            "revenue": 491616
        },
        "2016-10": {
            "month": "2016-10",
            "price": "28.58",
            "revenue": 565024
        },
        "2016-11": {
            "month": "2016-11",
            "price": "28.75",
            "revenue": 631683
        },
        "2016-12": {
            "month": "2016-12",
            "price": "28.80",
            "revenue": 643235
        },
        "2017-01": {
            "month": "2017-01",
            "price": "29.82",
            "revenue": 465706
        },
        "2017-02": {
            "month": "2017-02",
            "price": "30.05",
            "revenue": 534890
        },
        "2017-03": {
            "month": "2017-03",
            "price": "31.60",
            "revenue": 636407
        },
        "2017-04": {
            "month": "2017-04",
            "price": "31.86",
            "revenue": 493300
        },
        "2017-05": {
            "month": "2017-05",
            "price": "32.21",
            "revenue": 511004
        },
        "2017-06": {
            "month": "2017-06",
            "price": "33.88",
            "revenue": 556659
        },
        "2017-07": {
            "month": "2017-07",
            "price": "33.82",
            "revenue": 467111
        },
        "2017-08": {
            "month": "2017-08",
            "price": "32.66",
            "revenue": 573772
        },
        "2017-09": {
            "month": "2017-09",
            "price": "29.02",
            "revenue": 602880
        },
        "2017-10": {
            "month": "2017-10",
            "price": "28.59",
            "revenue": 633442
        },
        "2017-11": {
            "month": "2017-11",
            "price": "28.58",
            "revenue": 705895
        },
        "2017-12": {
            "month": "2017-12",
            "price": "28.41",
            "revenue": 674878
        },
        "2018-01": {
            "month": "2018-01",
            "price": "29.62",
            "revenue": 744589
        },
        "2018-02": {
            "month": "2018-02",
            "price": "30.10",
            "revenue": 410582
        },
        "2018-03": {
            "month": "2018-03",
            "price": "29.75",
            "revenue": 807842
        },
        "2018-04": {
            "month": "2018-04",
            "price": "29.38",
            "revenue": 627675
        },
        "2018-05": {
            "month": "2018-05",
            "price": "29.18",
            "revenue": 756152
        },
        "2018-06": {
            "month": "2018-06",
            "price": "30.38",
            "revenue": 582170
        },
        "2018-07": {
            "month": "2018-07",
            "price": "30.78",
            "revenue": 685220
        },
        "2018-08": {
            "month": "2018-08",
            "price": "31.42",
            "revenue": 644243
        },
        "2018-09": {
            "month": "2018-09",
            "price": "29.94",
            "revenue": 609424
        },
        "2018-10": {
            "month": "2018-10",
            "price": "30.18",
            "revenue": 670071
        },
        "2018-11": {
            "month": "2018-11",
            "price": "30.06",
            "revenue": 662137
        },
        "2018-12": {
            "month": "2018-12",
            "price": "29.72",
            "revenue": 508017
        },
        "2019-01": {
            "month": "2019-01",
            "price": "28.43",
            "revenue": 621328
        },
        "2019-02": {
            "month": "2019-02",
            "price": "28.58",
            "revenue": 349567
        },
        "2019-03": {
            "month": "2019-03",
            "price": "27.71",
            "revenue": 534878
        },
        "2019-04": {
            "month": "2019-04",
            "price": "26.44",
            "revenue": 519023
        },
        "2019-05": {
            "month": "2019-05",
            "price": "25.18",
            "revenue": 500216
        },
        "2019-06": {
            "month": "2019-06",
            "price": "25.28",
            "revenue": 413426
        },
        "2019-07": {
            "month": "2019-07",
            "price": "25.82",
            "revenue": 506443
        },
        "2019-08": {
            "month": "2019-08",
            "price": "25.85",
            "revenue": 509809
        },
        "2019-09": {
            "month": "2019-09",
            "price": "25.47",
            "revenue": 559071
        },
        "2019-10": {
            "month": "2019-10",
            "price": "25.85",
            "revenue": 566718
        },
        "2019-11": {
            "month": "2019-11",
            "price": "25.78",
            "revenue": 615973
        },
        "2019-12": {
            "month": "2019-12",
            "price": "25.45",
            "revenue": 565904
        },
        "2020-01": {
            "month": "2020-01",
            "price": "25.34",
            "revenue": 358852
        },
        "2020-02": {
            "month": "2020-02",
            "price": "25.02",
            "revenue": 368016
        },
        "2020-03": {
            "month": "2020-03",
            "price": "23.65",
            "revenue": 527621
        },
        "2020-04": {
            "month": "2020-04",
            "price": "23.96",
            "revenue": 424467
        },
        "2020-05": {
            "month": "2020-05",
            "price": "23.71",
            "revenue": 368557
        },
        "2020-06": {
            "month": "2020-06",
            "price": "24.11",
            "revenue": 445281
        },
        "2020-07": {
            "month": "2020-07",
            "price": "25.26",
            "revenue": 500221
        },
        "2020-08": {
            "month": "2020-08",
            "price": "25.46",
            "revenue": 477794
        },
        "2020-09": {
            "month": "2020-09",
            "price": "26.09",
            "revenue": 596403
        },
        "2020-10": {
            "month": "2020-10",
            "price": "28.97",
            "revenue": 500129
        },
        "2020-11": {
            "month": "2020-11",
            "price": "28.29",
            "revenue": 565092
        },
        "2020-12": {
            "month": "2020-12",
            "price": "28.21",
            "revenue": 673194
        },
        "2021-01": {
            "month": "2021-01",
            "price": "27.80",
            "revenue": 642236
        },
        "2021-02": {
            "month": "2021-02",
            "price": "27.04",
            "revenue": 443271
        },
        "2021-03": {
            "month": "2021-03",
            "price": "27.54",
            "revenue": 780110
        },
        "2021-04": {
            "month": "2021-04",
            "price": "29.89",
            "revenue": 744995
        },
        "2021-05": {
            "month": "2021-05",
            "price": "29.18",
            "revenue": 710624
        },
        "2021-06": {
            "month": "2021-06",
            "price": "31.03",
            "revenue": 741256
        },
        "2021-07": {
            "month": "2021-07",
            "price": "43.64",
            "revenue": 761511
        },
        "2021-08": {
            "month": "2021-08",
            "price": "37.64",
            "revenue": 779750
        },
        "2021-09": {
            "month": "2021-09",
            "price": "40.09",
            "revenue": 674355
        },
        "2021-10": {
            "month": "2021-10",
            "price": "36.70",
            "revenue": 727559
        },
        "2021-11": {
            "month": "2021-11",
            "price": "36.91",
            "revenue": 838823
        },
        "2021-12": {
            "month": "2021-12",
            "price": "38.11",
            "revenue": 797517
        },
        "2022-01": {
            "month": "2022-01",
            "price": "37.15",
            "revenue": 766771
        },
        "2022-02": {
            "month": "2022-02",
            "price": "36.32",
            "revenue": 641037
        },
        "2022-03": {
            "month": "2022-03",
            "price": "37.19",
            "revenue": 922510
        },
        "2022-04": {
            "month": "2022-04",
            "price": "36.96",
            "revenue": 645595
        },
        "2022-05": {
            "month": "2022-05",
            "price": "34.38",
            "revenue": 802700
        },
        "2022-06": {
            "month": "2022-06",
            "price": "33.75",
            "revenue": 795342
        },
        "2022-07": {
            "month": "2022-07",
            "price": "33.17",
            "revenue": 812405
        },
        "2022-08": {
            "month": "2022-08",
            "price": "33.94",
            "revenue": 755682
        },
        "2022-09": {
            "month": "2022-09",
            "price": "32.52",
            "revenue": 772551
        },
        "2022-10": {
            "month": "2022-10",
            "price": "34.86",
            "revenue": 767981
        },
        "2022-11": {
            "month": "2022-11",
            "price": "35.88",
            "revenue": 723190
        },
        "2022-12": {
            "month": "2022-12",
            "price": "36.02",
            "revenue": 627945
        },
        "2023-01": {
            "month": "2023-01",
            "price": "35.81",
            "revenue": 384448
        },
        "2023-02": {
            "month": "2023-02",
            "price": "35.53",
            "revenue": 569158
        },
        "2023-03": {
            "month": "2023-03",
            "price": "35.63",
            "revenue": 706981
        },
        "2023-04": {
            "month": "2023-04",
            "price": "35.70",
            "revenue": 546097
        },
        "2023-05": {
            "month": "2023-05",
            "price": "34.04",
            "revenue": 592491
        },
        "2023-06": {
            "month": "2023-06",
            "price": "35.04",
            "revenue": 587326
        },
        "2023-07": {
            "month": "2023-07",
            "price": "34.91",
            "revenue": 573762
        },
        "2023-08": {
            "month": "2023-08",
            "price": "33.87",
            "revenue": 853106
        },
        "2023-09": {
            "month": "2023-09",
            "price": "33.89",
            "revenue": 694304
        },
        "2023-10": {
            "month": "2023-10",
            "price": "35.44",
            "revenue": 669636
        },
        "2023-11": {
            "month": "2023-11",
            "price": "34.75",
            "revenue": 802492
        },
        "2023-12": {
            "month": "2023-12",
            "price": "34.40",
            "revenue": 604830
        },
        "2024-01": {
            "month": "2024-01",
            "price": "34.65",
            "revenue": 712883
        },
        "2024-02": {
            "month": "2024-02",
            "price": "34.60",
            "revenue": 424428
        }
    }
}
