{
    "summary": {
        "stock_name": "建錩",
        "stock_id": "5014",
        "category": "鋼鐵",
        "main_business": "止滑板、不銹鋼板、不銹鋼圓條、不銹鋼管、角鐵、槽鐵",
        "website_url": "http://www.chainchon.com",
        "ceo": "李慶柏",
        "pe_ratio": 16,
        "report_year_from": 2001,
        "report_year_to": 2023,
        "age": 22,
        "eps_negative_percentage": 35,
        "eps_growth_avg": {
            "last_all": -35.09,
            "last_2y": 55.03,
            "last_4y": 16.27,
            "last_8y": -16.09,
            "last_12y": -21.84,
            "last_16y": -35.35,
            "last_20y": -35.09,
            "at_2006_last_3y": -100,
            "at_2007_last_3y": -96.15,
            "at_2008_last_3y": -97.44,
            "at_2009_last_3y": -96.15,
            "at_2010_last_3y": -30.77,
            "at_2011_last_3y": -33.33,
            "at_2012_last_3y": 0,
            "at_2013_last_3y": -33.33,
            "at_2014_last_3y": -100,
            "at_2015_last_3y": -100,
            "at_2016_last_3y": -100,
            "at_2017_last_3y": -80.81,
            "at_2018_last_3y": -87.21,
            "at_2019_last_3y": -80.81,
            "at_2020_last_3y": -20.54,
            "at_2021_last_3y": 33.33,
            "at_2022_last_3y": 55.03,
            "at_2023_last_3y": 55.03,
            "at_2006_last_all": -34.15,
            "at_2007_last_all": -48.69,
            "at_2008_last_all": -58.95,
            "at_2009_last_all": -58.95,
            "at_2010_last_all": -32.46,
            "at_2011_last_all": -42.11,
            "at_2012_last_all": -42.11,
            "at_2013_last_all": -49.34,
            "at_2014_last_all": -49.34,
            "at_2015_last_all": -54.97,
            "at_2016_last_all": -54.97,
            "at_2017_last_all": -55.64,
            "at_2018_last_all": -59.67,
            "at_2019_last_all": -59.67,
            "at_2020_last_all": -46.36,
            "at_2021_last_all": -35.1,
            "at_2022_last_all": -35.09,
            "at_2023_last_all": -35.09
        },
        "latest_eps": 0.97,
        "latest_price": 15.7,
        "latest_roe": 5.84,
        "latest_gross_margin": 4.54,
        "latest_equity": 3210323,
        "latest_revenue": 3689796,
        "latest_gross_profit": 167666,
        "latest_net_income": -5785,
        "latest_debt_ratio": 66.39,
        "latest_current_ratio": 120.73,
        "latest_account_receivable_turnover_ratio": 2.58,
        "latest_inventory_turnover_ratio": 1.71,
        "latest_reinvestment_rate": 60.89,
        "latest_research_to_sale_ratio": 0
    },
    "eps_dividends": {
        "1999": {
            "cash": 0,
            "stock": 0,
            "eps": 0
        },
        "2000": {
            "cash": 1,
            "stock": 1,
            "eps": 0
        },
        "2001": {
            "cash": 1,
            "stock": 0,
            "eps": 0.41
        },
        "2002": {
            "cash": 1,
            "stock": 1,
            "eps": 0.81
        },
        "2003": {
            "cash": 0,
            "stock": 1,
            "eps": -0.01
        },
        "2004": {
            "cash": 0,
            "stock": 0,
            "eps": 3.02
        },
        "2005": {
            "cash": 0,
            "stock": 1,
            "eps": -1.68
        },
        "2006": {
            "cash": 0,
            "stock": 0,
            "eps": 5.85
        },
        "2007": {
            "cash": 2,
            "stock": 0,
            "eps": 0.45
        },
        "2008": {
            "cash": 0,
            "stock": 0,
            "eps": -1.51
        },
        "2009": {
            "cash": 0,
            "stock": 0,
            "eps": 0.24
        },
        "2010": {
            "cash": 0,
            "stock": 0,
            "eps": 0.8
        },
        "2011": {
            "cash": 0,
            "stock": 0,
            "eps": -0.26
        },
        "2012": {
            "cash": 0,
            "stock": 0,
            "eps": 0.02
        },
        "2013": {
            "cash": 0,
            "stock": 0,
            "eps": -0.45
        },
        "2014": {
            "cash": 0,
            "stock": 0,
            "eps": 0.93
        },
        "2015": {
            "cash": 0,
            "stock": 0,
            "eps": -1.2
        },
        "2016": {
            "cash": 0,
            "stock": 0,
            "eps": 1.98
        },
        "2017": {
            "cash": 1,
            "stock": 0,
            "eps": 0.76
        },
        "2018": {
            "cash": 0,
            "stock": 0,
            "eps": -0.51
        },
        "2019": {
            "cash": 0,
            "stock": 0,
            "eps": 0.09
        },
        "2020": {
            "cash": 0,
            "stock": 0,
            "eps": 1.06
        },
        "2021": {
            "cash": 0,
            "stock": 0,
            "eps": 3.15
        },
        "2022": {
            "cash": 1,
            "stock": 0,
            "eps": 2.05
        },
        "2023": {
            "cash": 1,
            "stock": 0,
            "eps": -0.03
        }
    },
    "dividends": {
        "1999-06-05": {
            "cash": 0.3,
            "stock": 0
        },
        "2000-04-08": {
            "cash": 0.5,
            "stock": 1
        },
        "2001-06-04": {
            "cash": 1,
            "stock": 0
        },
        "2002-06-25": {
            "cash": 1,
            "stock": 1
        },
        "2003-06-26": {
            "cash": 0,
            "stock": 1
        },
        "2004-06-18": {
            "cash": 0.37,
            "stock": 0.37
        },
        "2005-06-27": {
            "cash": 0.49,
            "stock": 1
        },
        "2006-04-28": {
            "cash": 0,
            "stock": 0.31
        },
        "2007-04-24": {
            "cash": 2,
            "stock": 0.2
        },
        "2008-04-28": {
            "cash": 0.4,
            "stock": 0.35
        },
        "2009-05-08": {
            "cash": 0,
            "stock": 0.3
        },
        "2010-05-14": {
            "cash": 0.1,
            "stock": 0.3
        },
        "2011-05-03": {
            "cash": 0.2,
            "stock": 0.4
        },
        "2012-06-20": {
            "cash": 0.1,
            "stock": 0.2
        },
        "2013-06-13": {
            "cash": 0.3,
            "stock": 0
        },
        "2014-10-09": {
            "cash": 0.15,
            "stock": 0
        },
        "2015-09-22": {
            "cash": 0.45,
            "stock": 0
        },
        "2017-10-06": {
            "cash": 0.8,
            "stock": 0
        },
        "2018-10-25": {
            "cash": 0.3,
            "stock": 0
        },
        "2022-08-26": {
            "cash": 1.2,
            "stock": 0
        },
        "2023-05-08": {
            "cash": 0.8,
            "stock": 0
        }
    },
    "prices": {
        "200101": "無",
        "200102": "11.88",
        "200103": "11.56",
        "200104": "10.32",
        "200105": "7.53",
        "200106": "7.72",
        "200107": "7.10",
        "200108": "6.10",
        "200109": "6.06",
        "200110": "6.02",
        "200111": "5.81",
        "200112": "5.73",
        "200201": "5.78",
        "200202": "6.33",
        "200203": "7.64",
        "200204": "9.45",
        "200205": "10.07",
        "200206": "11.47",
        "200207": "11.56",
        "200208": "16.49",
        "200209": "13.08",
        "200210": "10.75",
        "200211": "12.41",
        "200212": "11.20",
        "200301": "10.83",
        "200302": "11.12",
        "200303": "10.60",
        "200304": "10.81",
        "200305": "9.70",
        "200306": "9.89",
        "200307": "9.56",
        "200308": "9.40",
        "200309": "8.72",
        "200310": "8.96",
        "200311": "8.62",
        "200312": "8.95",
        "200401": "11.20",
        "200402": "14.07",
        "200403": "25.62",
        "200404": "26.45",
        "200405": "20.22",
        "200406": "20.69",
        "200407": "21.11",
        "200408": "19.84",
        "200409": "23.64",
        "200410": "24.86",
        "200411": "21.49",
        "200412": "20.84",
        "200501": "20.46",
        "200502": "24.95",
        "200503": "22.62",
        "200504": "18.93",
        "200505": "16.02",
        "200506": "16.45",
        "200507": "14.38",
        "200508": "12.75",
        "200509": "12.35",
        "200510": "9.23",
        "200511": "7.51",
        "200512": "7.35",
        "200601": "7.75",
        "200602": "8.70",
        "200603": "8.01",
        "200604": "10.96",
        "200605": "14.13",
        "200606": "11.80",
        "200607": "15.64",
        "200608": "18.44",
        "200609": "20.41",
        "200610": "28.13",
        "200611": "27.78",
        "200612": "26.98",
        "200701": "28.64",
        "200702": "27.53",
        "200703": "26.99",
        "200704": "29.71",
        "200705": "28.84",
        "200706": "27.66",
        "200707": "27.53",
        "200708": "21.12",
        "200709": "21.93",
        "200710": "20.65",
        "200711": "17.20",
        "200712": "14.18",
        "200801": "13.39",
        "200802": "13.75",
        "200803": "16.37",
        "200804": "15.75",
        "200805": "14.50",
        "200806": "12.53",
        "200807": "9.81",
        "200808": "8.73",
        "200809": "7.36",
        "200810": "5.60",
        "200811": "5.35",
        "200812": "5.69",
        "200901": "6.27",
        "200902": "5.90",
        "200903": "5.97",
        "200904": "8.97",
        "200905": "9.26",
        "200906": "11.31",
        "200907": "10.78",
        "200908": "11.71",
        "200909": "11.75",
        "200910": "11.60",
        "200911": "12.81",
        "200912": "13.67",
        "201001": "14.42",
        "201002": "12.45",
        "201003": "13.68",
        "201004": "15.01",
        "201005": "12.13",
        "201006": "10.94",
        "201007": "11.02",
        "201008": "11.75",
        "201009": "11.28",
        "201010": "11.26",
        "201011": "10.78",
        "201012": "10.71",
        "201101": "11.06",
        "201102": "11.88",
        "201103": "10.80",
        "201104": "10.93",
        "201105": "10.97",
        "201106": "10.69",
        "201107": "9.92",
        "201108": "9.62",
        "201109": "9.21",
        "201110": "8.91",
        "201111": "8.38",
        "201112": "7.23",
        "201201": "7.01",
        "201202": "8.28",
        "201203": "8.70",
        "201204": "8.11",
        "201205": "7.24",
        "201206": "6.96",
        "201207": "6.88",
        "201208": "6.82",
        "201209": "7.19",
        "201210": "7.73",
        "201211": "7.20",
        "201212": "7.13",
        "201301": "7.56",
        "201302": "7.27",
        "201303": "7.15",
        "201304": "7.28",
        "201305": "7.40",
        "201306": "7.30",
        "201307": "7.19",
        "201308": "7.12",
        "201309": "7.04",
        "201310": "6.89",
        "201311": "6.62",
        "201312": "6.57",
        "201401": "6.94",
        "201402": "6.97",
        "201403": "7.04",
        "201404": "7.47",
        "201405": "8.62",
        "201406": "8.09",
        "201407": "8.14",
        "201408": "10.45",
        "201409": "12.22",
        "201410": "11.53",
        "201411": "11.06",
        "201412": "10.85",
        "201501": "10.80",
        "201502": "10.42",
        "201503": "10.45",
        "201504": "10.13",
        "201505": "9.58",
        "201506": "8.83",
        "201507": "7.78",
        "201508": "6.94",
        "201509": "7.33",
        "201510": "8.36",
        "201511": "7.42",
        "201512": "6.89",
        "201601": "6.66",
        "201602": "7.11",
        "201603": "7.23",
        "201604": "7.03",
        "201605": "6.87",
        "201606": "6.85",
        "201607": "7.58",
        "201608": "7.27",
        "201609": "6.97",
        "201610": "7.11",
        "201611": "8.29",
        "201612": "9.26",
        "201701": "10.40",
        "201702": "14.08",
        "201703": "22.03",
        "201704": "20.39",
        "201705": "15.71",
        "201706": "16.03",
        "201707": "18.07",
        "201708": "17.40",
        "201709": "16.60",
        "201710": "17.54",
        "201711": "17.75",
        "201712": "16.69",
        "201801": "17.78",
        "201802": "16.26",
        "201803": "15.50",
        "201804": "13.26",
        "201805": "12.88",
        "201806": "13.28",
        "201807": "11.04",
        "201808": "10.85",
        "201809": "9.93",
        "201810": "8.70",
        "201811": "8.37",
        "201812": "8.99",
        "201901": "8.91",
        "201902": "9.18",
        "201903": "9.19",
        "201904": "8.70",
        "201905": "8.04",
        "201906": "7.54",
        "201907": "9.00",
        "201908": "8.81",
        "201909": "9.26",
        "201910": "9.09",
        "201911": "8.78",
        "201912": "9.07",
        "202001": "10.12",
        "202002": "9.12",
        "202003": "7.25",
        "202004": "7.92",
        "202005": "8.09",
        "202006": "8.21",
        "202007": "8.17",
        "202008": "8.34",
        "202009": "9.55",
        "202010": "8.97",
        "202011": "11.30",
        "202012": "14.27",
        "202101": "14.92",
        "202102": "19.12",
        "202103": "17.90",
        "202104": "19.37",
        "202105": "17.55",
        "202106": "18.50",
        "202107": "26.49",
        "202108": "23.65",
        "202109": "24.42",
        "202110": "21.04",
        "202111": "21.48",
        "202112": "21.96",
        "202201": "20.06",
        "202202": "20.13",
        "202203": "21.43",
        "202204": "21.57",
        "202205": "19.63",
        "202206": "18.89",
        "202207": "17.14",
        "202208": "17.32",
        "202209": "15.71",
        "202210": "13.08",
        "202211": "14.71",
        "202212": "17.12",
        "202301": "18.36",
        "202302": "18.11",
        "202303": "17.62",
        "202304": "16.71",
        "202305": "15.93"
    },
    "quarters": {
        "20011": {
            "year_quarter": 20011,
            "year": 2001,
            "quarter": 1,
            "eps": 0.07,
            "eps_growth_year": -92.05,
            "eps_4q": 1.16,
            "eps_4q_growth_year": null,
            "roe": 0.55,
            "roe_4q": 0.55,
            "gross_profit": 38354,
            "gross_margin": 7.6,
            "gross_margin_4q_avg": 7.6,
            "net_income": 3489,
            "revenue": 504814,
            "common_shares": 486759,
            "book_valuer_per_share": 13.15,
            "book_valuer_per_share_4q_avg": 13.15,
            "equity": 640198,
            "current_ratio": 124.09,
            "debt_ratio": 64.6,
            "inventory_turnover_ratio": 1.22,
            "account_receivable_turnover_ratio": null,
            "reinvestment_rate": null,
            "research_to_sale_ratio": null,
            "price_fair": 0,
            "eps_avg_yearly": 0,
            "eps_latest_yearly": 0,
            "eps_growth_yearly": 0
        },
        "20012": {
            "year_quarter": 20012,
            "year": 2001,
            "quarter": 2,
            "eps": 0.25,
            "eps_growth_year": -24.24,
            "eps_4q": 1.1,
            "eps_4q_growth_year": null,
            "roe": 1.88,
            "roe_4q": 2.4299999999999997,
            "gross_profit": 61595,
            "gross_margin": 9.79,
            "gross_margin_4q_avg": 8.7,
            "net_income": 12192,
            "revenue": 628964,
            "common_shares": 486759,
            "book_valuer_per_share": 13.54,
            "book_valuer_per_share_4q_avg": 13.35,
            "equity": 658971,
            "current_ratio": 114.74,
            "debt_ratio": 71.1,
            "inventory_turnover_ratio": 1.24,
            "account_receivable_turnover_ratio": null,
            "reinvestment_rate": null,
            "research_to_sale_ratio": null,
            "price_fair": 0,
            "eps_avg_yearly": 0,
            "eps_latest_yearly": 0,
            "eps_growth_yearly": 0
        },
        "20013": {
            "year_quarter": 20013,
            "year": 2001,
            "quarter": 3,
            "eps": 0.02,
            "eps_growth_year": -90.91,
            "eps_4q": 1,
            "eps_4q_growth_year": null,
            "roe": 0.14,
            "roe_4q": 2.5700000000000003,
            "gross_profit": 46245,
            "gross_margin": 7.85,
            "gross_margin_4q_avg": 8.41,
            "net_income": 872,
            "revenue": 588795,
            "common_shares": 486759,
            "book_valuer_per_share": 12.49,
            "book_valuer_per_share_4q_avg": 13.06,
            "equity": 608082,
            "current_ratio": 120.21,
            "debt_ratio": 68.56,
            "inventory_turnover_ratio": 1.2,
            "account_receivable_turnover_ratio": null,
            "reinvestment_rate": null,
            "research_to_sale_ratio": null,
            "price_fair": 0,
            "eps_avg_yearly": 0,
            "eps_latest_yearly": 0,
            "eps_growth_yearly": 0
        },
        "20014": {
            "year_quarter": 20014,
            "year": 2001,
            "quarter": 4,
            "eps": 0.07,
            "eps_growth_year": -87.5,
            "eps_4q": 0.43,
            "eps_4q_growth_year": -77.34,
            "roe": 0.52,
            "roe_4q": 3.09,
            "gross_profit": 24204,
            "gross_margin": 5.31,
            "gross_margin_4q_avg": 7.64,
            "net_income": 3177,
            "revenue": 455584,
            "common_shares": 486759,
            "book_valuer_per_share": 12.6,
            "book_valuer_per_share_4q_avg": 12.95,
            "equity": 613421,
            "current_ratio": 124.42,
            "debt_ratio": 63.47,
            "inventory_turnover_ratio": 1.36,
            "account_receivable_turnover_ratio": null,
            "reinvestment_rate": null,
            "research_to_sale_ratio": null,
            "price_fair": 0,
            "eps_avg_yearly": 0,
            "eps_latest_yearly": 0,
            "eps_growth_yearly": 0
        },
        "20021": {
            "year_quarter": 20021,
            "year": 2002,
            "quarter": 1,
            "eps": 0.13,
            "eps_growth_year": 85.71,
            "eps_4q": 0.47,
            "eps_4q_growth_year": -58.95,
            "roe": 0.99,
            "roe_4q": 3.53,
            "gross_profit": 57331,
            "gross_margin": 11.99,
            "gross_margin_4q_avg": 8.74,
            "net_income": 6133,
            "revenue": 478214,
            "common_shares": 486759,
            "book_valuer_per_share": 12.75,
            "book_valuer_per_share_4q_avg": 12.85,
            "equity": 620426,
            "current_ratio": 119.16,
            "debt_ratio": 68.06,
            "inventory_turnover_ratio": 1.06,
            "account_receivable_turnover_ratio": null,
            "reinvestment_rate": null,
            "research_to_sale_ratio": null,
            "price_fair": 18.2,
            "eps_avg_yearly": 0.52,
            "eps_latest_yearly": 0.52,
            "eps_growth_yearly": 342.86
        },
        "20022": {
            "year_quarter": 20022,
            "year": 2002,
            "quarter": 2,
            "eps": 0.57,
            "eps_growth_year": 128,
            "eps_4q": 0.78,
            "eps_4q_growth_year": -29.18,
            "roe": 4.56,
            "roe_4q": 6.21,
            "gross_profit": 83827,
            "gross_margin": 12.24,
            "gross_margin_4q_avg": 9.35,
            "net_income": 27694,
            "revenue": 684640,
            "common_shares": 486759,
            "book_valuer_per_share": 12.19,
            "book_valuer_per_share_4q_avg": 12.51,
            "equity": 593245,
            "current_ratio": 107.42,
            "debt_ratio": 70.33,
            "inventory_turnover_ratio": 1.29,
            "account_receivable_turnover_ratio": null,
            "reinvestment_rate": null,
            "research_to_sale_ratio": null,
            "price_fair": 49,
            "eps_avg_yearly": 1.4,
            "eps_latest_yearly": 2.28,
            "eps_growth_yearly": 848.35
        },
        "20023": {
            "year_quarter": 20023,
            "year": 2002,
            "quarter": 3,
            "eps": 0.45,
            "eps_growth_year": 2150,
            "eps_4q": 1.21,
            "eps_4q_growth_year": 20.36,
            "roe": 3.62,
            "roe_4q": 9.69,
            "gross_profit": 64312,
            "gross_margin": 11.23,
            "gross_margin_4q_avg": 10.19,
            "net_income": 21972,
            "revenue": 572595,
            "common_shares": 486759,
            "book_valuer_per_share": 12.75,
            "book_valuer_per_share_4q_avg": 12.57,
            "equity": 620616,
            "current_ratio": 107.67,
            "debt_ratio": 69.21,
            "inventory_turnover_ratio": 1.34,
            "account_receivable_turnover_ratio": null,
            "reinvestment_rate": null,
            "research_to_sale_ratio": null,
            "price_fair": 53.67,
            "eps_avg_yearly": 1.53,
            "eps_latest_yearly": 1.8,
            "eps_growth_yearly": 537.5
        },
        "20024": {
            "year_quarter": 20024,
            "year": 2002,
            "quarter": 4,
            "eps": -0.34,
            "eps_growth_year": -585.71,
            "eps_4q": 0.8,
            "eps_4q_growth_year": 84.03,
            "roe": -2.73,
            "roe_4q": 6.4399999999999995,
            "gross_profit": 17858,
            "gross_margin": 4.73,
            "gross_margin_4q_avg": 10.05,
            "net_income": -16701,
            "revenue": 377166,
            "common_shares": 486759,
            "book_valuer_per_share": 12.4,
            "book_valuer_per_share_4q_avg": 12.52,
            "equity": 603371,
            "current_ratio": 97.55,
            "debt_ratio": 66.34,
            "inventory_turnover_ratio": 1.22,
            "account_receivable_turnover_ratio": null,
            "reinvestment_rate": null,
            "research_to_sale_ratio": null,
            "price_fair": 53.67,
            "eps_avg_yearly": 1.53,
            "eps_latest_yearly": 1.8,
            "eps_growth_yearly": 537.5
        },
        "20031": {
            "year_quarter": 20031,
            "year": 2003,
            "quarter": 1,
            "eps": -0.59,
            "eps_growth_year": -553.85,
            "eps_4q": 0.09,
            "eps_4q_growth_year": -81.62,
            "roe": -4.9,
            "roe_4q": 0.5499999999999989,
            "gross_profit": 43720,
            "gross_margin": 10.15,
            "gross_margin_4q_avg": 9.59,
            "net_income": -28722,
            "revenue": 430692,
            "common_shares": 486759,
            "book_valuer_per_share": 11.7,
            "book_valuer_per_share_4q_avg": 12.26,
            "equity": 569605,
            "current_ratio": 101.28,
            "debt_ratio": 67.81,
            "inventory_turnover_ratio": 1.28,
            "account_receivable_turnover_ratio": null,
            "reinvestment_rate": null,
            "research_to_sale_ratio": null,
            "price_fair": 53.67,
            "eps_avg_yearly": 1.53,
            "eps_latest_yearly": 1.8,
            "eps_growth_yearly": 537.5
        },
        "20032": {
            "year_quarter": 20032,
            "year": 2003,
            "quarter": 2,
            "eps": 0.21,
            "eps_growth_year": -63.16,
            "eps_4q": -0.28,
            "eps_4q_growth_year": -136.28,
            "roe": 1.73,
            "roe_4q": -2.2800000000000002,
            "gross_profit": 40736,
            "gross_margin": 8.05,
            "gross_margin_4q_avg": 8.54,
            "net_income": 9992,
            "revenue": 506074,
            "common_shares": 486759,
            "book_valuer_per_share": 11.98,
            "book_valuer_per_share_4q_avg": 12.21,
            "equity": 583024,
            "current_ratio": 104.09,
            "debt_ratio": 68.03,
            "inventory_turnover_ratio": 1.47,
            "account_receivable_turnover_ratio": null,
            "reinvestment_rate": null,
            "research_to_sale_ratio": null,
            "price_fair": 53.67,
            "eps_avg_yearly": 1.53,
            "eps_latest_yearly": 1.8,
            "eps_growth_yearly": 537.5
        },
        "20033": {
            "year_quarter": 20033,
            "year": 2003,
            "quarter": 3,
            "eps": -0.1,
            "eps_growth_year": -122.22,
            "eps_4q": -0.76,
            "eps_4q_growth_year": -163.33,
            "roe": -0.96,
            "roe_4q": -6.860000000000001,
            "gross_profit": 14925,
            "gross_margin": 3.94,
            "gross_margin_4q_avg": 6.72,
            "net_income": -5527,
            "revenue": 378964,
            "common_shares": 535435,
            "book_valuer_per_share": 10.71,
            "book_valuer_per_share_4q_avg": 11.7,
            "equity": 573372,
            "current_ratio": 103.46,
            "debt_ratio": 65.62,
            "inventory_turnover_ratio": 1.38,
            "account_receivable_turnover_ratio": null,
            "reinvestment_rate": null,
            "research_to_sale_ratio": null,
            "price_fair": 53.67,
            "eps_avg_yearly": 1.53,
            "eps_latest_yearly": 1.8,
            "eps_growth_yearly": 537.5
        },
        "20034": {
            "year_quarter": 20034,
            "year": 2003,
            "quarter": 4,
            "eps": 0.47,
            "eps_growth_year": null,
            "eps_4q": 0.02,
            "eps_4q_growth_year": -98.01,
            "roe": 4.02,
            "roe_4q": -0.11000000000000121,
            "gross_profit": 52435,
            "gross_margin": 9.38,
            "gross_margin_4q_avg": 7.88,
            "net_income": 25108,
            "revenue": 558755,
            "common_shares": 535435,
            "book_valuer_per_share": 11.22,
            "book_valuer_per_share_4q_avg": 11.4,
            "equity": 674558,
            "current_ratio": 103.31,
            "debt_ratio": 71.2,
            "inventory_turnover_ratio": 1.07,
            "account_receivable_turnover_ratio": null,
            "reinvestment_rate": 141.67,
            "research_to_sale_ratio": null,
            "price_fair": 53.67,
            "eps_avg_yearly": 1.53,
            "eps_latest_yearly": 1.8,
            "eps_growth_yearly": 537.5
        },
        "20041": {
            "year_quarter": 20041,
            "year": 2004,
            "quarter": 1,
            "eps": 1.26,
            "eps_growth_year": null,
            "eps_4q": 1.81,
            "eps_4q_growth_year": 1977.36,
            "roe": 10.13,
            "roe_4q": 14.920000000000002,
            "gross_profit": 71352,
            "gross_margin": 14.99,
            "gross_margin_4q_avg": 9.09,
            "net_income": 67674,
            "revenue": 475899,
            "common_shares": 535435,
            "book_valuer_per_share": 12.35,
            "book_valuer_per_share_4q_avg": 11.57,
            "equity": 661114,
            "current_ratio": 110.16,
            "debt_ratio": 67.84,
            "inventory_turnover_ratio": 0.75,
            "account_receivable_turnover_ratio": null,
            "reinvestment_rate": -94.03,
            "research_to_sale_ratio": null,
            "price_fair": 84.35,
            "eps_avg_yearly": 2.41,
            "eps_latest_yearly": 5.04,
            "eps_growth_yearly": 571.21
        },
        "20042": {
            "year_quarter": 20042,
            "year": 2004,
            "quarter": 2,
            "eps": 0.77,
            "eps_growth_year": 266.67,
            "eps_4q": 2.4,
            "eps_4q_growth_year": null,
            "roe": 6.11,
            "roe_4q": 19.3,
            "gross_profit": 44202,
            "gross_margin": 7.13,
            "gross_margin_4q_avg": 8.86,
            "net_income": 41151,
            "revenue": 620238,
            "common_shares": 535435,
            "book_valuer_per_share": 12.8,
            "book_valuer_per_share_4q_avg": 11.77,
            "equity": 685451,
            "current_ratio": 106.29,
            "debt_ratio": 65.6,
            "inventory_turnover_ratio": 1.8,
            "account_receivable_turnover_ratio": null,
            "reinvestment_rate": -85.11,
            "research_to_sale_ratio": null,
            "price_fair": 89.04,
            "eps_avg_yearly": 2.54,
            "eps_latest_yearly": 3.08,
            "eps_growth_yearly": 425.86
        },
        "20043": {
            "year_quarter": 20043,
            "year": 2004,
            "quarter": 3,
            "eps": 0.88,
            "eps_growth_year": null,
            "eps_4q": 3.39,
            "eps_4q_growth_year": null,
            "roe": 6.64,
            "roe_4q": 26.900000000000002,
            "gross_profit": 27970,
            "gross_margin": 7.08,
            "gross_margin_4q_avg": 9.65,
            "net_income": 47038,
            "revenue": 395225,
            "common_shares": 535435,
            "book_valuer_per_share": 13.68,
            "book_valuer_per_share_4q_avg": 12.51,
            "equity": 732355,
            "current_ratio": 102.9,
            "debt_ratio": 60.75,
            "inventory_turnover_ratio": 1.51,
            "account_receivable_turnover_ratio": null,
            "reinvestment_rate": -80.64,
            "research_to_sale_ratio": null,
            "price_fair": 94.73,
            "eps_avg_yearly": 2.71,
            "eps_latest_yearly": 3.52,
            "eps_growth_yearly": 364.4
        },
        "20044": {
            "year_quarter": 20044,
            "year": 2004,
            "quarter": 4,
            "eps": 0.11,
            "eps_growth_year": -76.6,
            "eps_4q": 3,
            "eps_4q_growth_year": 18743.11,
            "roe": 0.79,
            "roe_4q": 23.67,
            "gross_profit": 35080,
            "gross_margin": 7.82,
            "gross_margin_4q_avg": 9.26,
            "net_income": 5929,
            "revenue": 448773,
            "common_shares": 557540,
            "book_valuer_per_share": 13.74,
            "book_valuer_per_share_4q_avg": 13.14,
            "equity": 766331,
            "current_ratio": 178.81,
            "debt_ratio": 66.12,
            "inventory_turnover_ratio": 0.95,
            "account_receivable_turnover_ratio": null,
            "reinvestment_rate": 59.88,
            "research_to_sale_ratio": null,
            "price_fair": 83.4,
            "eps_avg_yearly": 2.38,
            "eps_latest_yearly": 0.44,
            "eps_growth_yearly": 262.35
        },
        "20051": {
            "year_quarter": 20051,
            "year": 2005,
            "quarter": 1,
            "eps": 0.53,
            "eps_growth_year": -57.94,
            "eps_4q": 2.1,
            "eps_4q_growth_year": 15.84,
            "roe": 3.8,
            "roe_4q": 17.34,
            "gross_profit": 30165,
            "gross_margin": 6.67,
            "gross_margin_4q_avg": 7.18,
            "net_income": 31823,
            "revenue": 452182,
            "common_shares": 602397,
            "book_valuer_per_share": 15.05,
            "book_valuer_per_share_4q_avg": 13.82,
            "equity": 906858,
            "current_ratio": 155.06,
            "debt_ratio": 62.92,
            "inventory_turnover_ratio": 0.74,
            "account_receivable_turnover_ratio": null,
            "reinvestment_rate": -80,
            "research_to_sale_ratio": null,
            "price_fair": 82.25,
            "eps_avg_yearly": 2.35,
            "eps_latest_yearly": 2.12,
            "eps_growth_yearly": 420.46
        },
        "20052": {
            "year_quarter": 20052,
            "year": 2005,
            "quarter": 2,
            "eps": -0.02,
            "eps_growth_year": -102.6,
            "eps_4q": 1.39,
            "eps_4q_growth_year": -42.32,
            "roe": -0.15,
            "roe_4q": 11.079999999999998,
            "gross_profit": 10982,
            "gross_margin": 1.91,
            "gross_margin_4q_avg": 5.87,
            "net_income": -1308,
            "revenue": 575006,
            "common_shares": 602397,
            "book_valuer_per_share": 14.4,
            "book_valuer_per_share_4q_avg": 14.22,
            "equity": 867368,
            "current_ratio": 139,
            "debt_ratio": 62.65,
            "inventory_turnover_ratio": 1.27,
            "account_receivable_turnover_ratio": null,
            "reinvestment_rate": -101.2,
            "research_to_sale_ratio": null,
            "price_fair": 82.25,
            "eps_avg_yearly": 2.35,
            "eps_latest_yearly": 2.12,
            "eps_growth_yearly": 420.46
        },
        "20053": {
            "year_quarter": 20053,
            "year": 2005,
            "quarter": 3,
            "eps": -0.99,
            "eps_growth_year": -212.5,
            "eps_4q": -0.38,
            "eps_4q_growth_year": -111.29,
            "roe": -6.91,
            "roe_4q": -2.4700000000000006,
            "gross_profit": -27766,
            "gross_margin": -5.29,
            "gross_margin_4q_avg": 2.78,
            "net_income": -59472,
            "revenue": 524977,
            "common_shares": 602397,
            "book_valuer_per_share": 14.16,
            "book_valuer_per_share_4q_avg": 14.34,
            "equity": 853216,
            "current_ratio": 125.44,
            "debt_ratio": 60.37,
            "inventory_turnover_ratio": 1.73,
            "account_receivable_turnover_ratio": null,
            "reinvestment_rate": -144.25,
            "research_to_sale_ratio": null,
            "price_fair": 82.25,
            "eps_avg_yearly": 2.35,
            "eps_latest_yearly": 2.12,
            "eps_growth_yearly": 420.46
        },
        "20054": {
            "year_quarter": 20054,
            "year": 2005,
            "quarter": 4,
            "eps": -1.2,
            "eps_growth_year": -1190.91,
            "eps_4q": -1.5,
            "eps_4q_growth_year": -149.9,
            "roe": -9.43,
            "roe_4q": -12.689999999999998,
            "gross_profit": -9737,
            "gross_margin": -1.85,
            "gross_margin_4q_avg": 0.36,
            "net_income": -79261,
            "revenue": 526230,
            "common_shares": 662637,
            "book_valuer_per_share": 11.57,
            "book_valuer_per_share_4q_avg": 13.8,
            "equity": 827983,
            "current_ratio": 156.34,
            "debt_ratio": 74.42,
            "inventory_turnover_ratio": 1.14,
            "account_receivable_turnover_ratio": null,
            "reinvestment_rate": 427.84,
            "research_to_sale_ratio": null,
            "price_fair": 82.25,
            "eps_avg_yearly": 2.35,
            "eps_latest_yearly": 2.12,
            "eps_growth_yearly": 420.46
        },
        "20061": {
            "year_quarter": 20061,
            "year": 2006,
            "quarter": 1,
            "eps": 0.24,
            "eps_growth_year": -54.72,
            "eps_4q": -1.88,
            "eps_4q_growth_year": -189.61,
            "roe": 1.97,
            "roe_4q": -14.520000000000001,
            "gross_profit": 11749,
            "gross_margin": 3.61,
            "gross_margin_4q_avg": -0.41,
            "net_income": 15857,
            "revenue": 325363,
            "common_shares": 662637,
            "book_valuer_per_share": 11.77,
            "book_valuer_per_share_4q_avg": 12.98,
            "equity": 779935,
            "current_ratio": 121.84,
            "debt_ratio": 60.58,
            "inventory_turnover_ratio": 0.65,
            "account_receivable_turnover_ratio": null,
            "reinvestment_rate": -250.41,
            "research_to_sale_ratio": null,
            "price_fair": 91.4,
            "eps_avg_yearly": 2.61,
            "eps_latest_yearly": 2.12,
            "eps_growth_yearly": 431.55
        },
        "20062": {
            "year_quarter": 20062,
            "year": 2006,
            "quarter": 2,
            "eps": 2.44,
            "eps_growth_year": null,
            "eps_4q": 0.59,
            "eps_4q_growth_year": -57.54,
            "roe": 18.85,
            "roe_4q": 4.48,
            "gross_profit": 102094,
            "gross_margin": 15.08,
            "gross_margin_4q_avg": 2.89,
            "net_income": 161925,
            "revenue": 676794,
            "common_shares": 662637,
            "book_valuer_per_share": 14.15,
            "book_valuer_per_share_4q_avg": 12.91,
            "equity": 937729,
            "current_ratio": 134.76,
            "debt_ratio": 56.15,
            "inventory_turnover_ratio": 2.27,
            "account_receivable_turnover_ratio": null,
            "reinvestment_rate": -112.89,
            "research_to_sale_ratio": null,
            "price_fair": 128.8,
            "eps_avg_yearly": 3.68,
            "eps_latest_yearly": 9.76,
            "eps_growth_yearly": 761.95
        },
        "20063": {
            "year_quarter": 20063,
            "year": 2006,
            "quarter": 3,
            "eps": 2.53,
            "eps_growth_year": null,
            "eps_4q": 4.02,
            "eps_4q_growth_year": null,
            "roe": 14.61,
            "roe_4q": 26,
            "gross_profit": 118878,
            "gross_margin": 15.75,
            "gross_margin_4q_avg": 8.15,
            "net_income": 167478,
            "revenue": 754572,
            "common_shares": 778803,
            "book_valuer_per_share": 17.4,
            "book_valuer_per_share_4q_avg": 13.72,
            "equity": 1354878,
            "current_ratio": 137.42,
            "debt_ratio": 45.58,
            "inventory_turnover_ratio": 2.72,
            "account_receivable_turnover_ratio": null,
            "reinvestment_rate": -69.51,
            "research_to_sale_ratio": null,
            "price_fair": 170.4,
            "eps_avg_yearly": 4.87,
            "eps_latest_yearly": 10.12,
            "eps_growth_yearly": 776.09
        },
        "20064": {
            "year_quarter": 20064,
            "year": 2006,
            "quarter": 4,
            "eps": 0.64,
            "eps_growth_year": null,
            "eps_4q": 5.34,
            "eps_4q_growth_year": null,
            "roe": 2.75,
            "roe_4q": 38.18,
            "gross_profit": 67020,
            "gross_margin": 10.26,
            "gross_margin_4q_avg": 11.18,
            "net_income": 47010,
            "revenue": 653377,
            "common_shares": 1126737,
            "book_valuer_per_share": 17.26,
            "book_valuer_per_share_4q_avg": 15.15,
            "equity": 2065224,
            "current_ratio": 143.37,
            "debt_ratio": 55.15,
            "inventory_turnover_ratio": 0.82,
            "account_receivable_turnover_ratio": null,
            "reinvestment_rate": 105.37,
            "research_to_sale_ratio": null,
            "price_fair": 160.3,
            "eps_avg_yearly": 4.58,
            "eps_latest_yearly": 2.56,
            "eps_growth_yearly": 641.73
        },
        "20071": {
            "year_quarter": 20071,
            "year": 2007,
            "quarter": 1,
            "eps": 0.93,
            "eps_growth_year": 287.5,
            "eps_4q": 4.26,
            "eps_4q_growth_year": null,
            "roe": 5.07,
            "roe_4q": 41.28,
            "gross_profit": 91650,
            "gross_margin": 7.91,
            "gross_margin_4q_avg": 12.25,
            "net_income": 105242,
            "revenue": 1158541,
            "common_shares": 1126737,
            "book_valuer_per_share": 18.54,
            "book_valuer_per_share_4q_avg": 16.84,
            "equity": 2089019,
            "current_ratio": 164.18,
            "debt_ratio": 36.32,
            "inventory_turnover_ratio": 1.33,
            "account_receivable_turnover_ratio": null,
            "reinvestment_rate": -9.94,
            "research_to_sale_ratio": null,
            "price_fair": 156.96,
            "eps_avg_yearly": 4.48,
            "eps_latest_yearly": 3.72,
            "eps_growth_yearly": 590.56
        },
        "20072": {
            "year_quarter": 20072,
            "year": 2007,
            "quarter": 2,
            "eps": 1.03,
            "eps_growth_year": -57.79,
            "eps_4q": 3.87,
            "eps_4q_growth_year": 557.61,
            "roe": 5.67,
            "roe_4q": 28.1,
            "gross_profit": 98669,
            "gross_margin": 10.87,
            "gross_margin_4q_avg": 11.2,
            "net_income": 115979,
            "revenue": 908029,
            "common_shares": 1126737,
            "book_valuer_per_share": 17.74,
            "book_valuer_per_share_4q_avg": 17.74,
            "equity": 1999134,
            "current_ratio": 112.96,
            "debt_ratio": 46.17,
            "inventory_turnover_ratio": 1.34,
            "account_receivable_turnover_ratio": null,
            "reinvestment_rate": -6.35,
            "research_to_sale_ratio": null,
            "price_fair": 155.68,
            "eps_avg_yearly": 4.45,
            "eps_latest_yearly": 4.12,
            "eps_growth_yearly": 535.81
        },
        "20073": {
            "year_quarter": 20073,
            "year": 2007,
            "quarter": 3,
            "eps": -1.3,
            "eps_growth_year": -151.38,
            "eps_4q": 1.01,
            "eps_4q_growth_year": -74.91,
            "roe": -7.85,
            "roe_4q": 5.640000000000001,
            "gross_profit": -61283,
            "gross_margin": -8.12,
            "gross_margin_4q_avg": 5.23,
            "net_income": -150847,
            "revenue": 754370,
            "common_shares": 1164272,
            "book_valuer_per_share": 15.82,
            "book_valuer_per_share_4q_avg": 17.34,
            "equity": 1842457,
            "current_ratio": 109.24,
            "debt_ratio": 40.49,
            "inventory_turnover_ratio": 1.38,
            "account_receivable_turnover_ratio": null,
            "reinvestment_rate": -8.65,
            "research_to_sale_ratio": null,
            "price_fair": 155.68,
            "eps_avg_yearly": 4.45,
            "eps_latest_yearly": 4.12,
            "eps_growth_yearly": 535.81
        },
        "20074": {
            "year_quarter": 20074,
            "year": 2007,
            "quarter": 4,
            "eps": -0.21,
            "eps_growth_year": -132.81,
            "eps_4q": 0.82,
            "eps_4q_growth_year": -84.68,
            "roe": -1.18,
            "roe_4q": 1.7100000000000009,
            "gross_profit": 5262,
            "gross_margin": 0.75,
            "gross_margin_4q_avg": 2.85,
            "net_income": -24079,
            "revenue": 697595,
            "common_shares": 1164272,
            "book_valuer_per_share": 15.89,
            "book_valuer_per_share_4q_avg": 17,
            "equity": 2233386,
            "current_ratio": 112.16,
            "debt_ratio": 65.54,
            "inventory_turnover_ratio": 0.64,
            "account_receivable_turnover_ratio": null,
            "reinvestment_rate": 241.44,
            "research_to_sale_ratio": null,
            "price_fair": 155.68,
            "eps_avg_yearly": 4.45,
            "eps_latest_yearly": 4.12,
            "eps_growth_yearly": 535.81
        },
        "20081": {
            "year_quarter": 20081,
            "year": 2008,
            "quarter": 1,
            "eps": -0.1,
            "eps_growth_year": -110.75,
            "eps_4q": -0.45,
            "eps_4q_growth_year": -110.61,
            "roe": -0.72,
            "roe_4q": -4.08,
            "gross_profit": 71049,
            "gross_margin": 3.58,
            "gross_margin_4q_avg": 1.77,
            "net_income": -15691,
            "revenue": 1985275,
            "common_shares": 1164272,
            "book_valuer_per_share": 15.22,
            "book_valuer_per_share_4q_avg": 16.17,
            "equity": 2145454,
            "current_ratio": 108.85,
            "debt_ratio": 67.03,
            "inventory_turnover_ratio": 1.09,
            "account_receivable_turnover_ratio": null,
            "reinvestment_rate": 359.71,
            "research_to_sale_ratio": null,
            "price_fair": 153.38,
            "eps_avg_yearly": 4.38,
            "eps_latest_yearly": 4.12,
            "eps_growth_yearly": 520.64
        },
        "20082": {
            "year_quarter": 20082,
            "year": 2008,
            "quarter": 2,
            "eps": -0.33,
            "eps_growth_year": -132.04,
            "eps_4q": -1.94,
            "eps_4q_growth_year": -150.07,
            "roe": -2.48,
            "roe_4q": -12.23,
            "gross_profit": 68728,
            "gross_margin": 3.07,
            "gross_margin_4q_avg": -0.18,
            "net_income": -52384,
            "revenue": 2237979,
            "common_shares": 1164272,
            "book_valuer_per_share": 14.58,
            "book_valuer_per_share_4q_avg": 15.38,
            "equity": 2082355,
            "current_ratio": 95.94,
            "debt_ratio": 66.36,
            "inventory_turnover_ratio": 1.42,
            "account_receivable_turnover_ratio": null,
            "reinvestment_rate": 568.05,
            "research_to_sale_ratio": null,
            "price_fair": 159.08,
            "eps_avg_yearly": 4.55,
            "eps_latest_yearly": 4.12,
            "eps_growth_yearly": 605.16
        },
        "20083": {
            "year_quarter": 20083,
            "year": 2008,
            "quarter": 3,
            "eps": -0.04,
            "eps_growth_year": null,
            "eps_4q": -0.68,
            "eps_4q_growth_year": -167.92,
            "roe": -0.54,
            "roe_4q": -4.92,
            "gross_profit": 88880,
            "gross_margin": 3.91,
            "gross_margin_4q_avg": 2.83,
            "net_income": -11541,
            "revenue": 2272640,
            "common_shares": 1164272,
            "book_valuer_per_share": 15.28,
            "book_valuer_per_share_4q_avg": 15.24,
            "equity": 2202867,
            "current_ratio": 96.25,
            "debt_ratio": 59.91,
            "inventory_turnover_ratio": 1.83,
            "account_receivable_turnover_ratio": null,
            "reinvestment_rate": 709.12,
            "research_to_sale_ratio": null,
            "price_fair": 164.2,
            "eps_avg_yearly": 4.69,
            "eps_latest_yearly": 4.12,
            "eps_growth_yearly": 683.45
        },
        "20084": {
            "year_quarter": 20084,
            "year": 2008,
            "quarter": 4,
            "eps": -1.04,
            "eps_growth_year": null,
            "eps_4q": -1.06,
            "eps_4q_growth_year": -229.28,
            "roe": -8.18,
            "roe_4q": -11.92,
            "gross_profit": -104057,
            "gross_margin": -7.46,
            "gross_margin_4q_avg": 0.78,
            "net_income": -176969,
            "revenue": 1394841,
            "common_shares": 1205022,
            "book_valuer_per_share": 14.02,
            "book_valuer_per_share_4q_avg": 14.78,
            "equity": 2125973,
            "current_ratio": 82.2,
            "debt_ratio": 55.6,
            "inventory_turnover_ratio": 1.76,
            "account_receivable_turnover_ratio": 4.78,
            "reinvestment_rate": 2406.49,
            "research_to_sale_ratio": null,
            "price_fair": 189,
            "eps_avg_yearly": 5.4,
            "eps_latest_yearly": 4.12,
            "eps_growth_yearly": 855.69
        },
        "20091": {
            "year_quarter": 20091,
            "year": 2009,
            "quarter": 1,
            "eps": -0.6,
            "eps_growth_year": null,
            "eps_4q": -2.01,
            "eps_4q_growth_year": null,
            "roe": -4.96,
            "roe_4q": -16.16,
            "gross_profit": -40685,
            "gross_margin": -4.03,
            "gross_margin_4q_avg": -1.13,
            "net_income": -104152,
            "revenue": 1009941,
            "common_shares": 1205022,
            "book_valuer_per_share": 13.74,
            "book_valuer_per_share_4q_avg": 14.41,
            "equity": 2073691,
            "current_ratio": 79.15,
            "debt_ratio": 54.72,
            "inventory_turnover_ratio": 1.61,
            "account_receivable_turnover_ratio": 2.06,
            "reinvestment_rate": null,
            "research_to_sale_ratio": null,
            "price_fair": 211.96,
            "eps_avg_yearly": 6.06,
            "eps_latest_yearly": 4.12,
            "eps_growth_yearly": 721.37
        },
        "20092": {
            "year_quarter": 20092,
            "year": 2009,
            "quarter": 2,
            "eps": 0.09,
            "eps_growth_year": null,
            "eps_4q": -24.79,
            "eps_4q_growth_year": null,
            "roe": 0.03,
            "roe_4q": -13.649999999999999,
            "gross_profit": 101810,
            "gross_margin": 5.62,
            "gross_margin_4q_avg": -0.49,
            "net_income": 698,
            "revenue": 1813173,
            "common_shares": 1205022,
            "book_valuer_per_share": 14.23,
            "book_valuer_per_share_4q_avg": 14.32,
            "equity": 2319086,
            "current_ratio": 87.9,
            "debt_ratio": 55.6,
            "inventory_turnover_ratio": 1.98,
            "account_receivable_turnover_ratio": 4.1,
            "reinvestment_rate": null,
            "research_to_sale_ratio": null,
            "price_fair": 211.96,
            "eps_avg_yearly": 6.06,
            "eps_latest_yearly": 4.12,
            "eps_growth_yearly": 721.37
        },
        "20093": {
            "year_quarter": 20093,
            "year": 2009,
            "quarter": 3,
            "eps": 1.13,
            "eps_growth_year": null,
            "eps_4q": -0.31,
            "eps_4q_growth_year": null,
            "roe": 7.26,
            "roe_4q": -5.85,
            "gross_profit": 284227,
            "gross_margin": 9.57,
            "gross_margin_4q_avg": 0.93,
            "net_income": 171768,
            "revenue": 2968901,
            "common_shares": 1241173,
            "book_valuer_per_share": 14.45,
            "book_valuer_per_share_4q_avg": 14.11,
            "equity": 2414430,
            "current_ratio": 97.65,
            "debt_ratio": 61.45,
            "inventory_turnover_ratio": 2.22,
            "account_receivable_turnover_ratio": 4.79,
            "reinvestment_rate": 926.65,
            "research_to_sale_ratio": null,
            "price_fair": 203,
            "eps_avg_yearly": 5.8,
            "eps_latest_yearly": 4.52,
            "eps_growth_yearly": 1371.51
        },
        "20094": {
            "year_quarter": 20094,
            "year": 2009,
            "quarter": 4,
            "eps": -0.38,
            "eps_growth_year": null,
            "eps_4q": 0.25,
            "eps_4q_growth_year": null,
            "roe": -2.48,
            "roe_4q": -0.15000000000000036,
            "gross_profit": 103290,
            "gross_margin": 3.28,
            "gross_margin_4q_avg": 3.61,
            "net_income": -57569,
            "revenue": 3149171,
            "common_shares": 1241173,
            "book_valuer_per_share": 14.06,
            "book_valuer_per_share_4q_avg": 14.12,
            "equity": 2231731,
            "current_ratio": 96.75,
            "debt_ratio": 63,
            "inventory_turnover_ratio": 2.41,
            "account_receivable_turnover_ratio": 8.57,
            "reinvestment_rate": 621.66,
            "research_to_sale_ratio": null,
            "price_fair": 203,
            "eps_avg_yearly": 5.8,
            "eps_latest_yearly": 4.52,
            "eps_growth_yearly": 1371.51
        },
        "20101": {
            "year_quarter": 20101,
            "year": 2010,
            "quarter": 1,
            "eps": 0.23,
            "eps_growth_year": null,
            "eps_4q": 1.07,
            "eps_4q_growth_year": null,
            "roe": 1.69,
            "roe_4q": 6.5,
            "gross_profit": 171455,
            "gross_margin": 5.5,
            "gross_margin_4q_avg": 5.99,
            "net_income": 37995,
            "revenue": 3115697,
            "common_shares": 1241173,
            "book_valuer_per_share": 14.3,
            "book_valuer_per_share_4q_avg": 14.26,
            "equity": 2268463,
            "current_ratio": 99.73,
            "debt_ratio": 66.23,
            "inventory_turnover_ratio": 2.04,
            "account_receivable_turnover_ratio": 3.94,
            "reinvestment_rate": 798.92,
            "research_to_sale_ratio": 0.02,
            "price_fair": 203,
            "eps_avg_yearly": 5.8,
            "eps_latest_yearly": 4.52,
            "eps_growth_yearly": 1371.51
        },
        "20102": {
            "year_quarter": 20102,
            "year": 2010,
            "quarter": 2,
            "eps": 0.07,
            "eps_growth_year": -18.55,
            "eps_4q": 1.02,
            "eps_4q_growth_year": null,
            "roe": 0.52,
            "roe_4q": 6.99,
            "gross_profit": 137087,
            "gross_margin": 3.02,
            "gross_margin_4q_avg": 5.34,
            "net_income": 11806,
            "revenue": 4544217,
            "common_shares": 1241173,
            "book_valuer_per_share": 14.54,
            "book_valuer_per_share_4q_avg": 14.34,
            "equity": 2309090,
            "current_ratio": 100.77,
            "debt_ratio": 65.88,
            "inventory_turnover_ratio": 2.66,
            "account_receivable_turnover_ratio": 4.6,
            "reinvestment_rate": 2553.56,
            "research_to_sale_ratio": 0.01,
            "price_fair": 147.7,
            "eps_avg_yearly": 4.22,
            "eps_latest_yearly": 0.28,
            "eps_growth_yearly": 714.03
        },
        "20103": {
            "year_quarter": 20103,
            "year": 2010,
            "quarter": 3,
            "eps": 0.13,
            "eps_growth_year": -88.19,
            "eps_4q": 0.06,
            "eps_4q_growth_year": null,
            "roe": 1.16,
            "roe_4q": 0.8900000000000001,
            "gross_profit": 132096,
            "gross_margin": 3.65,
            "gross_margin_4q_avg": 3.86,
            "net_income": 26713,
            "revenue": 3616547,
            "common_shares": 1277830,
            "book_valuer_per_share": 14.03,
            "book_valuer_per_share_4q_avg": 14.23,
            "equity": 2298743,
            "current_ratio": 102.16,
            "debt_ratio": 64.4,
            "inventory_turnover_ratio": 2.21,
            "account_receivable_turnover_ratio": 3.35,
            "reinvestment_rate": null,
            "research_to_sale_ratio": 0.01,
            "price_fair": 91.7,
            "eps_avg_yearly": 2.62,
            "eps_latest_yearly": 0.52,
            "eps_growth_yearly": 768.71
        },
        "20104": {
            "year_quarter": 20104,
            "year": 2010,
            "quarter": 4,
            "eps": 0.37,
            "eps_growth_year": null,
            "eps_4q": 0.79,
            "eps_4q_growth_year": 209.23,
            "roe": 3.01,
            "roe_4q": 6.379999999999999,
            "gross_profit": 198977,
            "gross_margin": 5.62,
            "gross_margin_4q_avg": 4.45,
            "net_income": 68729,
            "revenue": 3540826,
            "common_shares": 1277830,
            "book_valuer_per_share": 13.81,
            "book_valuer_per_share_4q_avg": 14.17,
            "equity": 2264794,
            "current_ratio": 103.08,
            "debt_ratio": 66.54,
            "inventory_turnover_ratio": 1.97,
            "account_receivable_turnover_ratio": 3.36,
            "reinvestment_rate": null,
            "research_to_sale_ratio": 0.02,
            "price_fair": 85.4,
            "eps_avg_yearly": 2.44,
            "eps_latest_yearly": 1.48,
            "eps_growth_yearly": 941.59
        },
        "20111": {
            "year_quarter": 20111,
            "year": 2011,
            "quarter": 1,
            "eps": 0.33,
            "eps_growth_year": 43.48,
            "eps_4q": 0.79,
            "eps_4q_growth_year": -26.11,
            "roe": 3.09,
            "roe_4q": 7.779999999999999,
            "gross_profit": 224837,
            "gross_margin": 6.11,
            "gross_margin_4q_avg": 4.6,
            "net_income": 76002,
            "revenue": 3679229,
            "common_shares": 1577829,
            "book_valuer_per_share": 13.39,
            "book_valuer_per_share_4q_avg": 13.94,
            "equity": 2647917,
            "current_ratio": 110.97,
            "debt_ratio": 65.83,
            "inventory_turnover_ratio": 1.54,
            "account_receivable_turnover_ratio": 3.44,
            "reinvestment_rate": null,
            "research_to_sale_ratio": 0.01,
            "price_fair": 71.4,
            "eps_avg_yearly": 2.04,
            "eps_latest_yearly": 1.32,
            "eps_growth_yearly": 904.17
        },
        "20112": {
            "year_quarter": 20112,
            "year": 2011,
            "quarter": 2,
            "eps": -0.15,
            "eps_growth_year": -299.95,
            "eps_4q": 0.55,
            "eps_4q_growth_year": -45.94,
            "roe": -0.82,
            "roe_4q": 6.4399999999999995,
            "gross_profit": 113732,
            "gross_margin": 3.09,
            "gross_margin_4q_avg": 4.62,
            "net_income": -21666,
            "revenue": 3686294,
            "common_shares": 1577830,
            "book_valuer_per_share": 12.87,
            "book_valuer_per_share_4q_avg": 13.53,
            "equity": 2639555,
            "current_ratio": 108.27,
            "debt_ratio": 63.81,
            "inventory_turnover_ratio": 1.47,
            "account_receivable_turnover_ratio": 3.5,
            "reinvestment_rate": null,
            "research_to_sale_ratio": 0.02,
            "price_fair": 56.84,
            "eps_avg_yearly": 1.62,
            "eps_latest_yearly": 1.32,
            "eps_growth_yearly": 1076.41
        },
        "20113": {
            "year_quarter": 20113,
            "year": 2011,
            "quarter": 3,
            "eps": -0.22,
            "eps_growth_year": -262.73,
            "eps_4q": 0.23,
            "eps_4q_growth_year": 272.56,
            "roe": -2.19,
            "roe_4q": 3.09,
            "gross_profit": 35004,
            "gross_margin": 1.07,
            "gross_margin_4q_avg": 3.97,
            "net_income": -57616,
            "revenue": 3276240,
            "common_shares": 1640172,
            "book_valuer_per_share": 12.93,
            "book_valuer_per_share_4q_avg": 13.25,
            "equity": 2632019,
            "current_ratio": 108.12,
            "debt_ratio": 62.24,
            "inventory_turnover_ratio": 1.54,
            "account_receivable_turnover_ratio": 3.28,
            "reinvestment_rate": null,
            "research_to_sale_ratio": 0.02,
            "price_fair": 56.84,
            "eps_avg_yearly": 1.62,
            "eps_latest_yearly": 1.32,
            "eps_growth_yearly": 1076.41
        },
        "20114": {
            "year_quarter": 20114,
            "year": 2011,
            "quarter": 4,
            "eps": -0.22,
            "eps_growth_year": -159.98,
            "eps_4q": -0.28,
            "eps_4q_growth_year": -136.24,
            "roe": -2.05,
            "roe_4q": -1.9700000000000006,
            "gross_profit": 16486,
            "gross_margin": 0.53,
            "gross_margin_4q_avg": 2.7,
            "net_income": -54261,
            "revenue": 3131998,
            "common_shares": 1640172,
            "book_valuer_per_share": 12.98,
            "book_valuer_per_share_4q_avg": 13.04,
            "equity": 2657533,
            "current_ratio": 112.22,
            "debt_ratio": 55.93,
            "inventory_turnover_ratio": 1.75,
            "account_receivable_turnover_ratio": 3.21,
            "reinvestment_rate": null,
            "research_to_sale_ratio": 0.03,
            "price_fair": 56.84,
            "eps_avg_yearly": 1.62,
            "eps_latest_yearly": 1.32,
            "eps_growth_yearly": 1076.41
        },
        "20121": {
            "year_quarter": 20121,
            "year": 2012,
            "quarter": 1,
            "eps": -0.07,
            "eps_growth_year": -121.21,
            "eps_4q": -0.67,
            "eps_4q_growth_year": -184.5,
            "roe": -0.27,
            "roe_4q": -5.33,
            "gross_profit": 130065,
            "gross_margin": 4.34,
            "gross_margin_4q_avg": 2.26,
            "net_income": -7001,
            "revenue": 2995757,
            "common_shares": 1640172,
            "book_valuer_per_share": 12.84,
            "book_valuer_per_share_4q_avg": 12.91,
            "equity": 2599733,
            "current_ratio": 112.04,
            "debt_ratio": 60.09,
            "inventory_turnover_ratio": 1.65,
            "account_receivable_turnover_ratio": 3.02,
            "reinvestment_rate": null,
            "research_to_sale_ratio": 0.03,
            "price_fair": 56.84,
            "eps_avg_yearly": 1.62,
            "eps_latest_yearly": 1.32,
            "eps_growth_yearly": 1076.41
        },
        "20122": {
            "year_quarter": 20122,
            "year": 2012,
            "quarter": 2,
            "eps": -0.32,
            "eps_growth_year": null,
            "eps_4q": -0.83,
            "eps_4q_growth_year": -249.34,
            "roe": -2.38,
            "roe_4q": -6.889999999999999,
            "gross_profit": 119433,
            "gross_margin": 3.28,
            "gross_margin_4q_avg": 2.31,
            "net_income": -61181,
            "revenue": 3639382,
            "common_shares": 1640172,
            "book_valuer_per_share": 12.48,
            "book_valuer_per_share_4q_avg": 12.81,
            "equity": 2536041,
            "current_ratio": 109.37,
            "debt_ratio": 64.73,
            "inventory_turnover_ratio": 1.71,
            "account_receivable_turnover_ratio": 3.47,
            "reinvestment_rate": null,
            "research_to_sale_ratio": 0.03,
            "price_fair": 56.84,
            "eps_avg_yearly": 1.62,
            "eps_latest_yearly": 1.32,
            "eps_growth_yearly": 1076.41
        },
        "20123": {
            "year_quarter": 20123,
            "year": 2012,
            "quarter": 3,
            "eps": 0.11,
            "eps_growth_year": null,
            "eps_4q": -0.5,
            "eps_4q_growth_year": -315.28,
            "roe": 0.66,
            "roe_4q": -4.039999999999999,
            "gross_profit": 146854,
            "gross_margin": 3.85,
            "gross_margin_4q_avg": 3,
            "net_income": 16530,
            "revenue": 3811623,
            "common_shares": 1653330,
            "book_valuer_per_share": 12,
            "book_valuer_per_share_4q_avg": 12.58,
            "equity": 2483829,
            "current_ratio": 113.51,
            "debt_ratio": 62.92,
            "inventory_turnover_ratio": 1.81,
            "account_receivable_turnover_ratio": 3.24,
            "reinvestment_rate": null,
            "research_to_sale_ratio": 0.04,
            "price_fair": 56.84,
            "eps_avg_yearly": 1.62,
            "eps_latest_yearly": 1.32,
            "eps_growth_yearly": 1076.41
        },
        "20124": {
            "year_quarter": 20124,
            "year": 2012,
            "quarter": 4,
            "eps": 0.3,
            "eps_growth_year": null,
            "eps_4q": 0.01,
            "eps_4q_growth_year": null,
            "roe": 3.29,
            "roe_4q": 1.3000000000000003,
            "gross_profit": 179534,
            "gross_margin": 5.85,
            "gross_margin_4q_avg": 4.33,
            "net_income": 83289,
            "revenue": 3070939,
            "common_shares": 1653330,
            "book_valuer_per_share": 12.34,
            "book_valuer_per_share_4q_avg": 12.42,
            "equity": 2574274,
            "current_ratio": 118.46,
            "debt_ratio": 59.8,
            "inventory_turnover_ratio": 1.48,
            "account_receivable_turnover_ratio": 2.73,
            "reinvestment_rate": -704.35,
            "research_to_sale_ratio": 0.04,
            "price_fair": 54.37,
            "eps_avg_yearly": 1.55,
            "eps_latest_yearly": 1.2,
            "eps_growth_yearly": 1012.16
        },
        "20131": {
            "year_quarter": 20131,
            "year": 2013,
            "quarter": 1,
            "eps": -0.07,
            "eps_growth_year": null,
            "eps_4q": 0.01,
            "eps_4q_growth_year": null,
            "roe": -0.47,
            "roe_4q": 1.1000000000000005,
            "gross_profit": 117546,
            "gross_margin": 4.51,
            "gross_margin_4q_avg": 4.37,
            "net_income": -12332,
            "revenue": 2608402,
            "common_shares": 1653330,
            "book_valuer_per_share": 12.58,
            "book_valuer_per_share_4q_avg": 12.35,
            "equity": 2631525,
            "current_ratio": 115.4,
            "debt_ratio": 60.95,
            "inventory_turnover_ratio": 1.14,
            "account_receivable_turnover_ratio": 2.58,
            "reinvestment_rate": -364.92,
            "research_to_sale_ratio": 0.05,
            "price_fair": 54.37,
            "eps_avg_yearly": 1.55,
            "eps_latest_yearly": 1.2,
            "eps_growth_yearly": 1012.16
        },
        "20132": {
            "year_quarter": 20132,
            "year": 2013,
            "quarter": 2,
            "eps": -0.3,
            "eps_growth_year": null,
            "eps_4q": 0.03,
            "eps_4q_growth_year": null,
            "roe": -2.23,
            "roe_4q": 1.25,
            "gross_profit": 72096,
            "gross_margin": 2.31,
            "gross_margin_4q_avg": 4.13,
            "net_income": -57836,
            "revenue": 3118985,
            "common_shares": 1653330,
            "book_valuer_per_share": 12.12,
            "book_valuer_per_share_4q_avg": 12.26,
            "equity": 2558222,
            "current_ratio": 112.89,
            "debt_ratio": 61.8,
            "inventory_turnover_ratio": 1.48,
            "account_receivable_turnover_ratio": 2.91,
            "reinvestment_rate": -653.01,
            "research_to_sale_ratio": 0.02,
            "price_fair": 54.37,
            "eps_avg_yearly": 1.55,
            "eps_latest_yearly": 1.2,
            "eps_growth_yearly": 1012.16
        },
        "20133": {
            "year_quarter": 20133,
            "year": 2013,
            "quarter": 3,
            "eps": -0.03,
            "eps_growth_year": -127.18,
            "eps_4q": -0.11,
            "eps_4q_growth_year": null,
            "roe": -0.42,
            "roe_4q": 0.16999999999999993,
            "gross_profit": 130501,
            "gross_margin": 4.07,
            "gross_margin_4q_avg": 4.19,
            "net_income": -10711,
            "revenue": 3204901,
            "common_shares": 1653330,
            "book_valuer_per_share": 11.94,
            "book_valuer_per_share_4q_avg": 12.25,
            "equity": 2517138,
            "current_ratio": 112.68,
            "debt_ratio": 60.63,
            "inventory_turnover_ratio": 1.66,
            "account_receivable_turnover_ratio": 3.01,
            "reinvestment_rate": null,
            "research_to_sale_ratio": 0.03,
            "price_fair": 33.6,
            "eps_avg_yearly": 0.96,
            "eps_latest_yearly": 1.2,
            "eps_growth_yearly": 290.14
        },
        "20134": {
            "year_quarter": 20134,
            "year": 2013,
            "quarter": 4,
            "eps": -0.05,
            "eps_growth_year": -117.91,
            "eps_4q": -0.46,
            "eps_4q_growth_year": -3373.23,
            "roe": -0.21,
            "roe_4q": -3.33,
            "gross_profit": 138301,
            "gross_margin": 5.08,
            "gross_margin_4q_avg": 3.99,
            "net_income": -5351,
            "revenue": 2722992,
            "common_shares": 1653330,
            "book_valuer_per_share": 12.06,
            "book_valuer_per_share_4q_avg": 12.18,
            "equity": 2476018,
            "current_ratio": 110.15,
            "debt_ratio": 62.63,
            "inventory_turnover_ratio": 1.35,
            "account_receivable_turnover_ratio": 2.78,
            "reinvestment_rate": null,
            "research_to_sale_ratio": 0.35,
            "price_fair": 33.6,
            "eps_avg_yearly": 0.96,
            "eps_latest_yearly": 1.2,
            "eps_growth_yearly": 290.14
        },
        "20141": {
            "year_quarter": 20141,
            "year": 2014,
            "quarter": 1,
            "eps": -0.12,
            "eps_growth_year": null,
            "eps_4q": -0.5,
            "eps_4q_growth_year": -4389.1,
            "roe": -1.26,
            "roe_4q": -4.12,
            "gross_profit": 154625,
            "gross_margin": 6.43,
            "gross_margin_4q_avg": 4.47,
            "net_income": -31978,
            "revenue": 2404983,
            "common_shares": 1653330,
            "book_valuer_per_share": 12.11,
            "book_valuer_per_share_4q_avg": 12.06,
            "equity": 2586537,
            "current_ratio": 107.13,
            "debt_ratio": 64.04,
            "inventory_turnover_ratio": 1.08,
            "account_receivable_turnover_ratio": 2.58,
            "reinvestment_rate": null,
            "research_to_sale_ratio": 0.14,
            "price_fair": 33.6,
            "eps_avg_yearly": 0.96,
            "eps_latest_yearly": 1.2,
            "eps_growth_yearly": 290.14
        },
        "20142": {
            "year_quarter": 20142,
            "year": 2014,
            "quarter": 2,
            "eps": 0.96,
            "eps_growth_year": null,
            "eps_4q": 0.76,
            "eps_4q_growth_year": 2514.39,
            "roe": 7.72,
            "roe_4q": 5.83,
            "gross_profit": 359016,
            "gross_margin": 9.99,
            "gross_margin_4q_avg": 6.39,
            "net_income": 201897,
            "revenue": 3593998,
            "common_shares": 1653330,
            "book_valuer_per_share": 12.7,
            "book_valuer_per_share_4q_avg": 12.2,
            "equity": 2646377,
            "current_ratio": 109.55,
            "debt_ratio": 66.07,
            "inventory_turnover_ratio": 1.32,
            "account_receivable_turnover_ratio": 3.55,
            "reinvestment_rate": -467.36,
            "research_to_sale_ratio": 0.02,
            "price_fair": 39.55,
            "eps_avg_yearly": 1.13,
            "eps_latest_yearly": 1.2,
            "eps_growth_yearly": 432.25
        },
        "20143": {
            "year_quarter": 20143,
            "year": 2014,
            "quarter": 3,
            "eps": 0.14,
            "eps_growth_year": null,
            "eps_4q": 0.92,
            "eps_4q_growth_year": null,
            "roe": 0.94,
            "roe_4q": 7.19,
            "gross_profit": 216733,
            "gross_margin": 5.42,
            "gross_margin_4q_avg": 6.73,
            "net_income": 25066,
            "revenue": 3999932,
            "common_shares": 1653330,
            "book_valuer_per_share": 13.04,
            "book_valuer_per_share_4q_avg": 12.48,
            "equity": 2715617,
            "current_ratio": 111.35,
            "debt_ratio": 65.19,
            "inventory_turnover_ratio": 1.42,
            "account_receivable_turnover_ratio": 3.35,
            "reinvestment_rate": -302.51,
            "research_to_sale_ratio": 0.13,
            "price_fair": 39.9,
            "eps_avg_yearly": 1.14,
            "eps_latest_yearly": 0.56,
            "eps_growth_yearly": 261.12
        },
        "20144": {
            "year_quarter": 20144,
            "year": 2014,
            "quarter": 4,
            "eps": -0.05,
            "eps_growth_year": null,
            "eps_4q": 0.92,
            "eps_4q_growth_year": null,
            "roe": -0.47,
            "roe_4q": 6.93,
            "gross_profit": 179600,
            "gross_margin": 4.64,
            "gross_margin_4q_avg": 6.62,
            "net_income": -13056,
            "revenue": 3867009,
            "common_shares": 1653330,
            "book_valuer_per_share": 13.46,
            "book_valuer_per_share_4q_avg": 12.83,
            "equity": 2805180,
            "current_ratio": 113.56,
            "debt_ratio": 64.47,
            "inventory_turnover_ratio": 1.38,
            "account_receivable_turnover_ratio": 3.06,
            "reinvestment_rate": -778.19,
            "research_to_sale_ratio": 0.15,
            "price_fair": 35.93,
            "eps_avg_yearly": 1.03,
            "eps_latest_yearly": 0.56,
            "eps_growth_yearly": 102
        },
        "20151": {
            "year_quarter": 20151,
            "year": 2015,
            "quarter": 1,
            "eps": -0.04,
            "eps_growth_year": null,
            "eps_4q": 1,
            "eps_4q_growth_year": null,
            "roe": -1.25,
            "roe_4q": 6.9399999999999995,
            "gross_profit": 105431,
            "gross_margin": 3.51,
            "gross_margin_4q_avg": 5.89,
            "net_income": -34574,
            "revenue": 2999676,
            "common_shares": 1653330,
            "book_valuer_per_share": 13.13,
            "book_valuer_per_share_4q_avg": 13.08,
            "equity": 2715374,
            "current_ratio": 113.34,
            "debt_ratio": 64.92,
            "inventory_turnover_ratio": 1.08,
            "account_receivable_turnover_ratio": 2.43,
            "reinvestment_rate": null,
            "research_to_sale_ratio": 0.19,
            "price_fair": 30.8,
            "eps_avg_yearly": 0.88,
            "eps_latest_yearly": 0.56,
            "eps_growth_yearly": 174.62
        },
        "20152": {
            "year_quarter": 20152,
            "year": 2015,
            "quarter": 2,
            "eps": -0.1,
            "eps_growth_year": -110.42,
            "eps_4q": -0.05,
            "eps_4q_growth_year": -107.02,
            "roe": -1.09,
            "roe_4q": -1.8699999999999997,
            "gross_profit": 158180,
            "gross_margin": 4.41,
            "gross_margin_4q_avg": 4.5,
            "net_income": -28840,
            "revenue": 3587213,
            "common_shares": 1653330,
            "book_valuer_per_share": 12.4,
            "book_valuer_per_share_4q_avg": 13.01,
            "equity": 2576354,
            "current_ratio": 110.68,
            "debt_ratio": 67.73,
            "inventory_turnover_ratio": 1.34,
            "account_receivable_turnover_ratio": 2.98,
            "reinvestment_rate": null,
            "research_to_sale_ratio": 0.15,
            "price_fair": 30.8,
            "eps_avg_yearly": 0.88,
            "eps_latest_yearly": 0.56,
            "eps_growth_yearly": 174.62
        },
        "20153": {
            "year_quarter": 20153,
            "year": 2015,
            "quarter": 3,
            "eps": -0.64,
            "eps_growth_year": -557.14,
            "eps_4q": -0.83,
            "eps_4q_growth_year": -189.75,
            "roe": -6.11,
            "roe_4q": -8.92,
            "gross_profit": 47808,
            "gross_margin": 1.15,
            "gross_margin_4q_avg": 3.43,
            "net_income": -153979,
            "revenue": 4151982,
            "common_shares": 1653330,
            "book_valuer_per_share": 11.94,
            "book_valuer_per_share_4q_avg": 12.73,
            "equity": 2463085,
            "current_ratio": 108.85,
            "debt_ratio": 68.41,
            "inventory_turnover_ratio": 1.7,
            "account_receivable_turnover_ratio": 3.48,
            "reinvestment_rate": null,
            "research_to_sale_ratio": 0.13,
            "price_fair": 30.8,
            "eps_avg_yearly": 0.88,
            "eps_latest_yearly": 0.56,
            "eps_growth_yearly": 174.62
        },
        "20154": {
            "year_quarter": 20154,
            "year": 2015,
            "quarter": 4,
            "eps": -0.42,
            "eps_growth_year": null,
            "eps_4q": -1.19,
            "eps_4q_growth_year": -229.11,
            "roe": -3.59,
            "roe_4q": -12.04,
            "gross_profit": 117745,
            "gross_margin": 3.18,
            "gross_margin_4q_avg": 3.06,
            "net_income": -86244,
            "revenue": 3703862,
            "common_shares": 1653330,
            "book_valuer_per_share": 11.34,
            "book_valuer_per_share_4q_avg": 12.2,
            "equity": 2337102,
            "current_ratio": 108.46,
            "debt_ratio": 67.05,
            "inventory_turnover_ratio": 1.72,
            "account_receivable_turnover_ratio": 3.21,
            "reinvestment_rate": null,
            "research_to_sale_ratio": 0.19,
            "price_fair": 30.8,
            "eps_avg_yearly": 0.88,
            "eps_latest_yearly": 0.56,
            "eps_growth_yearly": 174.62
        },
        "20161": {
            "year_quarter": 20161,
            "year": 2016,
            "quarter": 1,
            "eps": -0.58,
            "eps_growth_year": null,
            "eps_4q": -1.74,
            "eps_4q_growth_year": -273.57,
            "roe": -5.21,
            "roe_4q": -16,
            "gross_profit": 123967,
            "gross_margin": 4.83,
            "gross_margin_4q_avg": 3.39,
            "net_income": -118336,
            "revenue": 2566900,
            "common_shares": 1653330,
            "book_valuer_per_share": 10.69,
            "book_valuer_per_share_4q_avg": 11.59,
            "equity": 2201973,
            "current_ratio": 105.27,
            "debt_ratio": 72.79,
            "inventory_turnover_ratio": 1.28,
            "account_receivable_turnover_ratio": 2.66,
            "reinvestment_rate": null,
            "research_to_sale_ratio": 0.23,
            "price_fair": 30.8,
            "eps_avg_yearly": 0.88,
            "eps_latest_yearly": 0.56,
            "eps_growth_yearly": 174.62
        },
        "20162": {
            "year_quarter": 20162,
            "year": 2016,
            "quarter": 2,
            "eps": 0.16,
            "eps_growth_year": null,
            "eps_4q": -1.48,
            "eps_4q_growth_year": null,
            "roe": 1.54,
            "roe_4q": -13.370000000000001,
            "gross_profit": 232893,
            "gross_margin": 7.24,
            "gross_margin_4q_avg": 4.1,
            "net_income": 33689,
            "revenue": 3216974,
            "common_shares": 1653330,
            "book_valuer_per_share": 10.6,
            "book_valuer_per_share_4q_avg": 11.14,
            "equity": 2182546,
            "current_ratio": 106.14,
            "debt_ratio": 72.51,
            "inventory_turnover_ratio": 1.46,
            "account_receivable_turnover_ratio": 3.88,
            "reinvestment_rate": null,
            "research_to_sale_ratio": 0.16,
            "price_fair": 30.8,
            "eps_avg_yearly": 0.88,
            "eps_latest_yearly": 0.56,
            "eps_growth_yearly": 174.62
        },
        "20163": {
            "year_quarter": 20163,
            "year": 2016,
            "quarter": 3,
            "eps": 0.18,
            "eps_growth_year": null,
            "eps_4q": -0.66,
            "eps_4q_growth_year": null,
            "roe": 2.3,
            "roe_4q": -4.96,
            "gross_profit": 286861,
            "gross_margin": 8.69,
            "gross_margin_4q_avg": 5.99,
            "net_income": 49685,
            "revenue": 3299785,
            "common_shares": 1653330,
            "book_valuer_per_share": 10.31,
            "book_valuer_per_share_4q_avg": 10.74,
            "equity": 2138909,
            "current_ratio": 102.39,
            "debt_ratio": 73.64,
            "inventory_turnover_ratio": 1.4,
            "account_receivable_turnover_ratio": 4.07,
            "reinvestment_rate": null,
            "research_to_sale_ratio": 0.16,
            "price_fair": 28.93,
            "eps_avg_yearly": 0.83,
            "eps_latest_yearly": 0.72,
            "eps_growth_yearly": 133.08
        },
        "20164": {
            "year_quarter": 20164,
            "year": 2016,
            "quarter": 4,
            "eps": 2.22,
            "eps_growth_year": null,
            "eps_4q": 1.98,
            "eps_4q_growth_year": null,
            "roe": 19.31,
            "roe_4q": 17.939999999999998,
            "gross_profit": 507866,
            "gross_margin": 11.73,
            "gross_margin_4q_avg": 8.12,
            "net_income": 452647,
            "revenue": 4329257,
            "common_shares": 1653330,
            "book_valuer_per_share": 12.32,
            "book_valuer_per_share_4q_avg": 10.98,
            "equity": 2549087,
            "current_ratio": 113.39,
            "debt_ratio": 68.76,
            "inventory_turnover_ratio": 1.65,
            "account_receivable_turnover_ratio": 5.21,
            "reinvestment_rate": -196,
            "research_to_sale_ratio": 0.18,
            "price_fair": 118.53,
            "eps_avg_yearly": 3.39,
            "eps_latest_yearly": 8.88,
            "eps_growth_yearly": 1413.89
        },
        "20171": {
            "year_quarter": 20171,
            "year": 2017,
            "quarter": 1,
            "eps": 0.16,
            "eps_growth_year": null,
            "eps_4q": 2.72,
            "eps_4q_growth_year": null,
            "roe": 2.94,
            "roe_4q": 26.09,
            "gross_profit": 293164,
            "gross_margin": 7.96,
            "gross_margin_4q_avg": 8.91,
            "net_income": 73680,
            "revenue": 3682098,
            "common_shares": 1653330,
            "book_valuer_per_share": 11.73,
            "book_valuer_per_share_4q_avg": 11.24,
            "equity": 2468677,
            "current_ratio": 114.3,
            "debt_ratio": 68.3,
            "inventory_turnover_ratio": 1.42,
            "account_receivable_turnover_ratio": 4.12,
            "reinvestment_rate": -219.25,
            "research_to_sale_ratio": 0.15,
            "price_fair": 94.5,
            "eps_avg_yearly": 2.7,
            "eps_latest_yearly": 0.64,
            "eps_growth_yearly": 967.62
        },
        "20172": {
            "year_quarter": 20172,
            "year": 2017,
            "quarter": 2,
            "eps": -1.01,
            "eps_growth_year": -731.25,
            "eps_4q": 1.55,
            "eps_4q_growth_year": null,
            "roe": -8.63,
            "roe_4q": 15.919999999999998,
            "gross_profit": 63445,
            "gross_margin": 1.58,
            "gross_margin_4q_avg": 7.49,
            "net_income": -201284,
            "revenue": 4020509,
            "common_shares": 1653330,
            "book_valuer_per_share": 10.22,
            "book_valuer_per_share_4q_avg": 11.15,
            "equity": 2196759,
            "current_ratio": 108.4,
            "debt_ratio": 71.33,
            "inventory_turnover_ratio": 1.91,
            "account_receivable_turnover_ratio": 4.07,
            "reinvestment_rate": -672.21,
            "research_to_sale_ratio": 0.59,
            "price_fair": 94.5,
            "eps_avg_yearly": 2.7,
            "eps_latest_yearly": 0.64,
            "eps_growth_yearly": 967.62
        },
        "20173": {
            "year_quarter": 20173,
            "year": 2017,
            "quarter": 3,
            "eps": 1.4,
            "eps_growth_year": 677.78,
            "eps_4q": 2.78,
            "eps_4q_growth_year": null,
            "roe": 11.35,
            "roe_4q": 24.97,
            "gross_profit": 507057,
            "gross_margin": 10.98,
            "gross_margin_4q_avg": 8.06,
            "net_income": 267452,
            "revenue": 4616897,
            "common_shares": 1653330,
            "book_valuer_per_share": 11.84,
            "book_valuer_per_share_4q_avg": 11.53,
            "equity": 2515271,
            "current_ratio": 113.33,
            "debt_ratio": 68.65,
            "inventory_turnover_ratio": 2.2,
            "account_receivable_turnover_ratio": 4.11,
            "reinvestment_rate": -117.7,
            "research_to_sale_ratio": 0.65,
            "price_fair": 94.5,
            "eps_avg_yearly": 2.7,
            "eps_latest_yearly": 0.64,
            "eps_growth_yearly": 967.62
        },
        "20174": {
            "year_quarter": 20174,
            "year": 2017,
            "quarter": 4,
            "eps": 0.21,
            "eps_growth_year": -90.56,
            "eps_4q": 0.76,
            "eps_4q_growth_year": -61.36,
            "roe": 1.94,
            "roe_4q": 7.599999999999998,
            "gross_profit": 310185,
            "gross_margin": 6.28,
            "gross_margin_4q_avg": 6.7,
            "net_income": 49792,
            "revenue": 4939056,
            "common_shares": 1653330,
            "book_valuer_per_share": 12.05,
            "book_valuer_per_share_4q_avg": 11.46,
            "equity": 2610082,
            "current_ratio": 116.55,
            "debt_ratio": 67.53,
            "inventory_turnover_ratio": 2.35,
            "account_receivable_turnover_ratio": 4.21,
            "reinvestment_rate": -89.28,
            "research_to_sale_ratio": 0.9,
            "price_fair": 81.48,
            "eps_avg_yearly": 2.33,
            "eps_latest_yearly": 0.84,
            "eps_growth_yearly": 706.1
        },
        "20181": {
            "year_quarter": 20181,
            "year": 2018,
            "quarter": 1,
            "eps": -0.18,
            "eps_growth_year": -212.5,
            "eps_4q": 0.42,
            "eps_4q_growth_year": -84.49,
            "roe": -1.38,
            "roe_4q": 3.2799999999999994,
            "gross_profit": 148424,
            "gross_margin": 3.89,
            "gross_margin_4q_avg": 5.68,
            "net_income": -32958,
            "revenue": 3820277,
            "common_shares": 1653330,
            "book_valuer_per_share": 12.13,
            "book_valuer_per_share_4q_avg": 11.56,
            "equity": 2172438,
            "current_ratio": 113.39,
            "debt_ratio": 72.55,
            "inventory_turnover_ratio": 1.91,
            "account_receivable_turnover_ratio": 3.43,
            "reinvestment_rate": -78.11,
            "research_to_sale_ratio": 0.23,
            "price_fair": 81.48,
            "eps_avg_yearly": 2.33,
            "eps_latest_yearly": 0.84,
            "eps_growth_yearly": 706.1
        },
        "20182": {
            "year_quarter": 20182,
            "year": 2018,
            "quarter": 2,
            "eps": -0.35,
            "eps_growth_year": null,
            "eps_4q": 1.08,
            "eps_4q_growth_year": -30.54,
            "roe": -3.25,
            "roe_4q": 8.66,
            "gross_profit": 192123,
            "gross_margin": 4.35,
            "gross_margin_4q_avg": 6.38,
            "net_income": -68490,
            "revenue": 4412498,
            "common_shares": 1653330,
            "book_valuer_per_share": 11.44,
            "book_valuer_per_share_4q_avg": 11.87,
            "equity": 2047132,
            "current_ratio": 110.74,
            "debt_ratio": 73.48,
            "inventory_turnover_ratio": 2.31,
            "account_receivable_turnover_ratio": 3.91,
            "reinvestment_rate": -220.86,
            "research_to_sale_ratio": 0.52,
            "price_fair": 81.48,
            "eps_avg_yearly": 2.33,
            "eps_latest_yearly": 0.84,
            "eps_growth_yearly": 706.1
        },
        "20183": {
            "year_quarter": 20183,
            "year": 2018,
            "quarter": 3,
            "eps": 0.27,
            "eps_growth_year": -80.71,
            "eps_4q": -0.05,
            "eps_4q_growth_year": -101.73,
            "roe": 1.85,
            "roe_4q": -0.8399999999999999,
            "gross_profit": 216766,
            "gross_margin": 5.61,
            "gross_margin_4q_avg": 5.03,
            "net_income": 37143,
            "revenue": 3861487,
            "common_shares": 1653330,
            "book_valuer_per_share": 11.01,
            "book_valuer_per_share_4q_avg": 11.66,
            "equity": 1970372,
            "current_ratio": 108.76,
            "debt_ratio": 70.77,
            "inventory_turnover_ratio": 2.03,
            "account_receivable_turnover_ratio": 3.11,
            "reinvestment_rate": -146.22,
            "research_to_sale_ratio": 0.49,
            "price_fair": 96.95,
            "eps_avg_yearly": 2.77,
            "eps_latest_yearly": 0.84,
            "eps_growth_yearly": 968.04
        },
        "20184": {
            "year_quarter": 20184,
            "year": 2018,
            "quarter": 4,
            "eps": -0.25,
            "eps_growth_year": -217.68,
            "eps_4q": -0.5,
            "eps_4q_growth_year": -166.08,
            "roe": -2.37,
            "roe_4q": -5.15,
            "gross_profit": 145801,
            "gross_margin": 3.38,
            "gross_margin_4q_avg": 4.31,
            "net_income": -46370,
            "revenue": 4318196,
            "common_shares": 1653330,
            "book_valuer_per_share": 10.91,
            "book_valuer_per_share_4q_avg": 11.37,
            "equity": 1947070,
            "current_ratio": 107.45,
            "debt_ratio": 69.87,
            "inventory_turnover_ratio": 2.46,
            "account_receivable_turnover_ratio": 3.32,
            "reinvestment_rate": -164.41,
            "research_to_sale_ratio": 0.54,
            "price_fair": 96.95,
            "eps_avg_yearly": 2.77,
            "eps_latest_yearly": 0.84,
            "eps_growth_yearly": 968.04
        },
        "20191": {
            "year_quarter": 20191,
            "year": 2019,
            "quarter": 1,
            "eps": -0.69,
            "eps_growth_year": null,
            "eps_4q": -1.02,
            "eps_4q_growth_year": -341.43,
            "roe": -6.41,
            "roe_4q": -10.180000000000001,
            "gross_profit": 129943,
            "gross_margin": 3.75,
            "gross_margin_4q_avg": 4.27,
            "net_income": -123265,
            "revenue": 3469678,
            "common_shares": 1653330,
            "book_valuer_per_share": 10.66,
            "book_valuer_per_share_4q_avg": 11.01,
            "equity": 1896275,
            "current_ratio": 104.91,
            "debt_ratio": 70.24,
            "inventory_turnover_ratio": 2.11,
            "account_receivable_turnover_ratio": 2.81,
            "reinvestment_rate": null,
            "research_to_sale_ratio": 0.63,
            "price_fair": 96.95,
            "eps_avg_yearly": 2.77,
            "eps_latest_yearly": 0.84,
            "eps_growth_yearly": 968.04
        },
        "20192": {
            "year_quarter": 20192,
            "year": 2019,
            "quarter": 2,
            "eps": -0.03,
            "eps_growth_year": null,
            "eps_4q": -0.69,
            "eps_4q_growth_year": -164.23,
            "roe": -0.15,
            "roe_4q": -7.08,
            "gross_profit": 182988,
            "gross_margin": 4.53,
            "gross_margin_4q_avg": 4.32,
            "net_income": -2759,
            "revenue": 4043215,
            "common_shares": 1653330,
            "book_valuer_per_share": 10.42,
            "book_valuer_per_share_4q_avg": 10.75,
            "equity": 1858350,
            "current_ratio": 103.19,
            "debt_ratio": 70.53,
            "inventory_turnover_ratio": 2.51,
            "account_receivable_turnover_ratio": 3.38,
            "reinvestment_rate": 351.54,
            "research_to_sale_ratio": 0.25,
            "price_fair": 96.95,
            "eps_avg_yearly": 2.77,
            "eps_latest_yearly": 0.84,
            "eps_growth_yearly": 968.04
        },
        "20193": {
            "year_quarter": 20193,
            "year": 2019,
            "quarter": 3,
            "eps": 0.59,
            "eps_growth_year": 118.52,
            "eps_4q": -0.37,
            "eps_4q_growth_year": null,
            "roe": 5.21,
            "roe_4q": -3.7200000000000006,
            "gross_profit": 238155,
            "gross_margin": 5.59,
            "gross_margin_4q_avg": 4.31,
            "net_income": 97111,
            "revenue": 4262008,
            "common_shares": 1653330,
            "book_valuer_per_share": 10.47,
            "book_valuer_per_share_4q_avg": 10.62,
            "equity": 1867083,
            "current_ratio": 99.85,
            "debt_ratio": 72.15,
            "inventory_turnover_ratio": 2.51,
            "account_receivable_turnover_ratio": 3.37,
            "reinvestment_rate": 25.19,
            "research_to_sale_ratio": 0,
            "price_fair": 96.95,
            "eps_avg_yearly": 2.77,
            "eps_latest_yearly": 0.84,
            "eps_growth_yearly": 968.04
        },
        "20194": {
            "year_quarter": 20194,
            "year": 2019,
            "quarter": 4,
            "eps": 0.22,
            "eps_growth_year": null,
            "eps_4q": 0.09,
            "eps_4q_growth_year": null,
            "roe": 1.86,
            "roe_4q": 0.5099999999999998,
            "gross_profit": 196613,
            "gross_margin": 3.93,
            "gross_margin_4q_avg": 4.45,
            "net_income": 34472,
            "revenue": 4996905,
            "common_shares": 1653330,
            "book_valuer_per_share": 10.29,
            "book_valuer_per_share_4q_avg": 10.46,
            "equity": 1836067,
            "current_ratio": 100.01,
            "debt_ratio": 72.35,
            "inventory_turnover_ratio": 2.83,
            "account_receivable_turnover_ratio": 3.73,
            "reinvestment_rate": 24.57,
            "research_to_sale_ratio": -0,
            "price_fair": 83.72,
            "eps_avg_yearly": 2.39,
            "eps_latest_yearly": 0.88,
            "eps_growth_yearly": 724.26
        },
        "20201": {
            "year_quarter": 20201,
            "year": 2020,
            "quarter": 1,
            "eps": -0.67,
            "eps_growth_year": null,
            "eps_4q": 0.11,
            "eps_4q_growth_year": null,
            "roe": -6.55,
            "roe_4q": 0.37000000000000044,
            "gross_profit": 53690,
            "gross_margin": 1.86,
            "gross_margin_4q_avg": 3.98,
            "net_income": -115336,
            "revenue": 2889022,
            "common_shares": 1653330,
            "book_valuer_per_share": 9.41,
            "book_valuer_per_share_4q_avg": 10.15,
            "equity": 1688177,
            "current_ratio": 96.2,
            "debt_ratio": 73.43,
            "inventory_turnover_ratio": 1.7,
            "account_receivable_turnover_ratio": 2.22,
            "reinvestment_rate": 33.29,
            "research_to_sale_ratio": 0,
            "price_fair": 83.72,
            "eps_avg_yearly": 2.39,
            "eps_latest_yearly": 0.88,
            "eps_growth_yearly": 724.26
        },
        "20202": {
            "year_quarter": 20202,
            "year": 2020,
            "quarter": 2,
            "eps": 0.02,
            "eps_growth_year": null,
            "eps_4q": 0.16,
            "eps_4q_growth_year": null,
            "roe": 0.47,
            "roe_4q": 0.9900000000000002,
            "gross_profit": 113519,
            "gross_margin": 3.59,
            "gross_margin_4q_avg": 3.74,
            "net_income": 7825,
            "revenue": 3162139,
            "common_shares": 1653330,
            "book_valuer_per_share": 9.03,
            "book_valuer_per_share_4q_avg": 9.8,
            "equity": 1630356,
            "current_ratio": 98.01,
            "debt_ratio": 73.25,
            "inventory_turnover_ratio": 1.92,
            "account_receivable_turnover_ratio": 2.59,
            "reinvestment_rate": 14.96,
            "research_to_sale_ratio": 0,
            "price_fair": 83.72,
            "eps_avg_yearly": 2.39,
            "eps_latest_yearly": 0.88,
            "eps_growth_yearly": 724.26
        },
        "20203": {
            "year_quarter": 20203,
            "year": 2020,
            "quarter": 3,
            "eps": 1.24,
            "eps_growth_year": 110.17,
            "eps_4q": 0.81,
            "eps_4q_growth_year": null,
            "roe": 11.4,
            "roe_4q": 7.1800000000000015,
            "gross_profit": 253575,
            "gross_margin": 6.52,
            "gross_margin_4q_avg": 3.98,
            "net_income": 204954,
            "revenue": 3889888,
            "common_shares": 1653330,
            "book_valuer_per_share": 11.74,
            "book_valuer_per_share_4q_avg": 10.12,
            "equity": 1966706,
            "current_ratio": 104.4,
            "debt_ratio": 70.79,
            "inventory_turnover_ratio": 2.24,
            "account_receivable_turnover_ratio": 3.03,
            "reinvestment_rate": -17.78,
            "research_to_sale_ratio": 0,
            "price_fair": 113.4,
            "eps_avg_yearly": 3.24,
            "eps_latest_yearly": 4.96,
            "eps_growth_yearly": 5594.26
        },
        "20204": {
            "year_quarter": 20204,
            "year": 2020,
            "quarter": 4,
            "eps": 0.47,
            "eps_growth_year": 113.28,
            "eps_4q": 1.06,
            "eps_4q_growth_year": 1041.62,
            "roe": 3.67,
            "roe_4q": 8.990000000000002,
            "gross_profit": 188671,
            "gross_margin": 4.33,
            "gross_margin_4q_avg": 4.08,
            "net_income": 73780,
            "revenue": 4355016,
            "common_shares": 1653330,
            "book_valuer_per_share": 12.27,
            "book_valuer_per_share_4q_avg": 10.61,
            "equity": 2050397,
            "current_ratio": 106.25,
            "debt_ratio": 67.61,
            "inventory_turnover_ratio": 2.36,
            "account_receivable_turnover_ratio": 3.32,
            "reinvestment_rate": 14.3,
            "research_to_sale_ratio": 0,
            "price_fair": 64.4,
            "eps_avg_yearly": 1.84,
            "eps_latest_yearly": 1.88,
            "eps_growth_yearly": 4637.92
        },
        "20211": {
            "year_quarter": 20211,
            "year": 2021,
            "quarter": 1,
            "eps": 0.27,
            "eps_growth_year": null,
            "eps_4q": 2,
            "eps_4q_growth_year": 1670.48,
            "roe": 2.1,
            "roe_4q": 17.64,
            "gross_profit": 247030,
            "gross_margin": 6.94,
            "gross_margin_4q_avg": 5.35,
            "net_income": 43772,
            "revenue": 3559012,
            "common_shares": 1653330,
            "book_valuer_per_share": 12.63,
            "book_valuer_per_share_4q_avg": 11.42,
            "equity": 2109957,
            "current_ratio": 109.67,
            "debt_ratio": 69.27,
            "inventory_turnover_ratio": 1.56,
            "account_receivable_turnover_ratio": 2.74,
            "reinvestment_rate": -15.29,
            "research_to_sale_ratio": 0,
            "price_fair": 67.48,
            "eps_avg_yearly": 1.93,
            "eps_latest_yearly": 1.08,
            "eps_growth_yearly": 4678.11
        },
        "20212": {
            "year_quarter": 20212,
            "year": 2021,
            "quarter": 2,
            "eps": 0.81,
            "eps_growth_year": 3950,
            "eps_4q": 2.79,
            "eps_4q_growth_year": 1619.96,
            "roe": 6.23,
            "roe_4q": 23.4,
            "gross_profit": 332480,
            "gross_margin": 7.07,
            "gross_margin_4q_avg": 6.22,
            "net_income": 134811,
            "revenue": 4700218,
            "common_shares": 1653330,
            "book_valuer_per_share": 13.27,
            "book_valuer_per_share_4q_avg": 12.48,
            "equity": 2216124,
            "current_ratio": 110.8,
            "debt_ratio": 69.92,
            "inventory_turnover_ratio": 1.66,
            "account_receivable_turnover_ratio": 3.41,
            "reinvestment_rate": 2.86,
            "research_to_sale_ratio": 0,
            "price_fair": 75.13,
            "eps_avg_yearly": 2.15,
            "eps_latest_yearly": 3.24,
            "eps_growth_yearly": 4031.76
        },
        "20213": {
            "year_quarter": 20213,
            "year": 2021,
            "quarter": 3,
            "eps": 1.29,
            "eps_growth_year": 4.03,
            "eps_4q": 2.84,
            "eps_4q_growth_year": 250.31,
            "roe": 9.26,
            "roe_4q": 21.259999999999998,
            "gross_profit": 467490,
            "gross_margin": 9.25,
            "gross_margin_4q_avg": 6.9,
            "net_income": 214304,
            "revenue": 5053726,
            "common_shares": 1653330,
            "book_valuer_per_share": 14.46,
            "book_valuer_per_share_4q_avg": 13.16,
            "equity": 2414844,
            "current_ratio": 113.48,
            "debt_ratio": 68.65,
            "inventory_turnover_ratio": 1.62,
            "account_receivable_turnover_ratio": 3.45,
            "reinvestment_rate": -1.84,
            "research_to_sale_ratio": 0,
            "price_fair": 90.2,
            "eps_avg_yearly": 2.58,
            "eps_latest_yearly": 5.16,
            "eps_growth_yearly": 3489.66
        },
        "20214": {
            "year_quarter": 20214,
            "year": 2021,
            "quarter": 4,
            "eps": 0.78,
            "eps_growth_year": 65.19,
            "eps_4q": 3.14,
            "eps_4q_growth_year": 196.71,
            "roe": 5.16,
            "roe_4q": 22.75,
            "gross_profit": 318011,
            "gross_margin": 6.07,
            "gross_margin_4q_avg": 7.33,
            "net_income": 128683,
            "revenue": 5241218,
            "common_shares": 1653330,
            "book_valuer_per_share": 15.4,
            "book_valuer_per_share_4q_avg": 13.94,
            "equity": 2570701,
            "current_ratio": 117.19,
            "debt_ratio": 65.22,
            "inventory_turnover_ratio": 1.71,
            "account_receivable_turnover_ratio": 3.62,
            "reinvestment_rate": -3.29,
            "research_to_sale_ratio": 0,
            "price_fair": 101.6,
            "eps_avg_yearly": 2.9,
            "eps_latest_yearly": 3.12,
            "eps_growth_yearly": 3515.64
        },
        "20221": {
            "year_quarter": 20221,
            "year": 2022,
            "quarter": 1,
            "eps": 1.05,
            "eps_growth_year": 288.89,
            "eps_4q": 3.6,
            "eps_4q_growth_year": 80.02,
            "roe": 6.58,
            "roe_4q": 27.23,
            "gross_profit": 409922,
            "gross_margin": 9.5,
            "gross_margin_4q_avg": 7.97,
            "net_income": 192146,
            "revenue": 4315921,
            "common_shares": 1853330,
            "book_valuer_per_share": 17.52,
            "book_valuer_per_share_4q_avg": 15.16,
            "equity": 3273876,
            "current_ratio": 127.47,
            "debt_ratio": 60.62,
            "inventory_turnover_ratio": 1.29,
            "account_receivable_turnover_ratio": 3,
            "reinvestment_rate": -0.82,
            "research_to_sale_ratio": 0,
            "price_fair": 107.28,
            "eps_avg_yearly": 3.07,
            "eps_latest_yearly": 4.2,
            "eps_growth_yearly": 3093.49
        },
        "20222": {
            "year_quarter": 20222,
            "year": 2022,
            "quarter": 2,
            "eps": 0.35,
            "eps_growth_year": -56.79,
            "eps_4q": 3.23,
            "eps_4q_growth_year": 15.72,
            "roe": 2.18,
            "roe_4q": 23.18,
            "gross_profit": 341903,
            "gross_margin": 6.15,
            "gross_margin_4q_avg": 7.74,
            "net_income": 69106,
            "revenue": 5559330,
            "common_shares": 1853330,
            "book_valuer_per_share": 16.43,
            "book_valuer_per_share_4q_avg": 15.95,
            "equity": 3076138,
            "current_ratio": 120.83,
            "debt_ratio": 62.97,
            "inventory_turnover_ratio": 1.68,
            "account_receivable_turnover_ratio": 3.69,
            "reinvestment_rate": -0.34,
            "research_to_sale_ratio": null,
            "price_fair": 100.8,
            "eps_avg_yearly": 2.88,
            "eps_latest_yearly": 1.4,
            "eps_growth_yearly": 2720.14
        },
        "20223": {
            "year_quarter": 20223,
            "year": 2022,
            "quarter": 3,
            "eps": 0.83,
            "eps_growth_year": -35.66,
            "eps_4q": 2.91,
            "eps_4q_growth_year": 2.47,
            "roe": 4.96,
            "roe_4q": 18.880000000000003,
            "gross_profit": 267895,
            "gross_margin": 5.2,
            "gross_margin_4q_avg": 6.73,
            "net_income": 157898,
            "revenue": 5152419,
            "common_shares": 1853330,
            "book_valuer_per_share": 17.55,
            "book_valuer_per_share_4q_avg": 16.73,
            "equity": 3289486,
            "current_ratio": 126.62,
            "debt_ratio": 61.91,
            "inventory_turnover_ratio": 1.78,
            "account_receivable_turnover_ratio": 3.39,
            "reinvestment_rate": -9.97,
            "research_to_sale_ratio": null,
            "price_fair": 102.34,
            "eps_avg_yearly": 2.92,
            "eps_latest_yearly": 3.32,
            "eps_growth_yearly": 2502.98
        },
        "20224": {
            "year_quarter": 20224,
            "year": 2022,
            "quarter": 4,
            "eps": -0.18,
            "eps_growth_year": -123.49,
            "eps_4q": 2.03,
            "eps_4q_growth_year": -35.34,
            "roe": -0.98,
            "roe_4q": 12.74,
            "gross_profit": 250677,
            "gross_margin": 6.2,
            "gross_margin_4q_avg": 6.76,
            "net_income": -31721,
            "revenue": 4040826,
            "common_shares": 1853330,
            "book_valuer_per_share": 17.12,
            "book_valuer_per_share_4q_avg": 17.16,
            "equity": 3211104,
            "current_ratio": 118.56,
            "debt_ratio": 63.29,
            "inventory_turnover_ratio": 1.62,
            "account_receivable_turnover_ratio": 2.84,
            "reinvestment_rate": -17.75,
            "research_to_sale_ratio": null,
            "price_fair": 102.34,
            "eps_avg_yearly": 2.92,
            "eps_latest_yearly": 3.32,
            "eps_growth_yearly": 2502.98
        },
        "20231": {
            "year_quarter": 20231,
            "year": 2023,
            "quarter": 1,
            "eps": -0.03,
            "eps_growth_year": -102.86,
            "eps_4q": 0.97,
            "eps_4q_growth_year": -73,
            "roe": -0.18,
            "roe_4q": 5.98,
            "gross_profit": 167666,
            "gross_margin": 4.54,
            "gross_margin_4q_avg": 5.52,
            "net_income": -5785,
            "revenue": 3689796,
            "common_shares": 1853330,
            "book_valuer_per_share": 17.12,
            "book_valuer_per_share_4q_avg": 17.06,
            "equity": 3210323,
            "current_ratio": 120.73,
            "debt_ratio": 66.39,
            "inventory_turnover_ratio": 1.71,
            "account_receivable_turnover_ratio": 2.58,
            "reinvestment_rate": 60.89,
            "research_to_sale_ratio": 0,
            "price_fair": 102.34,
            "eps_avg_yearly": 2.92,
            "eps_latest_yearly": 3.32,
            "eps_growth_yearly": 2502.98
        }
    },
    "months": {
        "2001-06": {
            "month": "2001-06",
            "price": "7.72",
            "revenue": 250672
        },
        "2001-07": {
            "month": "2001-07",
            "price": "7.10",
            "revenue": 193434
        },
        "2001-08": {
            "month": "2001-08",
            "price": "6.10",
            "revenue": 227419
        },
        "2001-09": {
            "month": "2001-09",
            "price": "6.06",
            "revenue": 168063
        },
        "2001-10": {
            "month": "2001-10",
            "price": "6.02",
            "revenue": 161138
        },
        "2001-11": {
            "month": "2001-11",
            "price": "5.81",
            "revenue": 161339
        },
        "2001-12": {
            "month": "2001-12",
            "price": "5.73",
            "revenue": 133049
        },
        "2002-01": {
            "month": "2002-01",
            "price": "5.78",
            "revenue": 147851
        },
        "2002-02": {
            "month": "2002-02",
            "price": "6.33",
            "revenue": 75532
        },
        "2002-03": {
            "month": "2002-03",
            "price": "7.64",
            "revenue": 254957
        },
        "2002-04": {
            "month": "2002-04",
            "price": "9.45",
            "revenue": 206076
        },
        "2002-05": {
            "month": "2002-05",
            "price": "10.07",
            "revenue": 249341
        },
        "2002-06": {
            "month": "2002-06",
            "price": "11.47",
            "revenue": 229222
        },
        "2002-07": {
            "month": "2002-07",
            "price": "11.56",
            "revenue": 149213
        },
        "2002-08": {
            "month": "2002-08",
            "price": "16.49",
            "revenue": 229100
        },
        "2002-09": {
            "month": "2002-09",
            "price": "13.08",
            "revenue": 194310
        },
        "2002-10": {
            "month": "2002-10",
            "price": "10.75",
            "revenue": 130170
        },
        "2002-11": {
            "month": "2002-11",
            "price": "12.41",
            "revenue": 118153
        },
        "2002-12": {
            "month": "2002-12",
            "price": "11.20",
            "revenue": 129006
        },
        "2003-01": {
            "month": "2003-01",
            "price": "10.83",
            "revenue": 137616
        },
        "2003-02": {
            "month": "2003-02",
            "price": "11.12",
            "revenue": 95319
        },
        "2003-03": {
            "month": "2003-03",
            "price": "10.60",
            "revenue": 197757
        },
        "2003-04": {
            "month": "2003-04",
            "price": "10.81",
            "revenue": 158664
        },
        "2003-05": {
            "month": "2003-05",
            "price": "9.70",
            "revenue": 195391
        },
        "2003-06": {
            "month": "2003-06",
            "price": "9.89",
            "revenue": 152018
        },
        "2003-07": {
            "month": "2003-07",
            "price": "9.56",
            "revenue": 120382
        },
        "2003-08": {
            "month": "2003-08",
            "price": "9.40",
            "revenue": 134115
        },
        "2003-09": {
            "month": "2003-09",
            "price": "8.72",
            "revenue": 124466
        },
        "2003-10": {
            "month": "2003-10",
            "price": "8.96",
            "revenue": 141007
        },
        "2003-11": {
            "month": "2003-11",
            "price": "8.62",
            "revenue": 128770
        },
        "2003-12": {
            "month": "2003-12",
            "price": "8.95",
            "revenue": 288979
        },
        "2004-01": {
            "month": "2004-01",
            "price": "11.20",
            "revenue": 118699
        },
        "2004-02": {
            "month": "2004-02",
            "price": "14.07",
            "revenue": 171723
        },
        "2004-03": {
            "month": "2004-03",
            "price": "25.62",
            "revenue": 185501
        },
        "2004-04": {
            "month": "2004-04",
            "price": "26.45",
            "revenue": 213357
        },
        "2004-05": {
            "month": "2004-05",
            "price": "20.22",
            "revenue": 227143
        },
        "2004-06": {
            "month": "2004-06",
            "price": "20.69",
            "revenue": 179714
        },
        "2004-07": {
            "month": "2004-07",
            "price": "21.11",
            "revenue": 140249
        },
        "2004-08": {
            "month": "2004-08",
            "price": "19.84",
            "revenue": 112247
        },
        "2004-09": {
            "month": "2004-09",
            "price": "23.64",
            "revenue": 142729
        },
        "2004-10": {
            "month": "2004-10",
            "price": "24.86",
            "revenue": 129041
        },
        "2004-11": {
            "month": "2004-11",
            "price": "21.49",
            "revenue": 143934
        },
        "2004-12": {
            "month": "2004-12",
            "price": "20.84",
            "revenue": 175455
        },
        "2005-01": {
            "month": "2005-01",
            "price": "20.46",
            "revenue": 110974
        },
        "2005-02": {
            "month": "2005-02",
            "price": "24.95",
            "revenue": 106682
        },
        "2005-03": {
            "month": "2005-03",
            "price": "22.62",
            "revenue": 234526
        },
        "2005-04": {
            "month": "2005-04",
            "price": "18.93",
            "revenue": 226774
        },
        "2005-05": {
            "month": "2005-05",
            "price": "16.02",
            "revenue": 156152
        },
        "2005-06": {
            "month": "2005-06",
            "price": "16.45",
            "revenue": 192065
        },
        "2005-07": {
            "month": "2005-07",
            "price": "14.38",
            "revenue": 177811
        },
        "2005-08": {
            "month": "2005-08",
            "price": "12.75",
            "revenue": 180777
        },
        "2005-09": {
            "month": "2005-09",
            "price": "12.35",
            "revenue": 166826
        },
        "2005-10": {
            "month": "2005-10",
            "price": "9.23",
            "revenue": 195926
        },
        "2005-11": {
            "month": "2005-11",
            "price": "7.51",
            "revenue": 192006
        },
        "2005-12": {
            "month": "2005-12",
            "price": "7.35",
            "revenue": 137861
        },
        "2006-01": {
            "month": "2006-01",
            "price": "7.75",
            "revenue": 85473
        },
        "2006-02": {
            "month": "2006-02",
            "price": "8.70",
            "revenue": 76813
        },
        "2006-03": {
            "month": "2006-03",
            "price": "8.01",
            "revenue": 163077
        },
        "2006-04": {
            "month": "2006-04",
            "price": "10.96",
            "revenue": 188308
        },
        "2006-05": {
            "month": "2006-05",
            "price": "14.13",
            "revenue": 255762
        },
        "2006-06": {
            "month": "2006-06",
            "price": "11.80",
            "revenue": 232723
        },
        "2006-07": {
            "month": "2006-07",
            "price": "15.64",
            "revenue": 217279
        },
        "2006-08": {
            "month": "2006-08",
            "price": "18.44",
            "revenue": 294064
        },
        "2006-09": {
            "month": "2006-09",
            "price": "20.41",
            "revenue": 243229
        },
        "2006-10": {
            "month": "2006-10",
            "price": "28.13",
            "revenue": 194779
        },
        "2006-11": {
            "month": "2006-11",
            "price": "27.78",
            "revenue": 188188
        },
        "2006-12": {
            "month": "2006-12",
            "price": "26.98",
            "revenue": 270410
        },
        "2007-01": {
            "month": "2007-01",
            "price": "28.64",
            "revenue": 442268
        },
        "2007-02": {
            "month": "2007-02",
            "price": "27.53",
            "revenue": 221352
        },
        "2007-03": {
            "month": "2007-03",
            "price": "26.99",
            "revenue": 494922
        },
        "2007-04": {
            "month": "2007-04",
            "price": "29.71",
            "revenue": 377070
        },
        "2007-05": {
            "month": "2007-05",
            "price": "28.84",
            "revenue": 322137
        },
        "2007-06": {
            "month": "2007-06",
            "price": "27.66",
            "revenue": 208821
        },
        "2007-07": {
            "month": "2007-07",
            "price": "27.53",
            "revenue": 279499
        },
        "2007-08": {
            "month": "2007-08",
            "price": "21.12",
            "revenue": 219804
        },
        "2007-09": {
            "month": "2007-09",
            "price": "21.93",
            "revenue": 255067
        },
        "2007-10": {
            "month": "2007-10",
            "price": "20.65",
            "revenue": 213669
        },
        "2007-11": {
            "month": "2007-11",
            "price": "17.20",
            "revenue": 253526
        },
        "2007-12": {
            "month": "2007-12",
            "price": "14.18",
            "revenue": 230399
        },
        "2008-01": {
            "month": "2008-01",
            "price": "13.39",
            "revenue": 230335
        },
        "2008-02": {
            "month": "2008-02",
            "price": "13.75",
            "revenue": 116968
        },
        "2008-03": {
            "month": "2008-03",
            "price": "16.37",
            "revenue": 204451
        },
        "2008-04": {
            "month": "2008-04",
            "price": "15.75",
            "revenue": 183134
        },
        "2008-05": {
            "month": "2008-05",
            "price": "14.50",
            "revenue": 151934
        },
        "2008-06": {
            "month": "2008-06",
            "price": "12.53",
            "revenue": 139899
        },
        "2008-07": {
            "month": "2008-07",
            "price": "9.81",
            "revenue": 208510
        },
        "2008-08": {
            "month": "2008-08",
            "price": "8.73",
            "revenue": 172246
        },
        "2008-09": {
            "month": "2008-09",
            "price": "7.36",
            "revenue": 108573
        },
        "2008-10": {
            "month": "2008-10",
            "price": "5.60",
            "revenue": 162840
        },
        "2008-11": {
            "month": "2008-11",
            "price": "5.35",
            "revenue": 69931
        },
        "2008-12": {
            "month": "2008-12",
            "price": "5.69",
            "revenue": 128224
        },
        "2009-01": {
            "month": "2009-01",
            "price": "6.27",
            "revenue": 48941
        },
        "2009-02": {
            "month": "2009-02",
            "price": "5.90",
            "revenue": 62088
        },
        "2009-03": {
            "month": "2009-03",
            "price": "5.97",
            "revenue": 123289
        },
        "2009-04": {
            "month": "2009-04",
            "price": "8.97",
            "revenue": 152701
        },
        "2009-05": {
            "month": "2009-05",
            "price": "9.26",
            "revenue": 116688
        },
        "2009-06": {
            "month": "2009-06",
            "price": "11.31",
            "revenue": 80541
        },
        "2009-07": {
            "month": "2009-07",
            "price": "10.78",
            "revenue": 220968
        },
        "2009-08": {
            "month": "2009-08",
            "price": "11.71",
            "revenue": 269411
        },
        "2009-09": {
            "month": "2009-09",
            "price": "11.75",
            "revenue": 199906
        },
        "2009-10": {
            "month": "2009-10",
            "price": "11.60",
            "revenue": 166585
        },
        "2009-11": {
            "month": "2009-11",
            "price": "12.81",
            "revenue": 118220
        },
        "2009-12": {
            "month": "2009-12",
            "price": "13.67",
            "revenue": 88457
        },
        "2010-01": {
            "month": "2010-01",
            "price": "14.42",
            "revenue": 155645
        },
        "2010-02": {
            "month": "2010-02",
            "price": "12.45",
            "revenue": 139665
        },
        "2010-03": {
            "month": "2010-03",
            "price": "13.68",
            "revenue": 133922
        },
        "2010-04": {
            "month": "2010-04",
            "price": "15.01",
            "revenue": 270379
        },
        "2010-05": {
            "month": "2010-05",
            "price": "12.13",
            "revenue": 211076
        },
        "2010-06": {
            "month": "2010-06",
            "price": "10.94",
            "revenue": 205425
        },
        "2010-07": {
            "month": "2010-07",
            "price": "11.02",
            "revenue": 180203
        },
        "2010-08": {
            "month": "2010-08",
            "price": "11.75",
            "revenue": 109261
        },
        "2010-09": {
            "month": "2010-09",
            "price": "11.28",
            "revenue": 93738
        },
        "2010-10": {
            "month": "2010-10",
            "price": "11.26",
            "revenue": 129078
        },
        "2010-11": {
            "month": "2010-11",
            "price": "10.78",
            "revenue": 109203
        },
        "2010-12": {
            "month": "2010-12",
            "price": "10.71",
            "revenue": 231267
        },
        "2011-01": {
            "month": "2011-01",
            "price": "11.06",
            "revenue": 216686
        },
        "2011-02": {
            "month": "2011-02",
            "price": "11.88",
            "revenue": 117578
        },
        "2011-03": {
            "month": "2011-03",
            "price": "10.80",
            "revenue": 297549
        },
        "2011-04": {
            "month": "2011-04",
            "price": "10.93",
            "revenue": 233137
        },
        "2011-05": {
            "month": "2011-05",
            "price": "10.97",
            "revenue": 185535
        },
        "2011-06": {
            "month": "2011-06",
            "price": "10.69",
            "revenue": 134436
        },
        "2011-07": {
            "month": "2011-07",
            "price": "9.92",
            "revenue": 154902
        },
        "2011-08": {
            "month": "2011-08",
            "price": "9.62",
            "revenue": 192095
        },
        "2011-09": {
            "month": "2011-09",
            "price": "9.21",
            "revenue": 169796
        },
        "2011-10": {
            "month": "2011-10",
            "price": "8.91",
            "revenue": 147410
        },
        "2011-11": {
            "month": "2011-11",
            "price": "8.38",
            "revenue": 117582
        },
        "2011-12": {
            "month": "2011-12",
            "price": "7.23",
            "revenue": 133349
        },
        "2012-01": {
            "month": "2012-01",
            "price": "7.01",
            "revenue": 72069
        },
        "2012-02": {
            "month": "2012-02",
            "price": "8.28",
            "revenue": 130350
        },
        "2012-03": {
            "month": "2012-03",
            "price": "8.70",
            "revenue": 135131
        },
        "2012-04": {
            "month": "2012-04",
            "price": "8.11",
            "revenue": 198351
        },
        "2012-05": {
            "month": "2012-05",
            "price": "7.24",
            "revenue": 165890
        },
        "2012-06": {
            "month": "2012-06",
            "price": "6.96",
            "revenue": 193780
        },
        "2012-07": {
            "month": "2012-07",
            "price": "6.88",
            "revenue": 180203
        },
        "2012-08": {
            "month": "2012-08",
            "price": "6.82",
            "revenue": 220070
        },
        "2012-09": {
            "month": "2012-09",
            "price": "7.19",
            "revenue": 179965
        },
        "2012-10": {
            "month": "2012-10",
            "price": "7.73",
            "revenue": 103085
        },
        "2012-11": {
            "month": "2012-11",
            "price": "7.20",
            "revenue": 105431
        },
        "2012-12": {
            "month": "2012-12",
            "price": "7.13",
            "revenue": 115750
        },
        "2013-01": {
            "month": "2013-01",
            "price": "7.56",
            "revenue": 947539
        },
        "2013-02": {
            "month": "2013-02",
            "price": "7.27",
            "revenue": 510324
        },
        "2013-03": {
            "month": "2013-03",
            "price": "7.15",
            "revenue": 1173952
        },
        "2013-04": {
            "month": "2013-04",
            "price": "7.28",
            "revenue": 1099375
        },
        "2013-05": {
            "month": "2013-05",
            "price": "7.40",
            "revenue": 1101364
        },
        "2013-06": {
            "month": "2013-06",
            "price": "7.30",
            "revenue": 895028
        },
        "2013-07": {
            "month": "2013-07",
            "price": "7.19",
            "revenue": 855966
        },
        "2013-08": {
            "month": "2013-08",
            "price": "7.12",
            "revenue": 1159543
        },
        "2013-09": {
            "month": "2013-09",
            "price": "7.04",
            "revenue": 1000883
        },
        "2013-10": {
            "month": "2013-10",
            "price": "6.89",
            "revenue": 908857
        },
        "2013-11": {
            "month": "2013-11",
            "price": "6.62",
            "revenue": 881683
        },
        "2013-12": {
            "month": "2013-12",
            "price": "6.57",
            "revenue": 938416
        },
        "2014-01": {
            "month": "2014-01",
            "price": "6.94",
            "revenue": 762568
        },
        "2014-02": {
            "month": "2014-02",
            "price": "6.97",
            "revenue": 597641
        },
        "2014-03": {
            "month": "2014-03",
            "price": "7.04",
            "revenue": 1053287
        },
        "2014-04": {
            "month": "2014-04",
            "price": "7.47",
            "revenue": 1130718
        },
        "2014-05": {
            "month": "2014-05",
            "price": "8.62",
            "revenue": 1281370
        },
        "2014-06": {
            "month": "2014-06",
            "price": "8.09",
            "revenue": 1226027
        },
        "2014-07": {
            "month": "2014-07",
            "price": "8.14",
            "revenue": 1240594
        },
        "2014-08": {
            "month": "2014-08",
            "price": "10.45",
            "revenue": 1089806
        },
        "2014-09": {
            "month": "2014-09",
            "price": "12.22",
            "revenue": 1483508
        },
        "2014-10": {
            "month": "2014-10",
            "price": "11.53",
            "revenue": 928017
        },
        "2014-11": {
            "month": "2014-11",
            "price": "11.06",
            "revenue": 1548378
        },
        "2014-12": {
            "month": "2014-12",
            "price": "10.85",
            "revenue": 1420661
        },
        "2015-01": {
            "month": "2015-01",
            "price": "10.80",
            "revenue": 1132086
        },
        "2015-02": {
            "month": "2015-02",
            "price": "10.42",
            "revenue": 602584
        },
        "2015-03": {
            "month": "2015-03",
            "price": "10.45",
            "revenue": 1262708
        },
        "2015-04": {
            "month": "2015-04",
            "price": "10.13",
            "revenue": 1272084
        },
        "2015-05": {
            "month": "2015-05",
            "price": "9.58",
            "revenue": 1161031
        },
        "2015-06": {
            "month": "2015-06",
            "price": "8.83",
            "revenue": 1046464
        },
        "2015-07": {
            "month": "2015-07",
            "price": "7.78",
            "revenue": 1197397
        },
        "2015-08": {
            "month": "2015-08",
            "price": "6.94",
            "revenue": 1440015
        },
        "2015-09": {
            "month": "2015-09",
            "price": "7.33",
            "revenue": 1409454
        },
        "2015-10": {
            "month": "2015-10",
            "price": "8.36",
            "revenue": 1119652
        },
        "2015-11": {
            "month": "2015-11",
            "price": "7.42",
            "revenue": 1228480
        },
        "2015-12": {
            "month": "2015-12",
            "price": "6.89",
            "revenue": 1291733
        },
        "2016-01": {
            "month": "2016-01",
            "price": "6.66",
            "revenue": 888648
        },
        "2016-02": {
            "month": "2016-02",
            "price": "7.11",
            "revenue": 460840
        },
        "2016-03": {
            "month": "2016-03",
            "price": "7.23",
            "revenue": 1098209
        },
        "2016-04": {
            "month": "2016-04",
            "price": "7.03",
            "revenue": 1099062
        },
        "2016-05": {
            "month": "2016-05",
            "price": "6.87",
            "revenue": 1072417
        },
        "2016-06": {
            "month": "2016-06",
            "price": "6.85",
            "revenue": 1136555
        },
        "2016-07": {
            "month": "2016-07",
            "price": "7.58",
            "revenue": 976220
        },
        "2016-08": {
            "month": "2016-08",
            "price": "7.27",
            "revenue": 1046060
        },
        "2016-09": {
            "month": "2016-09",
            "price": "6.97",
            "revenue": 1251978
        },
        "2016-10": {
            "month": "2016-10",
            "price": "7.11",
            "revenue": 1337579
        },
        "2016-11": {
            "month": "2016-11",
            "price": "8.29",
            "revenue": 1462143
        },
        "2016-12": {
            "month": "2016-12",
            "price": "9.26",
            "revenue": 1615595
        },
        "2017-01": {
            "month": "2017-01",
            "price": "10.40",
            "revenue": 875053
        },
        "2017-02": {
            "month": "2017-02",
            "price": "14.08",
            "revenue": 1465095
        },
        "2017-03": {
            "month": "2017-03",
            "price": "22.03",
            "revenue": 1286031
        },
        "2017-04": {
            "month": "2017-04",
            "price": "20.39",
            "revenue": 1266663
        },
        "2017-05": {
            "month": "2017-05",
            "price": "15.71",
            "revenue": 1328232
        },
        "2017-06": {
            "month": "2017-06",
            "price": "16.03",
            "revenue": 1414743
        },
        "2017-07": {
            "month": "2017-07",
            "price": "18.07",
            "revenue": 1396622
        },
        "2017-08": {
            "month": "2017-08",
            "price": "17.40",
            "revenue": 1493337
        },
        "2017-09": {
            "month": "2017-09",
            "price": "16.60",
            "revenue": 1791117
        },
        "2017-10": {
            "month": "2017-10",
            "price": "17.54",
            "revenue": 1410258
        },
        "2017-11": {
            "month": "2017-11",
            "price": "17.75",
            "revenue": 1814294
        },
        "2017-12": {
            "month": "2017-12",
            "price": "16.69",
            "revenue": 1732539
        },
        "2018-01": {
            "month": "2018-01",
            "price": "17.78",
            "revenue": 1375859
        },
        "2018-02": {
            "month": "2018-02",
            "price": "16.26",
            "revenue": 878614
        },
        "2018-03": {
            "month": "2018-03",
            "price": "15.50",
            "revenue": 1545156
        },
        "2018-04": {
            "month": "2018-04",
            "price": "13.26",
            "revenue": 1792374
        },
        "2018-05": {
            "month": "2018-05",
            "price": "12.88",
            "revenue": 1306924
        },
        "2018-06": {
            "month": "2018-06",
            "price": "13.28",
            "revenue": 1335071
        },
        "2018-07": {
            "month": "2018-07",
            "price": "11.04",
            "revenue": 1274161
        },
        "2018-08": {
            "month": "2018-08",
            "price": "10.85",
            "revenue": 1308214
        },
        "2018-09": {
            "month": "2018-09",
            "price": "9.93",
            "revenue": 1298937
        },
        "2018-10": {
            "month": "2018-10",
            "price": "8.70",
            "revenue": 1208652
        },
        "2018-11": {
            "month": "2018-11",
            "price": "8.37",
            "revenue": 1623236
        },
        "2018-12": {
            "month": "2018-12",
            "price": "8.99",
            "revenue": 1484537
        },
        "2019-01": {
            "month": "2019-01",
            "price": "8.91",
            "revenue": 1291471
        },
        "2019-02": {
            "month": "2019-02",
            "price": "9.18",
            "revenue": 748882
        },
        "2019-03": {
            "month": "2019-03",
            "price": "9.19",
            "revenue": 1438476
        },
        "2019-04": {
            "month": "2019-04",
            "price": "8.70",
            "revenue": 1042246
        },
        "2019-05": {
            "month": "2019-05",
            "price": "8.04",
            "revenue": 1565325
        },
        "2019-06": {
            "month": "2019-06",
            "price": "7.54",
            "revenue": 1521006
        },
        "2019-07": {
            "month": "2019-07",
            "price": "9.00",
            "revenue": 1211311
        },
        "2019-08": {
            "month": "2019-08",
            "price": "8.81",
            "revenue": 1394459
        },
        "2019-09": {
            "month": "2019-09",
            "price": "9.26",
            "revenue": 1554974
        },
        "2019-10": {
            "month": "2019-10",
            "price": "9.09",
            "revenue": 1420452
        },
        "2019-11": {
            "month": "2019-11",
            "price": "8.78",
            "revenue": 1797928
        },
        "2019-12": {
            "month": "2019-12",
            "price": "9.07",
            "revenue": 1957455
        },
        "2020-02": {
            "month": "2020-02",
            "price": "9.12",
            "revenue": 397464
        },
        "2020-03": {
            "month": "2020-03",
            "price": "7.25",
            "revenue": 1570480
        },
        "2020-04": {
            "month": "2020-04",
            "price": "7.92",
            "revenue": 1081331
        },
        "2020-05": {
            "month": "2020-05",
            "price": "8.09",
            "revenue": 1027062
        },
        "2020-06": {
            "month": "2020-06",
            "price": "8.21",
            "revenue": 1114354
        },
        "2020-07": {
            "month": "2020-07",
            "price": "8.17",
            "revenue": 1229419
        },
        "2020-08": {
            "month": "2020-08",
            "price": "8.34",
            "revenue": 1382726
        },
        "2020-09": {
            "month": "2020-09",
            "price": "9.55",
            "revenue": 1417634
        },
        "2020-10": {
            "month": "2020-10",
            "price": "8.97",
            "revenue": 1247739
        },
        "2020-11": {
            "month": "2020-11",
            "price": "11.30",
            "revenue": 1482517
        },
        "2020-12": {
            "month": "2020-12",
            "price": "14.27",
            "revenue": 1772837
        },
        "2021-01": {
            "month": "2021-01",
            "price": "14.92",
            "revenue": 1294952
        },
        "2021-02": {
            "month": "2021-02",
            "price": "19.12",
            "revenue": 651538
        },
        "2021-03": {
            "month": "2021-03",
            "price": "17.90",
            "revenue": 1614295
        },
        "2021-04": {
            "month": "2021-04",
            "price": "19.37",
            "revenue": 1595293
        },
        "2021-05": {
            "month": "2021-05",
            "price": "17.55",
            "revenue": 1563183
        },
        "2021-06": {
            "month": "2021-06",
            "price": "18.50",
            "revenue": 1539969
        },
        "2021-07": {
            "month": "2021-07",
            "price": "26.49",
            "revenue": 1568693
        },
        "2021-08": {
            "month": "2021-08",
            "price": "23.65",
            "revenue": 1634602
        },
        "2021-09": {
            "month": "2021-09",
            "price": "24.42",
            "revenue": 1850430
        },
        "2021-10": {
            "month": "2021-10",
            "price": "21.04",
            "revenue": 1792661
        },
        "2021-11": {
            "month": "2021-11",
            "price": "21.48",
            "revenue": 1721579
        },
        "2021-12": {
            "month": "2021-12",
            "price": "21.96",
            "revenue": 1725165
        },
        "2022-01": {
            "month": "2022-01",
            "price": "20.06",
            "revenue": 1279795
        },
        "2022-02": {
            "month": "2022-02",
            "price": "20.13",
            "revenue": 1149829
        },
        "2022-03": {
            "month": "2022-03",
            "price": "21.43",
            "revenue": 1894780
        },
        "2022-04": {
            "month": "2022-04",
            "price": "21.57",
            "revenue": 1678234
        },
        "2022-05": {
            "month": "2022-05",
            "price": "19.63",
            "revenue": 2037479
        },
        "2022-06": {
            "month": "2022-06",
            "price": "18.89",
            "revenue": 1924210
        },
        "2022-07": {
            "month": "2022-07",
            "price": "17.14",
            "revenue": 1746155
        },
        "2022-08": {
            "month": "2022-08",
            "price": "17.32",
            "revenue": 1784824
        },
        "2022-09": {
            "month": "2022-09",
            "price": "15.71",
            "revenue": 1622227
        },
        "2022-10": {
            "month": "2022-10",
            "price": "13.08",
            "revenue": 1420741
        },
        "2022-11": {
            "month": "2022-11",
            "price": "14.71",
            "revenue": 1479672
        },
        "2022-12": {
            "month": "2022-12",
            "price": "17.12",
            "revenue": 1154644
        },
        "2023-01": {
            "month": "2023-01",
            "price": "18.36",
            "revenue": 775610
        },
        "2023-02": {
            "month": "2023-02",
            "price": "18.11",
            "revenue": 1343372
        },
        "2023-03": {
            "month": "2023-03",
            "price": "17.62",
            "revenue": 1570814
        },
        "2023-04": {
            "month": "2023-04",
            "price": "16.71",
            "revenue": 1476026
        }
    }
}
