{
    "summary": {
        "stock_name": "華祺",
        "stock_id": "5015",
        "category": "鋼鐵",
        "main_business": "不銹鋼螺絲<br>不銹鋼線材",
        "website_url": "https://www.rodex.com.tw/",
        "ceo": "張順立",
        "pe_ratio": 16,
        "report_year_from": 2001,
        "report_year_to": 2023,
        "age": 23,
        "eps_negative_percentage": 4,
        "eps_growth_avg": {
            "last_all": 6.12,
            "last_2y": 40.91,
            "last_4y": 10.23,
            "last_8y": 11.31,
            "last_12y": 16.82,
            "last_16y": 2.19,
            "last_20y": 7.71,
            "at_2006_last_3y": 29.76,
            "at_2007_last_3y": 30.76,
            "at_2008_last_3y": 3.1,
            "at_2009_last_3y": 0.66,
            "at_2010_last_3y": -41.68,
            "at_2011_last_3y": -26.15,
            "at_2012_last_3y": -33.07,
            "at_2013_last_3y": -23.13,
            "at_2014_last_3y": 33.33,
            "at_2015_last_3y": -11.56,
            "at_2016_last_3y": 29.04,
            "at_2017_last_3y": 24.91,
            "at_2018_last_3y": 12.67,
            "at_2019_last_3y": 8.17,
            "at_2020_last_3y": -2.01,
            "at_2021_last_3y": 19.86,
            "at_2022_last_3y": 32.1,
            "at_2023_last_3y": 25.95,
            "at_2024_last_3y": 25.95,
            "at_2006_last_all": 18.69,
            "at_2007_last_all": 21.89,
            "at_2008_last_all": 8.43,
            "at_2009_last_all": -0.48,
            "at_2010_last_all": -8.14,
            "at_2011_last_all": 2.67,
            "at_2012_last_all": -6.66,
            "at_2013_last_all": -6.66,
            "at_2014_last_all": 2.23,
            "at_2015_last_all": -0.61,
            "at_2016_last_all": 0.99,
            "at_2017_last_all": 1.76,
            "at_2018_last_all": 4.84,
            "at_2019_last_all": 1.46,
            "at_2020_last_all": 0.32,
            "at_2021_last_all": 5.57,
            "at_2022_last_all": 10.29,
            "at_2023_last_all": 6.12,
            "at_2024_last_all": 6.12
        },
        "latest_eps": 2.68,
        "latest_price": 44.15,
        "latest_roe": 10.94,
        "latest_gross_margin": 19.15,
        "latest_equity": 1407936,
        "latest_revenue": 409278,
        "latest_gross_profit": 78373,
        "latest_net_income": 55797,
        "latest_debt_ratio": 45,
        "latest_current_ratio": 174.63,
        "latest_account_receivable_turnover_ratio": 2.47,
        "latest_inventory_turnover_ratio": 0.5,
        "latest_reinvestment_rate": 7,
        "latest_research_to_sale_ratio": 1.74
    },
    "eps_dividends": {
        "1999": {
            "cash": 0.3,
            "stock": 0.7,
            "eps": 0
        },
        "2000": {
            "cash": 0.3,
            "stock": 0.7,
            "eps": 0
        },
        "2001": {
            "cash": 1.2,
            "stock": 0.8,
            "eps": 2.54
        },
        "2002": {
            "cash": 1.2,
            "stock": 1,
            "eps": 1.89
        },
        "2003": {
            "cash": 1,
            "stock": 1,
            "eps": 2.53
        },
        "2004": {
            "cash": 1.2,
            "stock": 1,
            "eps": 3.5
        },
        "2005": {
            "cash": 1.5,
            "stock": 1.5,
            "eps": 1.64
        },
        "2006": {
            "cash": 1,
            "stock": 0.5,
            "eps": 3.46
        },
        "2007": {
            "cash": 1,
            "stock": 1,
            "eps": 4.77
        },
        "2008": {
            "cash": 3.5,
            "stock": 0,
            "eps": 1.32
        },
        "2009": {
            "cash": 1,
            "stock": 0,
            "eps": 0.49
        },
        "2010": {
            "cash": 1,
            "stock": 0,
            "eps": 0.15
        },
        "2011": {
            "cash": 0.4,
            "stock": 0,
            "eps": 2.1
        },
        "2012": {
            "cash": 1.5,
            "stock": 0,
            "eps": -0.18
        },
        "2013": {
            "cash": 0.2,
            "stock": 0,
            "eps": 1.62
        },
        "2014": {
            "cash": 1.2,
            "stock": 0,
            "eps": 3.72
        },
        "2015": {
            "cash": 3,
            "stock": 0,
            "eps": 2.43
        },
        "2016": {
            "cash": 2,
            "stock": 0,
            "eps": 2.96
        },
        "2017": {
            "cash": 2.5,
            "stock": 0,
            "eps": 3.33
        },
        "2018": {
            "cash": 3.1,
            "stock": 0,
            "eps": 5.03
        },
        "2019": {
            "cash": 4.2,
            "stock": 0,
            "eps": 2.38
        },
        "2020": {
            "cash": 2.4,
            "stock": 0,
            "eps": 1.93
        },
        "2021": {
            "cash": 1.9,
            "stock": 0,
            "eps": 4.11
        },
        "2022": {
            "cash": 3.5,
            "stock": 0,
            "eps": 9.46
        },
        "2023": {
            "cash": 5.6,
            "stock": 0,
            "eps": 2.15
        }
    },
    "dividends": {
        "1999-06-15": {
            "cash": 0.3,
            "stock": 0.7
        },
        "2000-04-05": {
            "cash": 0.3,
            "stock": 0.7
        },
        "2001-04-24": {
            "cash": 1.2,
            "stock": 0.8
        },
        "2002-05-17": {
            "cash": 1.2,
            "stock": 1
        },
        "2003-05-13": {
            "cash": 1,
            "stock": 1
        },
        "2004-02-16": {
            "cash": 1.2,
            "stock": 1
        },
        "2005-07-31": {
            "cash": 1.5,
            "stock": 1.5
        },
        "2006-03-06": {
            "cash": 1,
            "stock": 0.5
        },
        "2007-03-05": {
            "cash": 1,
            "stock": 1
        },
        "2008-03-11": {
            "cash": 3.5,
            "stock": 0
        },
        "2009-03-03": {
            "cash": 1,
            "stock": 0
        },
        "2010-03-08": {
            "cash": 1,
            "stock": 0
        },
        "2011-03-14": {
            "cash": 0.4,
            "stock": 0
        },
        "2012-05-30": {
            "cash": 1.5,
            "stock": 0
        },
        "2013-05-30": {
            "cash": 0.2,
            "stock": 0
        },
        "2014-05-26": {
            "cash": 1.2,
            "stock": 0
        },
        "2015-08-14": {
            "cash": 3,
            "stock": 0
        },
        "2016-07-22": {
            "cash": 2,
            "stock": 0
        },
        "2017-08-11": {
            "cash": 2.5,
            "stock": 0
        },
        "2018-07-27": {
            "cash": 3.1,
            "stock": 0
        },
        "2019-07-24": {
            "cash": 4.2,
            "stock": 0
        },
        "2020-07-24": {
            "cash": 2.4,
            "stock": 0
        },
        "2021-08-12": {
            "cash": 1.9,
            "stock": 0
        },
        "2022-07-27": {
            "cash": 3.5,
            "stock": 0
        },
        "2023-07-19": {
            "cash": 5.6,
            "stock": 0
        }
    },
    "prices": {
        "200101": "12.64",
        "200102": "14.94",
        "200103": "18.05",
        "200104": "19.92",
        "200105": "21.17",
        "200106": "29.00",
        "200107": "22.50",
        "200108": "23.84",
        "200109": "19.76",
        "200110": "17.02",
        "200111": "17.75",
        "200112": "18.62",
        "200201": "18.90",
        "200202": "19.07",
        "200203": "19.53",
        "200204": "19.84",
        "200205": "19.82",
        "200206": "20.40",
        "200207": "18.71",
        "200208": "18.85",
        "200209": "17.42",
        "200210": "17.55",
        "200211": "19.75",
        "200212": "19.70",
        "200301": "22.56",
        "200302": "22.97",
        "200303": "22.19",
        "200304": "24.17",
        "200305": "24.86",
        "200306": "25.09",
        "200307": "22.27",
        "200308": "22.92",
        "200309": "22.90",
        "200310": "22.06",
        "200311": "23.09",
        "200312": "22.50",
        "200401": "23.01",
        "200402": "24.34",
        "200403": "25.13",
        "200404": "23.99",
        "200405": "22.79",
        "200406": "22.80",
        "200407": "21.68",
        "200408": "22.78",
        "200409": "23.31",
        "200410": "22.89",
        "200411": "21.67",
        "200412": "21.89",
        "200501": "21.97",
        "200502": "22.02",
        "200503": "22.15",
        "200504": "22.08",
        "200505": "21.94",
        "200506": "21.91",
        "200507": "21.40",
        "200508": "20.51",
        "200509": "20.03",
        "200510": "17.90",
        "200511": "15.46",
        "200512": "14.97",
        "200601": "14.68",
        "200602": "14.65",
        "200603": "14.84",
        "200604": "16.17",
        "200605": "15.39",
        "200606": "14.71",
        "200607": "14.54",
        "200608": "13.98",
        "200609": "13.73",
        "200610": "16.44",
        "200611": "18.49",
        "200612": "19.70",
        "200701": "21.26",
        "200702": "23.41",
        "200703": "23.76",
        "200704": "34.22",
        "200705": "37.80",
        "200706": "41.53",
        "200707": "41.02",
        "200708": "37.26",
        "200709": "37.78",
        "200710": "35.78",
        "200711": "34.12",
        "200712": "30.40",
        "200801": "31.01",
        "200802": "31.39",
        "200803": "33.28",
        "200804": "32.99",
        "200805": "30.91",
        "200806": "27.93",
        "200807": "18.83",
        "200808": "17.76",
        "200809": "15.29",
        "200810": "13.96",
        "200811": "12.76",
        "200812": "11.89",
        "200901": "12.13",
        "200902": "11.98",
        "200903": "13.42",
        "200904": "16.19",
        "200905": "16.64",
        "200906": "16.76",
        "200907": "14.87",
        "200908": "15.28",
        "200909": "14.83",
        "200910": "15.22",
        "200911": "15.61",
        "200912": "15.92",
        "201001": "17.52",
        "201002": "15.59",
        "201003": "16.32",
        "201004": "17.80",
        "201005": "17.14",
        "201006": "17.04",
        "201007": "15.64",
        "201008": "15.79",
        "201009": "15.34",
        "201010": "15.15",
        "201011": "14.71",
        "201012": "14.60",
        "201101": "14.85",
        "201102": "14.76",
        "201103": "14.29",
        "201104": "14.53",
        "201105": "16.32",
        "201106": "16.43",
        "201107": "17.65",
        "201108": "17.10",
        "201109": "16.62",
        "201110": "15.90",
        "201111": "16.15",
        "201112": "15.45",
        "201201": "15.17",
        "201202": "17.11",
        "201203": "18.18",
        "201204": "17.50",
        "201205": "15.74",
        "201206": "15.45",
        "201207": "13.53",
        "201208": "13.09",
        "201209": "13.10",
        "201210": "12.75",
        "201211": "11.74",
        "201212": "11.62",
        "201301": "11.92",
        "201302": "11.76",
        "201303": "11.94",
        "201304": "11.74",
        "201305": "13.23",
        "201306": "13.89",
        "201307": "13.91",
        "201308": "15.45",
        "201309": "16.19",
        "201310": "16.13",
        "201311": "15.22",
        "201312": "15.25",
        "201401": "16.22",
        "201402": "16.29",
        "201403": "17.53",
        "201404": "20.43",
        "201405": "23.32",
        "201406": "21.75",
        "201407": "20.43",
        "201408": "21.98",
        "201409": "24.51",
        "201410": "21.16",
        "201411": "23.05",
        "201412": "24.55",
        "201501": "24.65",
        "201502": "23.74",
        "201503": "25.47",
        "201504": "26.58",
        "201505": "23.42",
        "201506": "21.66",
        "201507": "17.69",
        "201508": "13.58",
        "201509": "14.06",
        "201510": "15.60",
        "201511": "17.40",
        "201512": "16.66",
        "201601": "16.81",
        "201602": "17.92",
        "201603": "21.48",
        "201604": "23.58",
        "201605": "22.86",
        "201606": "23.65",
        "201607": "23.16",
        "201608": "25.26",
        "201609": "25.33",
        "201610": "25.05",
        "201611": "23.51",
        "201612": "23.59",
        "201701": "23.95",
        "201702": "24.88",
        "201703": "25.93",
        "201704": "27.48",
        "201705": "26.87",
        "201706": "27.56",
        "201707": "25.50",
        "201708": "27.19",
        "201709": "27.49",
        "201710": "29.22",
        "201711": "31.54",
        "201712": "30.83",
        "201801": "32.45",
        "201802": "32.97",
        "201803": "35.63",
        "201804": "40.08",
        "201805": "39.72",
        "201806": "40.00",
        "201807": "37.26",
        "201808": "38.68",
        "201809": "39.34",
        "201810": "38.15",
        "201811": "40.75",
        "201812": "40.49",
        "201901": "41.63",
        "201902": "42.30",
        "201903": "45.16",
        "201904": "45.73",
        "201905": "43.34",
        "201906": "44.59",
        "201907": "42.55",
        "201908": "40.25",
        "201909": "39.75",
        "201910": "39.80",
        "201911": "37.71",
        "201912": "37.84",
        "202001": "37.62",
        "202002": "36.59",
        "202003": "31.87",
        "202004": "32.90",
        "202005": "35.60",
        "202006": "35.52",
        "202007": "33.03",
        "202008": "31.42",
        "202009": "31.98",
        "202010": "32.35",
        "202011": "31.90",
        "202012": "31.73",
        "202101": "31.37",
        "202102": "30.88",
        "202103": "32.00",
        "202104": "34.65",
        "202105": "32.24",
        "202106": "32.55",
        "202107": "34.74",
        "202108": "34.21",
        "202109": "34.16",
        "202110": "34.09",
        "202111": "35.97",
        "202112": "36.30",
        "202201": "37.48",
        "202202": "39.45",
        "202203": "42.07",
        "202204": "43.94",
        "202205": "44.87",
        "202206": "44.49",
        "202207": "41.64",
        "202208": "54.36",
        "202209": "60.37",
        "202210": "59.06",
        "202211": "68.79",
        "202212": "61.40",
        "202301": "57.29",
        "202302": "57.41",
        "202303": "59.51",
        "202304": "55.74",
        "202305": "52.12",
        "202306": "52.15",
        "202307": "42.86",
        "202308": "42.62",
        "202309": "43.63",
        "202310": "42.95",
        "202311": "43.23",
        "202312": "44.76"
    },
    "quarters": {
        "20011": {
            "year_quarter": 20011,
            "year": 2001,
            "quarter": 1,
            "eps": 0.63,
            "eps_growth_year": 162.5,
            "eps_4q": 2.61,
            "eps_4q_growth_year": 37.94,
            "roe": 4.27,
            "roe_4q": 4.27,
            "gross_profit": 42805,
            "gross_margin": 22.8,
            "gross_margin_4q_avg": 22.8,
            "net_income": 14446,
            "net_income_4q": null,
            "revenue": 187780,
            "revenue_4q": null,
            "common_shares": 228980,
            "book_valuer_per_share": 15.1,
            "book_valuer_per_share_4q_avg": 15.1,
            "equity": 345853,
            "current_ratio": 201.49,
            "debt_ratio": 35.93,
            "inventory_turnover_ratio": 1.38,
            "account_receivable_turnover_ratio": null,
            "reinvestment_rate": null,
            "research_to_sale_ratio": null,
            "price_fair": 0,
            "eps_avg_yearly": 0,
            "eps_latest_yearly": 0,
            "eps_growth_yearly": 0
        },
        "20012": {
            "year_quarter": 20012,
            "year": 2001,
            "quarter": 2,
            "eps": 0.99,
            "eps_growth_year": 70.69,
            "eps_4q": 2.88,
            "eps_4q_growth_year": 37.61,
            "roe": 7.12,
            "roe_4q": 11.39,
            "gross_profit": 48048,
            "gross_margin": 23.44,
            "gross_margin_4q_avg": 23.12,
            "net_income": 24404,
            "net_income_4q": null,
            "revenue": 205016,
            "revenue_4q": null,
            "common_shares": 228980,
            "book_valuer_per_share": 14.84,
            "book_valuer_per_share_4q_avg": 14.97,
            "equity": 339856,
            "current_ratio": 116.24,
            "debt_ratio": 48.44,
            "inventory_turnover_ratio": 1.47,
            "account_receivable_turnover_ratio": null,
            "reinvestment_rate": null,
            "research_to_sale_ratio": null,
            "price_fair": 0,
            "eps_avg_yearly": 0,
            "eps_latest_yearly": 0,
            "eps_growth_yearly": 0
        },
        "20013": {
            "year_quarter": 20013,
            "year": 2001,
            "quarter": 3,
            "eps": 0.49,
            "eps_growth_year": -32.88,
            "eps_4q": 2.8,
            "eps_4q_growth_year": 26.3,
            "roe": 3.14,
            "roe_4q": 14.53,
            "gross_profit": 36651,
            "gross_margin": 20.15,
            "gross_margin_4q_avg": 22.13,
            "net_income": 11495,
            "net_income_4q": null,
            "revenue": 181873,
            "revenue_4q": null,
            "common_shares": 271298,
            "book_valuer_per_share": 14.43,
            "book_valuer_per_share_4q_avg": 14.79,
            "equity": 391431,
            "current_ratio": 176.75,
            "debt_ratio": 41.1,
            "inventory_turnover_ratio": 1.46,
            "account_receivable_turnover_ratio": null,
            "reinvestment_rate": null,
            "research_to_sale_ratio": null,
            "price_fair": 0,
            "eps_avg_yearly": 0,
            "eps_latest_yearly": 0,
            "eps_growth_yearly": 0
        },
        "20014": {
            "year_quarter": 20014,
            "year": 2001,
            "quarter": 4,
            "eps": 0.43,
            "eps_growth_year": -35.82,
            "eps_4q": 2.44,
            "eps_4q_growth_year": 10.99,
            "roe": 2.7,
            "roe_4q": 17.23,
            "gross_profit": 24222,
            "gross_margin": 15.94,
            "gross_margin_4q_avg": 20.58,
            "net_income": 10744,
            "net_income_4q": null,
            "revenue": 151934,
            "revenue_4q": null,
            "common_shares": 271298,
            "book_valuer_per_share": 14.87,
            "book_valuer_per_share_4q_avg": 14.81,
            "equity": 403348,
            "current_ratio": 215.17,
            "debt_ratio": 34.89,
            "inventory_turnover_ratio": 1.78,
            "account_receivable_turnover_ratio": null,
            "reinvestment_rate": null,
            "research_to_sale_ratio": null,
            "price_fair": 0,
            "eps_avg_yearly": 0,
            "eps_latest_yearly": 0,
            "eps_growth_yearly": 0
        },
        "20021": {
            "year_quarter": 20021,
            "year": 2002,
            "quarter": 1,
            "eps": 0.06,
            "eps_growth_year": -90.48,
            "eps_4q": 1.91,
            "eps_4q_growth_year": -26.78,
            "roe": 0.37,
            "roe_4q": 13.330000000000002,
            "gross_profit": 22931,
            "gross_margin": 15.2,
            "gross_margin_4q_avg": 18.68,
            "net_income": 1510,
            "net_income_4q": null,
            "revenue": 150833,
            "revenue_4q": null,
            "common_shares": 271298,
            "book_valuer_per_share": 14.92,
            "book_valuer_per_share_4q_avg": 14.77,
            "equity": 404858,
            "current_ratio": 171.78,
            "debt_ratio": 37.33,
            "inventory_turnover_ratio": 1.98,
            "account_receivable_turnover_ratio": null,
            "reinvestment_rate": null,
            "research_to_sale_ratio": null,
            "price_fair": 0.72,
            "eps_avg_yearly": 0.24,
            "eps_latest_yearly": 0.24,
            "eps_growth_yearly": -344.19
        },
        "20022": {
            "year_quarter": 20022,
            "year": 2002,
            "quarter": 2,
            "eps": 0.5,
            "eps_growth_year": -49.49,
            "eps_4q": 1.37,
            "eps_4q_growth_year": -52.33,
            "roe": 3.45,
            "roe_4q": 9.66,
            "gross_profit": 40802,
            "gross_margin": 20.84,
            "gross_margin_4q_avg": 18.03,
            "net_income": 13614,
            "net_income_4q": null,
            "revenue": 195755,
            "revenue_4q": null,
            "common_shares": 271298,
            "book_valuer_per_share": 14.19,
            "book_valuer_per_share_4q_avg": 14.6,
            "equity": 384862,
            "current_ratio": 139.74,
            "debt_ratio": 44.74,
            "inventory_turnover_ratio": 1.99,
            "account_receivable_turnover_ratio": null,
            "reinvestment_rate": null,
            "research_to_sale_ratio": null,
            "price_fair": 39.2,
            "eps_avg_yearly": 1.12,
            "eps_latest_yearly": 2,
            "eps_growth_yearly": 1294.57
        },
        "20023": {
            "year_quarter": 20023,
            "year": 2002,
            "quarter": 3,
            "eps": 0.84,
            "eps_growth_year": 71.43,
            "eps_4q": 1.7,
            "eps_4q_growth_year": -39.2,
            "roe": 6.33,
            "roe_4q": 12.850000000000001,
            "gross_profit": 42823,
            "gross_margin": 19.03,
            "gross_margin_4q_avg": 17.75,
            "net_income": 25151,
            "net_income_4q": null,
            "revenue": 225055,
            "revenue_4q": null,
            "common_shares": 300000,
            "book_valuer_per_share": 13.67,
            "book_valuer_per_share_4q_avg": 14.41,
            "equity": 410014,
            "current_ratio": 136.04,
            "debt_ratio": 46.76,
            "inventory_turnover_ratio": 1.93,
            "account_receivable_turnover_ratio": null,
            "reinvestment_rate": null,
            "research_to_sale_ratio": null,
            "price_fair": 65.33,
            "eps_avg_yearly": 1.87,
            "eps_latest_yearly": 3.36,
            "eps_growth_yearly": 953.72
        },
        "20024": {
            "year_quarter": 20024,
            "year": 2002,
            "quarter": 4,
            "eps": 0.49,
            "eps_growth_year": 13.95,
            "eps_4q": 1.92,
            "eps_4q_growth_year": -21.56,
            "roe": 3.31,
            "roe_4q": 13.459999999999999,
            "gross_profit": 47119,
            "gross_margin": 20.06,
            "gross_margin_4q_avg": 18.78,
            "net_income": 13821,
            "net_income_4q": null,
            "revenue": 234929,
            "revenue_4q": null,
            "common_shares": 300000,
            "book_valuer_per_share": 14.21,
            "book_valuer_per_share_4q_avg": 14.25,
            "equity": 426294,
            "current_ratio": 136.22,
            "debt_ratio": 47.3,
            "inventory_turnover_ratio": 1.9,
            "account_receivable_turnover_ratio": null,
            "reinvestment_rate": 102.8,
            "research_to_sale_ratio": null,
            "price_fair": 66.15,
            "eps_avg_yearly": 1.89,
            "eps_latest_yearly": 1.96,
            "eps_growth_yearly": 673.62
        },
        "20031": {
            "year_quarter": 20031,
            "year": 2003,
            "quarter": 1,
            "eps": 0.71,
            "eps_growth_year": 1083.33,
            "eps_4q": 2.47,
            "eps_4q_growth_year": 29.18,
            "roe": 4.85,
            "roe_4q": 17.94,
            "gross_profit": 51005,
            "gross_margin": 21.39,
            "gross_margin_4q_avg": 20.33,
            "net_income": 21194,
            "net_income_4q": null,
            "revenue": 238421,
            "revenue_4q": null,
            "common_shares": 300000,
            "book_valuer_per_share": 14.91,
            "book_valuer_per_share_4q_avg": 14.25,
            "equity": 447289,
            "current_ratio": 110.81,
            "debt_ratio": 46.16,
            "inventory_turnover_ratio": 1.65,
            "account_receivable_turnover_ratio": null,
            "reinvestment_rate": 91.74,
            "research_to_sale_ratio": null,
            "price_fair": 72.8,
            "eps_avg_yearly": 2.08,
            "eps_latest_yearly": 2.84,
            "eps_growth_yearly": 574.81
        },
        "20032": {
            "year_quarter": 20032,
            "year": 2003,
            "quarter": 2,
            "eps": 0.58,
            "eps_growth_year": 16,
            "eps_4q": 2.39,
            "eps_4q_growth_year": 73.84,
            "roe": 4.37,
            "roe_4q": 18.86,
            "gross_profit": 48249,
            "gross_margin": 19.9,
            "gross_margin_4q_avg": 20.1,
            "net_income": 19328,
            "net_income_4q": null,
            "revenue": 242400,
            "revenue_4q": null,
            "common_shares": 300000,
            "book_valuer_per_share": 14.58,
            "book_valuer_per_share_4q_avg": 14.34,
            "equity": 437499,
            "current_ratio": 103.75,
            "debt_ratio": 53.84,
            "inventory_turnover_ratio": 1.34,
            "account_receivable_turnover_ratio": null,
            "reinvestment_rate": 81.29,
            "research_to_sale_ratio": null,
            "price_fair": 74.2,
            "eps_avg_yearly": 2.12,
            "eps_latest_yearly": 2.32,
            "eps_growth_yearly": 466.81
        },
        "20033": {
            "year_quarter": 20033,
            "year": 2003,
            "quarter": 3,
            "eps": 0.53,
            "eps_growth_year": -36.9,
            "eps_4q": 2.17,
            "eps_4q_growth_year": 27.3,
            "roe": 3.94,
            "roe_4q": 16.47,
            "gross_profit": 49743,
            "gross_margin": 17.2,
            "gross_margin_4q_avg": 19.64,
            "net_income": 17571,
            "net_income_4q": null,
            "revenue": 289171,
            "revenue_4q": null,
            "common_shares": 331460,
            "book_valuer_per_share": 13.73,
            "book_valuer_per_share_4q_avg": 14.36,
            "equity": 455023,
            "current_ratio": 157.09,
            "debt_ratio": 51.53,
            "inventory_turnover_ratio": 1.59,
            "account_receivable_turnover_ratio": null,
            "reinvestment_rate": 81.03,
            "research_to_sale_ratio": null,
            "price_fair": 74.2,
            "eps_avg_yearly": 2.12,
            "eps_latest_yearly": 2.12,
            "eps_growth_yearly": 395.19
        },
        "20034": {
            "year_quarter": 20034,
            "year": 2003,
            "quarter": 4,
            "eps": 0.71,
            "eps_growth_year": 44.9,
            "eps_4q": 2.45,
            "eps_4q_growth_year": 27.93,
            "roe": 5.05,
            "roe_4q": 18.21,
            "gross_profit": 48763,
            "gross_margin": 15.44,
            "gross_margin_4q_avg": 18.48,
            "net_income": 23656,
            "net_income_4q": null,
            "revenue": 315871,
            "revenue_4q": null,
            "common_shares": 331686,
            "book_valuer_per_share": 14.54,
            "book_valuer_per_share_4q_avg": 14.44,
            "equity": 482169,
            "current_ratio": 134.18,
            "debt_ratio": 60.47,
            "inventory_turnover_ratio": 1.04,
            "account_receivable_turnover_ratio": null,
            "reinvestment_rate": 111.04,
            "research_to_sale_ratio": null,
            "price_fair": 77.35,
            "eps_avg_yearly": 2.21,
            "eps_latest_yearly": 2.84,
            "eps_growth_yearly": 362.77
        },
        "20041": {
            "year_quarter": 20041,
            "year": 2004,
            "quarter": 1,
            "eps": 0.69,
            "eps_growth_year": -2.82,
            "eps_4q": 2.51,
            "eps_4q_growth_year": 1.6,
            "roe": 4.65,
            "roe_4q": 18.009999999999998,
            "gross_profit": 57754,
            "gross_margin": 18.33,
            "gross_margin_4q_avg": 17.72,
            "net_income": 22943,
            "net_income_4q": null,
            "revenue": 314999,
            "revenue_4q": null,
            "common_shares": 331686,
            "book_valuer_per_share": 15.21,
            "book_valuer_per_share_4q_avg": 14.52,
            "equity": 504392,
            "current_ratio": 141.55,
            "debt_ratio": 58.29,
            "inventory_turnover_ratio": 0.78,
            "account_receivable_turnover_ratio": null,
            "reinvestment_rate": 69.12,
            "research_to_sale_ratio": null,
            "price_fair": 79.49,
            "eps_avg_yearly": 2.27,
            "eps_latest_yearly": 2.76,
            "eps_growth_yearly": 321.21
        },
        "20042": {
            "year_quarter": 20042,
            "year": 2004,
            "quarter": 2,
            "eps": 1.1,
            "eps_growth_year": 89.66,
            "eps_4q": 2.84,
            "eps_4q_growth_year": 19.18,
            "roe": 8,
            "roe_4q": 21.64,
            "gross_profit": 70307,
            "gross_margin": 20.89,
            "gross_margin_4q_avg": 17.97,
            "net_income": 40499,
            "net_income_4q": null,
            "revenue": 336552,
            "revenue_4q": null,
            "common_shares": 333941,
            "book_valuer_per_share": 15.2,
            "book_valuer_per_share_4q_avg": 14.67,
            "equity": 507605,
            "current_ratio": 137.65,
            "debt_ratio": 57.23,
            "inventory_turnover_ratio": 0.88,
            "account_receivable_turnover_ratio": null,
            "reinvestment_rate": 58.61,
            "research_to_sale_ratio": null,
            "price_fair": 86.94,
            "eps_avg_yearly": 2.48,
            "eps_latest_yearly": 4.4,
            "eps_growth_yearly": 312.86
        },
        "20043": {
            "year_quarter": 20043,
            "year": 2004,
            "quarter": 3,
            "eps": 0.9,
            "eps_growth_year": 69.81,
            "eps_4q": 3.26,
            "eps_4q_growth_year": 50.1,
            "roe": 6.23,
            "roe_4q": 23.930000000000003,
            "gross_profit": 59040,
            "gross_margin": 15.39,
            "gross_margin_4q_avg": 17.51,
            "net_income": 33272,
            "net_income_4q": null,
            "revenue": 383678,
            "revenue_4q": null,
            "common_shares": 378842,
            "book_valuer_per_share": 14.79,
            "book_valuer_per_share_4q_avg": 14.94,
            "equity": 560162,
            "current_ratio": 136.33,
            "debt_ratio": 54.79,
            "inventory_turnover_ratio": 1.02,
            "account_receivable_turnover_ratio": null,
            "reinvestment_rate": 50.65,
            "research_to_sale_ratio": null,
            "price_fair": 90.49,
            "eps_avg_yearly": 2.59,
            "eps_latest_yearly": 3.6,
            "eps_growth_yearly": 277.81
        },
        "20044": {
            "year_quarter": 20044,
            "year": 2004,
            "quarter": 4,
            "eps": 0.81,
            "eps_growth_year": 14.08,
            "eps_4q": 3.43,
            "eps_4q_growth_year": 39.59,
            "roe": 5.16,
            "roe_4q": 24.04,
            "gross_profit": 62861,
            "gross_margin": 12.22,
            "gross_margin_4q_avg": 16.71,
            "net_income": 29957,
            "net_income_4q": null,
            "revenue": 514562,
            "revenue_4q": null,
            "common_shares": 387022,
            "book_valuer_per_share": 15.55,
            "book_valuer_per_share_4q_avg": 15.19,
            "equity": 602005,
            "current_ratio": 132.82,
            "debt_ratio": 60.14,
            "inventory_turnover_ratio": 1.12,
            "account_receivable_turnover_ratio": null,
            "reinvestment_rate": 67.04,
            "research_to_sale_ratio": null,
            "price_fair": 92.4,
            "eps_avg_yearly": 2.64,
            "eps_latest_yearly": 3.24,
            "eps_growth_yearly": 251.32
        },
        "20051": {
            "year_quarter": 20051,
            "year": 2005,
            "quarter": 1,
            "eps": 0.26,
            "eps_growth_year": -62.32,
            "eps_4q": 2.91,
            "eps_4q_growth_year": 15.8,
            "roe": 1.62,
            "roe_4q": 21.01,
            "gross_profit": 45762,
            "gross_margin": 11.73,
            "gross_margin_4q_avg": 15.06,
            "net_income": 10185,
            "net_income_4q": null,
            "revenue": 390223,
            "revenue_4q": null,
            "common_shares": 407072,
            "book_valuer_per_share": 16.05,
            "book_valuer_per_share_4q_avg": 15.4,
            "equity": 653440,
            "current_ratio": 141.91,
            "debt_ratio": 48.34,
            "inventory_turnover_ratio": 0.84,
            "account_receivable_turnover_ratio": null,
            "reinvestment_rate": 40.25,
            "research_to_sale_ratio": null,
            "price_fair": 88.09,
            "eps_avg_yearly": 2.52,
            "eps_latest_yearly": 1.04,
            "eps_growth_yearly": 211.1
        },
        "20052": {
            "year_quarter": 20052,
            "year": 2005,
            "quarter": 2,
            "eps": 0.25,
            "eps_growth_year": -77.27,
            "eps_4q": 1.86,
            "eps_4q_growth_year": -34.65,
            "roe": 1.82,
            "roe_4q": 14.830000000000002,
            "gross_profit": 58982,
            "gross_margin": 14.58,
            "gross_margin_4q_avg": 13.48,
            "net_income": 11415,
            "net_income_4q": null,
            "revenue": 404589,
            "revenue_4q": null,
            "common_shares": 409166,
            "book_valuer_per_share": 14.61,
            "book_valuer_per_share_4q_avg": 15.25,
            "equity": 597918,
            "current_ratio": 126.73,
            "debt_ratio": 53.79,
            "inventory_turnover_ratio": 0.99,
            "account_receivable_turnover_ratio": null,
            "reinvestment_rate": 18.9,
            "research_to_sale_ratio": null,
            "price_fair": 84.3,
            "eps_avg_yearly": 2.41,
            "eps_latest_yearly": 1,
            "eps_growth_yearly": 194.92
        },
        "20053": {
            "year_quarter": 20053,
            "year": 2005,
            "quarter": 3,
            "eps": 0.7,
            "eps_growth_year": -22.22,
            "eps_4q": 1.8,
            "eps_4q_growth_year": -44.68,
            "roe": 5.3,
            "roe_4q": 13.9,
            "gross_profit": 54763,
            "gross_margin": 12.86,
            "gross_margin_4q_avg": 12.85,
            "net_income": 32771,
            "net_income_4q": null,
            "revenue": 425922,
            "revenue_4q": null,
            "common_shares": 409216,
            "book_valuer_per_share": 15.6,
            "book_valuer_per_share_4q_avg": 15.45,
            "equity": 638411,
            "current_ratio": 137.44,
            "debt_ratio": 49.82,
            "inventory_turnover_ratio": 1.14,
            "account_receivable_turnover_ratio": null,
            "reinvestment_rate": 14.94,
            "research_to_sale_ratio": null,
            "price_fair": 85.21,
            "eps_avg_yearly": 2.43,
            "eps_latest_yearly": 2.8,
            "eps_growth_yearly": 229.93
        },
        "20054": {
            "year_quarter": 20054,
            "year": 2005,
            "quarter": 4,
            "eps": 0.43,
            "eps_growth_year": -46.91,
            "eps_4q": 1.59,
            "eps_4q_growth_year": -53.64,
            "roe": 3.12,
            "roe_4q": 11.86,
            "gross_profit": 52604,
            "gross_margin": 12.52,
            "gross_margin_4q_avg": 12.92,
            "net_income": 20190,
            "net_income_4q": null,
            "revenue": 420144,
            "revenue_4q": null,
            "common_shares": 474127,
            "book_valuer_per_share": 13.86,
            "book_valuer_per_share_4q_avg": 15.03,
            "equity": 657231,
            "current_ratio": 148.96,
            "debt_ratio": 53.43,
            "inventory_turnover_ratio": 1.06,
            "account_receivable_turnover_ratio": null,
            "reinvestment_rate": 31.45,
            "research_to_sale_ratio": null,
            "price_fair": 83.65,
            "eps_avg_yearly": 2.39,
            "eps_latest_yearly": 1.72,
            "eps_growth_yearly": 205.91
        },
        "20061": {
            "year_quarter": 20061,
            "year": 2006,
            "quarter": 1,
            "eps": -0.04,
            "eps_growth_year": -115.38,
            "eps_4q": 1.22,
            "eps_4q_growth_year": -58.2,
            "roe": -0.31,
            "roe_4q": 9.93,
            "gross_profit": 51360,
            "gross_margin": 11.88,
            "gross_margin_4q_avg": 12.96,
            "net_income": -2051,
            "net_income_4q": null,
            "revenue": 432379,
            "revenue_4q": null,
            "common_shares": 474127,
            "book_valuer_per_share": 13.87,
            "book_valuer_per_share_4q_avg": 14.49,
            "equity": 657532,
            "current_ratio": 152.09,
            "debt_ratio": 46.67,
            "inventory_turnover_ratio": 1.14,
            "account_receivable_turnover_ratio": null,
            "reinvestment_rate": 6.31,
            "research_to_sale_ratio": null,
            "price_fair": 88.67,
            "eps_avg_yearly": 2.53,
            "eps_latest_yearly": 1.72,
            "eps_growth_yearly": 242.59
        },
        "20062": {
            "year_quarter": 20062,
            "year": 2006,
            "quarter": 2,
            "eps": 0.48,
            "eps_growth_year": 92,
            "eps_4q": 1.49,
            "eps_4q_growth_year": -19.62,
            "roe": 3.73,
            "roe_4q": 11.84,
            "gross_profit": 67319,
            "gross_margin": 14.94,
            "gross_margin_4q_avg": 13.05,
            "net_income": 24115,
            "net_income_4q": null,
            "revenue": 450458,
            "revenue_4q": null,
            "common_shares": 474333,
            "book_valuer_per_share": 13.37,
            "book_valuer_per_share_4q_avg": 14.18,
            "equity": 634061,
            "current_ratio": 132.43,
            "debt_ratio": 53.56,
            "inventory_turnover_ratio": 1.33,
            "account_receivable_turnover_ratio": null,
            "reinvestment_rate": 1.1,
            "research_to_sale_ratio": null,
            "price_fair": 90,
            "eps_avg_yearly": 2.57,
            "eps_latest_yearly": 1.72,
            "eps_growth_yearly": 50.39
        },
        "20063": {
            "year_quarter": 20063,
            "year": 2006,
            "quarter": 3,
            "eps": 1.2,
            "eps_growth_year": 71.43,
            "eps_4q": 2.04,
            "eps_4q_growth_year": 13.48,
            "roe": 9,
            "roe_4q": 15.54,
            "gross_profit": 86233,
            "gross_margin": 11.71,
            "gross_margin_4q_avg": 12.76,
            "net_income": 60072,
            "net_income_4q": null,
            "revenue": 736112,
            "revenue_4q": null,
            "common_shares": 501555,
            "book_valuer_per_share": 13.98,
            "book_valuer_per_share_4q_avg": 13.77,
            "equity": 701053,
            "current_ratio": 125.82,
            "debt_ratio": 59.26,
            "inventory_turnover_ratio": 1.66,
            "account_receivable_turnover_ratio": null,
            "reinvestment_rate": -2.42,
            "research_to_sale_ratio": null,
            "price_fair": 93.6,
            "eps_avg_yearly": 2.67,
            "eps_latest_yearly": 4.8,
            "eps_growth_yearly": 73.82
        },
        "20064": {
            "year_quarter": 20064,
            "year": 2006,
            "quarter": 4,
            "eps": 1.82,
            "eps_growth_year": 323.26,
            "eps_4q": 3.46,
            "eps_4q_growth_year": 117.78,
            "roe": 12.19,
            "roe_4q": 24.61,
            "gross_profit": 121440,
            "gross_margin": 14.86,
            "gross_margin_4q_avg": 13.35,
            "net_income": 91246,
            "net_income_4q": null,
            "revenue": 817341,
            "revenue_4q": null,
            "common_shares": 501555,
            "book_valuer_per_share": 15.88,
            "book_valuer_per_share_4q_avg": 14.28,
            "equity": 796604,
            "current_ratio": 139.93,
            "debt_ratio": 59.08,
            "inventory_turnover_ratio": 1.13,
            "account_receivable_turnover_ratio": null,
            "reinvestment_rate": 10.2,
            "research_to_sale_ratio": null,
            "price_fair": 106.9,
            "eps_avg_yearly": 3.05,
            "eps_latest_yearly": 7.28,
            "eps_growth_yearly": 100.49
        },
        "20071": {
            "year_quarter": 20071,
            "year": 2007,
            "quarter": 1,
            "eps": 1.61,
            "eps_growth_year": null,
            "eps_4q": 5.11,
            "eps_4q_growth_year": 320.32,
            "roe": 9.55,
            "roe_4q": 34.47,
            "gross_profit": 103582,
            "gross_margin": 13.2,
            "gross_margin_4q_avg": 13.68,
            "net_income": 80723,
            "net_income_4q": null,
            "revenue": 784622,
            "revenue_4q": null,
            "common_shares": 501555,
            "book_valuer_per_share": 17.81,
            "book_valuer_per_share_4q_avg": 15.26,
            "equity": 893439,
            "current_ratio": 136.83,
            "debt_ratio": 53.43,
            "inventory_turnover_ratio": 1.02,
            "account_receivable_turnover_ratio": null,
            "reinvestment_rate": -1.19,
            "research_to_sale_ratio": null,
            "price_fair": 115.9,
            "eps_avg_yearly": 3.31,
            "eps_latest_yearly": 6.44,
            "eps_growth_yearly": 84.36
        },
        "20072": {
            "year_quarter": 20072,
            "year": 2007,
            "quarter": 2,
            "eps": 1.6,
            "eps_growth_year": 233.33,
            "eps_4q": 5.76,
            "eps_4q_growth_year": 285.79,
            "roe": 9.79,
            "roe_4q": 40.53,
            "gross_profit": 139361,
            "gross_margin": 13.28,
            "gross_margin_4q_avg": 13.26,
            "net_income": 89221,
            "net_income_4q": null,
            "revenue": 1049179,
            "revenue_4q": null,
            "common_shares": 501555,
            "book_valuer_per_share": 18.53,
            "book_valuer_per_share_4q_avg": 16.55,
            "equity": 929302,
            "current_ratio": 125.64,
            "debt_ratio": 61.52,
            "inventory_turnover_ratio": 1.34,
            "account_receivable_turnover_ratio": null,
            "reinvestment_rate": -0.87,
            "research_to_sale_ratio": null,
            "price_fair": 126.1,
            "eps_avg_yearly": 3.6,
            "eps_latest_yearly": 6.4,
            "eps_growth_yearly": 89.41
        },
        "20073": {
            "year_quarter": 20073,
            "year": 2007,
            "quarter": 3,
            "eps": 1.06,
            "eps_growth_year": -11.67,
            "eps_4q": 5.76,
            "eps_4q_growth_year": 181.75,
            "roe": 6.16,
            "roe_4q": 37.69,
            "gross_profit": 61657,
            "gross_margin": 8.16,
            "gross_margin_4q_avg": 12.38,
            "net_income": 58917,
            "net_income_4q": null,
            "revenue": 755592,
            "revenue_4q": null,
            "common_shares": 556392,
            "book_valuer_per_share": 17.68,
            "book_valuer_per_share_4q_avg": 17.48,
            "equity": 983685,
            "current_ratio": 151.33,
            "debt_ratio": 50.22,
            "inventory_turnover_ratio": 1.03,
            "account_receivable_turnover_ratio": null,
            "reinvestment_rate": -1.62,
            "research_to_sale_ratio": null,
            "price_fair": 131.4,
            "eps_avg_yearly": 3.75,
            "eps_latest_yearly": 4.24,
            "eps_growth_yearly": 82.23
        },
        "20074": {
            "year_quarter": 20074,
            "year": 2007,
            "quarter": 4,
            "eps": 0.5,
            "eps_growth_year": -72.53,
            "eps_4q": 4.64,
            "eps_4q_growth_year": 34.26,
            "roe": 2.76,
            "roe_4q": 28.26,
            "gross_profit": 78715,
            "gross_margin": 10.56,
            "gross_margin_4q_avg": 11.3,
            "net_income": 27619,
            "net_income_4q": null,
            "revenue": 745269,
            "revenue_4q": null,
            "common_shares": 556392,
            "book_valuer_per_share": 18.25,
            "book_valuer_per_share_4q_avg": 18.07,
            "equity": 1015584,
            "current_ratio": 176.59,
            "debt_ratio": 50.21,
            "inventory_turnover_ratio": 1,
            "account_receivable_turnover_ratio": null,
            "reinvestment_rate": 6.11,
            "research_to_sale_ratio": null,
            "price_fair": 129.3,
            "eps_avg_yearly": 3.69,
            "eps_latest_yearly": 2,
            "eps_growth_yearly": 57.44
        },
        "20081": {
            "year_quarter": 20081,
            "year": 2008,
            "quarter": 1,
            "eps": -0.15,
            "eps_growth_year": -109.32,
            "eps_4q": 2.82,
            "eps_4q_growth_year": -44.73,
            "roe": -0.84,
            "roe_4q": 17.869999999999997,
            "gross_profit": 71355,
            "gross_margin": 9.17,
            "gross_margin_4q_avg": 10.29,
            "net_income": -8869,
            "net_income_4q": null,
            "revenue": 778208,
            "revenue_4q": null,
            "common_shares": 606392,
            "book_valuer_per_share": 18.09,
            "book_valuer_per_share_4q_avg": 18.14,
            "equity": 1096770,
            "current_ratio": 199.34,
            "debt_ratio": 45.04,
            "inventory_turnover_ratio": 0.99,
            "account_receivable_turnover_ratio": null,
            "reinvestment_rate": 18.27,
            "research_to_sale_ratio": null,
            "price_fair": 131.82,
            "eps_avg_yearly": 3.77,
            "eps_latest_yearly": 2,
            "eps_growth_yearly": 62.72
        },
        "20082": {
            "year_quarter": 20082,
            "year": 2008,
            "quarter": 2,
            "eps": 0.33,
            "eps_growth_year": -79.38,
            "eps_4q": 1.65,
            "eps_4q_growth_year": -71.32,
            "roe": 1.95,
            "roe_4q": 10.03,
            "gross_profit": 112457,
            "gross_margin": 13.26,
            "gross_margin_4q_avg": 10.29,
            "net_income": 19412,
            "net_income_4q": null,
            "revenue": 848254,
            "revenue_4q": null,
            "common_shares": 606392,
            "book_valuer_per_share": 14.69,
            "book_valuer_per_share_4q_avg": 17.18,
            "equity": 890571,
            "current_ratio": 144.05,
            "debt_ratio": 59.61,
            "inventory_turnover_ratio": 0.88,
            "account_receivable_turnover_ratio": null,
            "reinvestment_rate": 16.84,
            "research_to_sale_ratio": null,
            "price_fair": 129.97,
            "eps_avg_yearly": 3.71,
            "eps_latest_yearly": 2,
            "eps_growth_yearly": 48.14
        },
        "20083": {
            "year_quarter": 20083,
            "year": 2008,
            "quarter": 3,
            "eps": 0.98,
            "eps_growth_year": -7.55,
            "eps_4q": 1.62,
            "eps_4q_growth_year": -71.81,
            "roe": 6.28,
            "roe_4q": 10.15,
            "gross_profit": 100178,
            "gross_margin": 11.33,
            "gross_margin_4q_avg": 11.08,
            "net_income": 58245,
            "net_income_4q": null,
            "revenue": 884212,
            "revenue_4q": null,
            "common_shares": 606392,
            "book_valuer_per_share": 15.89,
            "book_valuer_per_share_4q_avg": 16.73,
            "equity": 963482,
            "current_ratio": 163.58,
            "debt_ratio": 51.29,
            "inventory_turnover_ratio": 0.9,
            "account_receivable_turnover_ratio": null,
            "reinvestment_rate": 17.29,
            "research_to_sale_ratio": null,
            "price_fair": 130.9,
            "eps_avg_yearly": 3.74,
            "eps_latest_yearly": 3.92,
            "eps_growth_yearly": 119.86
        },
        "20084": {
            "year_quarter": 20084,
            "year": 2008,
            "quarter": 4,
            "eps": 0.16,
            "eps_growth_year": -68,
            "eps_4q": 1.3,
            "eps_4q_growth_year": -72.01,
            "roe": 0.99,
            "roe_4q": 8.38,
            "gross_profit": 97820,
            "gross_margin": 13.91,
            "gross_margin_4q_avg": 11.92,
            "net_income": 9658,
            "net_income_4q": null,
            "revenue": 703119,
            "revenue_4q": null,
            "common_shares": 606392,
            "book_valuer_per_share": 16.16,
            "book_valuer_per_share_4q_avg": 16.21,
            "equity": 980004,
            "current_ratio": 170.35,
            "debt_ratio": 47.76,
            "inventory_turnover_ratio": 1,
            "account_receivable_turnover_ratio": 3.28,
            "reinvestment_rate": 2,
            "research_to_sale_ratio": null,
            "price_fair": 123.32,
            "eps_avg_yearly": 3.52,
            "eps_latest_yearly": 0.64,
            "eps_growth_yearly": 95.3
        },
        "20091": {
            "year_quarter": 20091,
            "year": 2009,
            "quarter": 1,
            "eps": 0.32,
            "eps_growth_year": null,
            "eps_4q": 1.74,
            "eps_4q_growth_year": -38.34,
            "roe": 1.97,
            "roe_4q": 11.19,
            "gross_profit": 69386,
            "gross_margin": 16.56,
            "gross_margin_4q_avg": 13.77,
            "net_income": 19645,
            "net_income_4q": null,
            "revenue": 419026,
            "revenue_4q": null,
            "common_shares": 606392,
            "book_valuer_per_share": 16.66,
            "book_valuer_per_share_4q_avg": 15.85,
            "equity": 1010082,
            "current_ratio": 204.3,
            "debt_ratio": 38.9,
            "inventory_turnover_ratio": 0.86,
            "account_receivable_turnover_ratio": 1.2,
            "reinvestment_rate": 13.21,
            "research_to_sale_ratio": null,
            "price_fair": 124.02,
            "eps_avg_yearly": 3.54,
            "eps_latest_yearly": 1.28,
            "eps_growth_yearly": 151.27
        },
        "20092": {
            "year_quarter": 20092,
            "year": 2009,
            "quarter": 2,
            "eps": -0.27,
            "eps_growth_year": -181.82,
            "eps_4q": 1.17,
            "eps_4q_growth_year": -29.3,
            "roe": -1.72,
            "roe_4q": 7.5200000000000005,
            "gross_profit": 26248,
            "gross_margin": 8.84,
            "gross_margin_4q_avg": 12.66,
            "net_income": -16624,
            "net_income_4q": null,
            "revenue": 296788,
            "revenue_4q": null,
            "common_shares": 606392,
            "book_valuer_per_share": 15.26,
            "book_valuer_per_share_4q_avg": 15.99,
            "equity": 925217,
            "current_ratio": 210.08,
            "debt_ratio": 35.77,
            "inventory_turnover_ratio": 0.83,
            "account_receivable_turnover_ratio": 1.28,
            "reinvestment_rate": 15.77,
            "research_to_sale_ratio": null,
            "price_fair": 132.11,
            "eps_avg_yearly": 3.77,
            "eps_latest_yearly": 1.28,
            "eps_growth_yearly": 166.42
        },
        "20093": {
            "year_quarter": 20093,
            "year": 2009,
            "quarter": 3,
            "eps": 0.14,
            "eps_growth_year": -85.71,
            "eps_4q": 0.36,
            "eps_4q_growth_year": -78.13,
            "roe": 0.88,
            "roe_4q": 2.12,
            "gross_profit": 51278,
            "gross_margin": 11.52,
            "gross_margin_4q_avg": 12.71,
            "net_income": 8188,
            "net_income_4q": null,
            "revenue": 445293,
            "revenue_4q": null,
            "common_shares": 606392,
            "book_valuer_per_share": 15.29,
            "book_valuer_per_share_4q_avg": 15.84,
            "equity": 927458,
            "current_ratio": 182.84,
            "debt_ratio": 41.95,
            "inventory_turnover_ratio": 1.04,
            "account_receivable_turnover_ratio": 1.74,
            "reinvestment_rate": 13.69,
            "research_to_sale_ratio": null,
            "price_fair": 135.52,
            "eps_avg_yearly": 3.87,
            "eps_latest_yearly": 1.28,
            "eps_growth_yearly": 111.06
        },
        "20094": {
            "year_quarter": 20094,
            "year": 2009,
            "quarter": 4,
            "eps": 0.3,
            "eps_growth_year": 87.5,
            "eps_4q": 0.49,
            "eps_4q_growth_year": -62.62,
            "roe": 1.95,
            "roe_4q": 3.08,
            "gross_profit": 59364,
            "gross_margin": 11.52,
            "gross_margin_4q_avg": 12.11,
            "net_income": 18246,
            "net_income_4q": null,
            "revenue": 515164,
            "revenue_4q": null,
            "common_shares": 606392,
            "book_valuer_per_share": 15.62,
            "book_valuer_per_share_4q_avg": 15.71,
            "equity": 947392,
            "current_ratio": 165.39,
            "debt_ratio": 46.56,
            "inventory_turnover_ratio": 0.97,
            "account_receivable_turnover_ratio": 2.78,
            "reinvestment_rate": 66.57,
            "research_to_sale_ratio": null,
            "price_fair": 133.7,
            "eps_avg_yearly": 3.82,
            "eps_latest_yearly": 1.2,
            "eps_growth_yearly": 172.2
        },
        "20101": {
            "year_quarter": 20101,
            "year": 2010,
            "quarter": 1,
            "eps": 0.24,
            "eps_growth_year": -25,
            "eps_4q": 0.4,
            "eps_4q_growth_year": -76.99,
            "roe": 1.52,
            "roe_4q": 2.63,
            "gross_profit": 62293,
            "gross_margin": 10.81,
            "gross_margin_4q_avg": 10.67,
            "net_income": 14480,
            "net_income_4q": null,
            "revenue": 576129,
            "revenue_4q": null,
            "common_shares": 606392,
            "book_valuer_per_share": 15.87,
            "book_valuer_per_share_4q_avg": 15.51,
            "equity": 962496,
            "current_ratio": 165.63,
            "debt_ratio": 46.51,
            "inventory_turnover_ratio": 1.01,
            "account_receivable_turnover_ratio": 1.31,
            "reinvestment_rate": 78.08,
            "research_to_sale_ratio": 2.1,
            "price_fair": 124.6,
            "eps_avg_yearly": 3.56,
            "eps_latest_yearly": 0.96,
            "eps_growth_yearly": 149.28
        },
        "20102": {
            "year_quarter": 20102,
            "year": 2010,
            "quarter": 2,
            "eps": -0.19,
            "eps_growth_year": null,
            "eps_4q": 0.49,
            "eps_4q_growth_year": -58.14,
            "roe": -1.21,
            "roe_4q": 3.1399999999999997,
            "gross_profit": 39131,
            "gross_margin": 5.77,
            "gross_margin_4q_avg": 9.91,
            "net_income": -11268,
            "net_income_4q": null,
            "revenue": 678564,
            "revenue_4q": null,
            "common_shares": 606392,
            "book_valuer_per_share": 14.74,
            "book_valuer_per_share_4q_avg": 15.38,
            "equity": 894105,
            "current_ratio": 138.34,
            "debt_ratio": 57.57,
            "inventory_turnover_ratio": 1,
            "account_receivable_turnover_ratio": 1.17,
            "reinvestment_rate": 82.75,
            "research_to_sale_ratio": 1.2,
            "price_fair": 124.6,
            "eps_avg_yearly": 3.56,
            "eps_latest_yearly": 0.96,
            "eps_growth_yearly": 149.28
        },
        "20103": {
            "year_quarter": 20103,
            "year": 2010,
            "quarter": 3,
            "eps": 0.15,
            "eps_growth_year": 7.38,
            "eps_4q": 0.5,
            "eps_4q_growth_year": 42,
            "roe": 1.02,
            "roe_4q": 3.2800000000000002,
            "gross_profit": 63870,
            "gross_margin": 9.47,
            "gross_margin_4q_avg": 9.39,
            "net_income": 9116,
            "net_income_4q": null,
            "revenue": 674539,
            "revenue_4q": null,
            "common_shares": 606392,
            "book_valuer_per_share": 14.84,
            "book_valuer_per_share_4q_avg": 15.27,
            "equity": 899604,
            "current_ratio": 146.22,
            "debt_ratio": 56.52,
            "inventory_turnover_ratio": 0.81,
            "account_receivable_turnover_ratio": 1.02,
            "reinvestment_rate": 93.48,
            "research_to_sale_ratio": 1.19,
            "price_fair": 120.26,
            "eps_avg_yearly": 3.44,
            "eps_latest_yearly": 0.96,
            "eps_growth_yearly": 104.2
        },
        "20104": {
            "year_quarter": 20104,
            "year": 2010,
            "quarter": 4,
            "eps": -0.05,
            "eps_growth_year": -116.32,
            "eps_4q": 0.15,
            "eps_4q_growth_year": -68.23,
            "roe": -0.33,
            "roe_4q": 1,
            "gross_profit": 80401,
            "gross_margin": 10.53,
            "gross_margin_4q_avg": 9.15,
            "net_income": -2969,
            "net_income_4q": null,
            "revenue": 763756,
            "revenue_4q": null,
            "common_shares": 606392,
            "book_valuer_per_share": 14.41,
            "book_valuer_per_share_4q_avg": 14.97,
            "equity": 873721,
            "current_ratio": 140.91,
            "debt_ratio": 59.26,
            "inventory_turnover_ratio": 0.87,
            "account_receivable_turnover_ratio": 1.37,
            "reinvestment_rate": 93.3,
            "research_to_sale_ratio": 1.04,
            "price_fair": 105.31,
            "eps_avg_yearly": 3.01,
            "eps_latest_yearly": 0.96,
            "eps_growth_yearly": 92.82
        },
        "20111": {
            "year_quarter": 20111,
            "year": 2011,
            "quarter": 1,
            "eps": 0.76,
            "eps_growth_year": 216.67,
            "eps_4q": 0.68,
            "eps_4q_growth_year": 69.6,
            "roe": 5.15,
            "roe_4q": 4.63,
            "gross_profit": 93872,
            "gross_margin": 13.38,
            "gross_margin_4q_avg": 9.79,
            "net_income": 46318,
            "net_income_4q": null,
            "revenue": 701772,
            "revenue_4q": null,
            "common_shares": 606392,
            "book_valuer_per_share": 15.28,
            "book_valuer_per_share_4q_avg": 14.82,
            "equity": 926644,
            "current_ratio": 147.04,
            "debt_ratio": 57.09,
            "inventory_turnover_ratio": 0.7,
            "account_receivable_turnover_ratio": 1.6,
            "reinvestment_rate": 126.87,
            "research_to_sale_ratio": 1.17,
            "price_fair": 90.3,
            "eps_avg_yearly": 2.58,
            "eps_latest_yearly": 0.96,
            "eps_growth_yearly": 110.19
        },
        "20112": {
            "year_quarter": 20112,
            "year": 2011,
            "quarter": 2,
            "eps": 0.69,
            "eps_growth_year": null,
            "eps_4q": 1.55,
            "eps_4q_growth_year": 217.08,
            "roe": 4.47,
            "roe_4q": 10.31,
            "gross_profit": 100868,
            "gross_margin": 14.07,
            "gross_margin_4q_avg": 11.86,
            "net_income": 41538,
            "net_income_4q": null,
            "revenue": 717147,
            "revenue_4q": null,
            "common_shares": 606392,
            "book_valuer_per_share": 15.38,
            "book_valuer_per_share_4q_avg": 14.98,
            "equity": 932800,
            "current_ratio": 156.37,
            "debt_ratio": 53.5,
            "inventory_turnover_ratio": 0.67,
            "account_receivable_turnover_ratio": 1.42,
            "reinvestment_rate": 146.8,
            "research_to_sale_ratio": 1.13,
            "price_fair": 74.38,
            "eps_avg_yearly": 2.13,
            "eps_latest_yearly": 2.76,
            "eps_growth_yearly": 105.9
        },
        "20113": {
            "year_quarter": 20113,
            "year": 2011,
            "quarter": 3,
            "eps": 0.65,
            "eps_growth_year": 332.43,
            "eps_4q": 2.05,
            "eps_4q_growth_year": 306.58,
            "roe": 4.1,
            "roe_4q": 13.39,
            "gross_profit": 103946,
            "gross_margin": 13.33,
            "gross_margin_4q_avg": 12.83,
            "net_income": 39420,
            "net_income_4q": null,
            "revenue": 779762,
            "revenue_4q": null,
            "common_shares": 606392,
            "book_valuer_per_share": 16.31,
            "book_valuer_per_share_4q_avg": 15.35,
            "equity": 988848,
            "current_ratio": 181.83,
            "debt_ratio": 50.05,
            "inventory_turnover_ratio": 0.8,
            "account_receivable_turnover_ratio": 1.6,
            "reinvestment_rate": 170.73,
            "research_to_sale_ratio": 1.07,
            "price_fair": 67.2,
            "eps_avg_yearly": 1.92,
            "eps_latest_yearly": 2.6,
            "eps_growth_yearly": 119.87
        },
        "20114": {
            "year_quarter": 20114,
            "year": 2011,
            "quarter": 4,
            "eps": -0,
            "eps_growth_year": null,
            "eps_4q": 2.1,
            "eps_4q_growth_year": 1258.32,
            "roe": -0.02,
            "roe_4q": 13.700000000000001,
            "gross_profit": 53126,
            "gross_margin": 9.12,
            "gross_margin_4q_avg": 12.48,
            "net_income": -151,
            "net_income_4q": null,
            "revenue": 582658,
            "revenue_4q": null,
            "common_shares": 606392,
            "book_valuer_per_share": 16.21,
            "book_valuer_per_share_4q_avg": 15.8,
            "equity": 983070,
            "current_ratio": 216.01,
            "debt_ratio": 42.32,
            "inventory_turnover_ratio": 0.73,
            "account_receivable_turnover_ratio": 1.58,
            "reinvestment_rate": 129.98,
            "research_to_sale_ratio": 1.43,
            "price_fair": 66.8,
            "eps_avg_yearly": 1.91,
            "eps_latest_yearly": 2.6,
            "eps_growth_yearly": 167.19
        },
        "20121": {
            "year_quarter": 20121,
            "year": 2012,
            "quarter": 1,
            "eps": -0.15,
            "eps_growth_year": -119.74,
            "eps_4q": 1.18,
            "eps_4q_growth_year": 73.9,
            "roe": -0.94,
            "roe_4q": 7.609999999999999,
            "gross_profit": 46477,
            "gross_margin": 7.95,
            "gross_margin_4q_avg": 11.12,
            "net_income": -9165,
            "net_income_4q": null,
            "revenue": 584477,
            "revenue_4q": null,
            "common_shares": 606392,
            "book_valuer_per_share": 15.95,
            "book_valuer_per_share_4q_avg": 15.96,
            "equity": 967222,
            "current_ratio": 209.4,
            "debt_ratio": 45.16,
            "inventory_turnover_ratio": 0.77,
            "account_receivable_turnover_ratio": 1.93,
            "reinvestment_rate": 125.24,
            "research_to_sale_ratio": 1.34,
            "price_fair": 66.8,
            "eps_avg_yearly": 1.91,
            "eps_latest_yearly": 2.6,
            "eps_growth_yearly": 167.19
        },
        "20122": {
            "year_quarter": 20122,
            "year": 2012,
            "quarter": 2,
            "eps": -0.22,
            "eps_growth_year": -132.8,
            "eps_4q": 0.27,
            "eps_4q_growth_year": -82.47,
            "roe": -1.49,
            "roe_4q": 1.65,
            "gross_profit": 43345,
            "gross_margin": 7.17,
            "gross_margin_4q_avg": 9.39,
            "net_income": -13625,
            "net_income_4q": null,
            "revenue": 604721,
            "revenue_4q": null,
            "common_shares": 606392,
            "book_valuer_per_share": 14.25,
            "book_valuer_per_share_4q_avg": 15.68,
            "equity": 863888,
            "current_ratio": 187.15,
            "debt_ratio": 48.52,
            "inventory_turnover_ratio": 0.8,
            "account_receivable_turnover_ratio": 2.34,
            "reinvestment_rate": 135.7,
            "research_to_sale_ratio": 1.47,
            "price_fair": 66.8,
            "eps_avg_yearly": 1.91,
            "eps_latest_yearly": 2.6,
            "eps_growth_yearly": 167.19
        },
        "20123": {
            "year_quarter": 20123,
            "year": 2012,
            "quarter": 3,
            "eps": -0.03,
            "eps_growth_year": -104.02,
            "eps_4q": -0.4,
            "eps_4q_growth_year": -119.73,
            "roe": -0.18,
            "roe_4q": -2.63,
            "gross_profit": 45867,
            "gross_margin": 8.04,
            "gross_margin_4q_avg": 8.07,
            "net_income": -1586,
            "net_income_4q": null,
            "revenue": 570675,
            "revenue_4q": null,
            "common_shares": 606392,
            "book_valuer_per_share": 14.15,
            "book_valuer_per_share_4q_avg": 15.14,
            "equity": 858182,
            "current_ratio": 178,
            "debt_ratio": 50.2,
            "inventory_turnover_ratio": 0.79,
            "account_receivable_turnover_ratio": 2.15,
            "reinvestment_rate": 180.32,
            "research_to_sale_ratio": 1.39,
            "price_fair": 55.07,
            "eps_avg_yearly": 1.57,
            "eps_latest_yearly": 2.6,
            "eps_growth_yearly": 63.74
        },
        "20124": {
            "year_quarter": 20124,
            "year": 2012,
            "quarter": 4,
            "eps": 0.22,
            "eps_growth_year": null,
            "eps_4q": -0.18,
            "eps_4q_growth_year": -108.69,
            "roe": 1.55,
            "roe_4q": -1.0599999999999998,
            "gross_profit": 68050,
            "gross_margin": 11.92,
            "gross_margin_4q_avg": 8.77,
            "net_income": 13329,
            "net_income_4q": null,
            "revenue": 570926,
            "revenue_4q": null,
            "common_shares": 606392,
            "book_valuer_per_share": 14.25,
            "book_valuer_per_share_4q_avg": 14.65,
            "equity": 863859,
            "current_ratio": 204.64,
            "debt_ratio": 43.98,
            "inventory_turnover_ratio": 0.76,
            "account_receivable_turnover_ratio": 2.36,
            "reinvestment_rate": 168.81,
            "research_to_sale_ratio": 1.29,
            "price_fair": 61.6,
            "eps_avg_yearly": 1.76,
            "eps_latest_yearly": 2.6,
            "eps_growth_yearly": 143.42
        },
        "20131": {
            "year_quarter": 20131,
            "year": 2013,
            "quarter": 1,
            "eps": 0.68,
            "eps_growth_year": null,
            "eps_4q": 0.65,
            "eps_4q_growth_year": -45.2,
            "roe": 4.64,
            "roe_4q": 4.52,
            "gross_profit": 82899,
            "gross_margin": 14.26,
            "gross_margin_4q_avg": 10.35,
            "net_income": 41145,
            "net_income_4q": null,
            "revenue": 581471,
            "revenue_4q": null,
            "common_shares": 606392,
            "book_valuer_per_share": 15.02,
            "book_valuer_per_share_4q_avg": 14.42,
            "equity": 910747,
            "current_ratio": 191.32,
            "debt_ratio": 45.99,
            "inventory_turnover_ratio": 0.76,
            "account_receivable_turnover_ratio": 2.37,
            "reinvestment_rate": -26.56,
            "research_to_sale_ratio": 1.38,
            "price_fair": 71.68,
            "eps_avg_yearly": 2.05,
            "eps_latest_yearly": 2.72,
            "eps_growth_yearly": 230.7
        },
        "20132": {
            "year_quarter": 20132,
            "year": 2013,
            "quarter": 2,
            "eps": 0.41,
            "eps_growth_year": null,
            "eps_4q": 1.28,
            "eps_4q_growth_year": 370.47,
            "roe": 2.69,
            "roe_4q": 8.700000000000001,
            "gross_profit": 81972,
            "gross_margin": 12.84,
            "gross_margin_4q_avg": 11.77,
            "net_income": 24641,
            "net_income_4q": null,
            "revenue": 638239,
            "revenue_4q": null,
            "common_shares": 606392,
            "book_valuer_per_share": 15.18,
            "book_valuer_per_share_4q_avg": 14.65,
            "equity": 920332,
            "current_ratio": 190.51,
            "debt_ratio": 45.5,
            "inventory_turnover_ratio": 0.87,
            "account_receivable_turnover_ratio": 2.24,
            "reinvestment_rate": -30.82,
            "research_to_sale_ratio": 1.21,
            "price_fair": 69.3,
            "eps_avg_yearly": 1.98,
            "eps_latest_yearly": 1.64,
            "eps_growth_yearly": 165.78
        },
        "20133": {
            "year_quarter": 20133,
            "year": 2013,
            "quarter": 3,
            "eps": 0.04,
            "eps_growth_year": null,
            "eps_4q": 1.35,
            "eps_4q_growth_year": null,
            "roe": 0.3,
            "roe_4q": 9.18,
            "gross_profit": 75548,
            "gross_margin": 11.4,
            "gross_margin_4q_avg": 12.61,
            "net_income": 2755,
            "net_income_4q": null,
            "revenue": 662415,
            "revenue_4q": null,
            "common_shares": 606392,
            "book_valuer_per_share": 15.02,
            "book_valuer_per_share_4q_avg": 14.87,
            "equity": 911008,
            "current_ratio": 182.98,
            "debt_ratio": 46.74,
            "inventory_turnover_ratio": 0.99,
            "account_receivable_turnover_ratio": 2.21,
            "reinvestment_rate": -34.39,
            "research_to_sale_ratio": 1.16,
            "price_fair": 60.2,
            "eps_avg_yearly": 1.72,
            "eps_latest_yearly": 0.16,
            "eps_growth_yearly": 90.53
        },
        "20134": {
            "year_quarter": 20134,
            "year": 2013,
            "quarter": 4,
            "eps": 0.49,
            "eps_growth_year": 123.74,
            "eps_4q": 1.62,
            "eps_4q_growth_year": null,
            "roe": 3.23,
            "roe_4q": 10.86,
            "gross_profit": 89706,
            "gross_margin": 12.01,
            "gross_margin_4q_avg": 12.63,
            "net_income": 29822,
            "net_income_4q": null,
            "revenue": 747119,
            "revenue_4q": null,
            "common_shares": 606392,
            "book_valuer_per_share": 15.38,
            "book_valuer_per_share_4q_avg": 15.15,
            "equity": 932838,
            "current_ratio": 188.72,
            "debt_ratio": 45.78,
            "inventory_turnover_ratio": 1.17,
            "account_receivable_turnover_ratio": 2.1,
            "reinvestment_rate": -190.63,
            "research_to_sale_ratio": 1.07,
            "price_fair": 64,
            "eps_avg_yearly": 1.83,
            "eps_latest_yearly": 1.96,
            "eps_growth_yearly": 668.08
        },
        "20141": {
            "year_quarter": 20141,
            "year": 2014,
            "quarter": 1,
            "eps": 0.93,
            "eps_growth_year": 36.76,
            "eps_4q": 1.87,
            "eps_4q_growth_year": 189.23,
            "roe": 5.84,
            "roe_4q": 12.06,
            "gross_profit": 99349,
            "gross_margin": 13.94,
            "gross_margin_4q_avg": 12.55,
            "net_income": 56341,
            "net_income_4q": null,
            "revenue": 712539,
            "revenue_4q": null,
            "common_shares": 606392,
            "book_valuer_per_share": 16.44,
            "book_valuer_per_share_4q_avg": 15.51,
            "equity": 996998,
            "current_ratio": 206.41,
            "debt_ratio": 42.03,
            "inventory_turnover_ratio": 1.06,
            "account_receivable_turnover_ratio": 1.82,
            "reinvestment_rate": -164.58,
            "research_to_sale_ratio": 1.09,
            "price_fair": 77.8,
            "eps_avg_yearly": 2.22,
            "eps_latest_yearly": 3.72,
            "eps_growth_yearly": 730.82
        },
        "20142": {
            "year_quarter": 20142,
            "year": 2014,
            "quarter": 2,
            "eps": 0.6,
            "eps_growth_year": 46.34,
            "eps_4q": 2.07,
            "eps_4q_growth_year": 61.52,
            "roe": 3.72,
            "roe_4q": 13.090000000000002,
            "gross_profit": 106991,
            "gross_margin": 15.24,
            "gross_margin_4q_avg": 13.15,
            "net_income": 36307,
            "net_income_4q": null,
            "revenue": 701980,
            "revenue_4q": null,
            "common_shares": 606392,
            "book_valuer_per_share": 15.75,
            "book_valuer_per_share_4q_avg": 15.65,
            "equity": 955073,
            "current_ratio": 227.05,
            "debt_ratio": 43.85,
            "inventory_turnover_ratio": 0.95,
            "account_receivable_turnover_ratio": 2.02,
            "reinvestment_rate": -140.47,
            "research_to_sale_ratio": 1.23,
            "price_fair": 78.58,
            "eps_avg_yearly": 2.25,
            "eps_latest_yearly": 2.4,
            "eps_growth_yearly": 621.72
        },
        "20143": {
            "year_quarter": 20143,
            "year": 2014,
            "quarter": 3,
            "eps": 1.14,
            "eps_growth_year": 2750,
            "eps_4q": 3.16,
            "eps_4q_growth_year": 134.08,
            "roe": 6.98,
            "roe_4q": 19.77,
            "gross_profit": 122500,
            "gross_margin": 18.6,
            "gross_margin_4q_avg": 14.95,
            "net_income": 69172,
            "net_income_4q": null,
            "revenue": 658666,
            "revenue_4q": null,
            "common_shares": 606392,
            "book_valuer_per_share": 16.92,
            "book_valuer_per_share_4q_avg": 16.12,
            "equity": 1026236,
            "current_ratio": 250.49,
            "debt_ratio": 40,
            "inventory_turnover_ratio": 0.81,
            "account_receivable_turnover_ratio": 2.2,
            "reinvestment_rate": -119.91,
            "research_to_sale_ratio": 1.24,
            "price_fair": 87.58,
            "eps_avg_yearly": 2.5,
            "eps_latest_yearly": 4.56,
            "eps_growth_yearly": 592.64
        },
        "20144": {
            "year_quarter": 20144,
            "year": 2014,
            "quarter": 4,
            "eps": 1.05,
            "eps_growth_year": 114.2,
            "eps_4q": 3.72,
            "eps_4q_growth_year": 129.45,
            "roe": 6.02,
            "roe_4q": 22.56,
            "gross_profit": 120401,
            "gross_margin": 18.46,
            "gross_margin_4q_avg": 16.56,
            "net_income": 63878,
            "net_income_4q": null,
            "revenue": 652192,
            "revenue_4q": null,
            "common_shares": 606392,
            "book_valuer_per_share": 18.06,
            "book_valuer_per_share_4q_avg": 16.79,
            "equity": 1095275,
            "current_ratio": 329.88,
            "debt_ratio": 32.05,
            "inventory_turnover_ratio": 0.86,
            "account_receivable_turnover_ratio": 2.25,
            "reinvestment_rate": -95.03,
            "research_to_sale_ratio": 1.36,
            "price_fair": 93.52,
            "eps_avg_yearly": 2.67,
            "eps_latest_yearly": 4.2,
            "eps_growth_yearly": 530.22
        },
        "20151": {
            "year_quarter": 20151,
            "year": 2015,
            "quarter": 1,
            "eps": 0.05,
            "eps_growth_year": -94.62,
            "eps_4q": 2.85,
            "eps_4q_growth_year": 52.06,
            "roe": 0.3,
            "roe_4q": 17.02,
            "gross_profit": 70188,
            "gross_margin": 14.75,
            "gross_margin_4q_avg": 16.76,
            "net_income": 3320,
            "net_income_4q": null,
            "revenue": 475914,
            "revenue_4q": null,
            "common_shares": 606392,
            "book_valuer_per_share": 18.05,
            "book_valuer_per_share_4q_avg": 17.2,
            "equity": 1094271,
            "current_ratio": 390.9,
            "debt_ratio": 27.89,
            "inventory_turnover_ratio": 0.77,
            "account_receivable_turnover_ratio": 1.93,
            "reinvestment_rate": -114.1,
            "research_to_sale_ratio": 1.61,
            "price_fair": 85.65,
            "eps_avg_yearly": 2.45,
            "eps_latest_yearly": 0.2,
            "eps_growth_yearly": 447.39
        },
        "20152": {
            "year_quarter": 20152,
            "year": 2015,
            "quarter": 2,
            "eps": 0.3,
            "eps_growth_year": -50,
            "eps_4q": 2.55,
            "eps_4q_growth_year": 23.33,
            "roe": 1.79,
            "roe_4q": 15.09,
            "gross_profit": 64297,
            "gross_margin": 15.82,
            "gross_margin_4q_avg": 16.91,
            "net_income": 18074,
            "net_income_4q": null,
            "revenue": 406442,
            "revenue_4q": null,
            "common_shares": 606392,
            "book_valuer_per_share": 15.2,
            "book_valuer_per_share_4q_avg": 17.06,
            "equity": 921714,
            "current_ratio": 229.12,
            "debt_ratio": 40.68,
            "inventory_turnover_ratio": 0.72,
            "account_receivable_turnover_ratio": 2.1,
            "reinvestment_rate": -122.94,
            "research_to_sale_ratio": 1.98,
            "price_fair": 80.69,
            "eps_avg_yearly": 2.31,
            "eps_latest_yearly": 1.2,
            "eps_growth_yearly": 632.55
        },
        "20153": {
            "year_quarter": 20153,
            "year": 2015,
            "quarter": 3,
            "eps": 1.04,
            "eps_growth_year": -8.77,
            "eps_4q": 2.44,
            "eps_4q_growth_year": -22.72,
            "roe": 6.61,
            "roe_4q": 14.72,
            "gross_profit": 100725,
            "gross_margin": 17.57,
            "gross_margin_4q_avg": 16.65,
            "net_income": 62826,
            "net_income_4q": null,
            "revenue": 573381,
            "revenue_4q": null,
            "common_shares": 606392,
            "book_valuer_per_share": 16.15,
            "book_valuer_per_share_4q_avg": 16.87,
            "equity": 979333,
            "current_ratio": 270.57,
            "debt_ratio": 34.8,
            "inventory_turnover_ratio": 0.9,
            "account_receivable_turnover_ratio": 2.62,
            "reinvestment_rate": -125.92,
            "research_to_sale_ratio": 1.31,
            "price_fair": 85.65,
            "eps_avg_yearly": 2.45,
            "eps_latest_yearly": 4.16,
            "eps_growth_yearly": 724.36
        },
        "20154": {
            "year_quarter": 20154,
            "year": 2015,
            "quarter": 4,
            "eps": 1.04,
            "eps_growth_year": -1.59,
            "eps_4q": 2.43,
            "eps_4q_growth_year": -34.83,
            "roe": 6.19,
            "roe_4q": 14.89,
            "gross_profit": 113007,
            "gross_margin": 18.48,
            "gross_margin_4q_avg": 16.66,
            "net_income": 62864,
            "net_income_4q": null,
            "revenue": 611581,
            "revenue_4q": null,
            "common_shares": 606392,
            "book_valuer_per_share": 17.33,
            "book_valuer_per_share_4q_avg": 16.68,
            "equity": 1050676,
            "current_ratio": 259.62,
            "debt_ratio": 34.96,
            "inventory_turnover_ratio": 0.84,
            "account_receivable_turnover_ratio": 2.36,
            "reinvestment_rate": -104.65,
            "research_to_sale_ratio": 1.34,
            "price_fair": 90.65,
            "eps_avg_yearly": 2.59,
            "eps_latest_yearly": 4.16,
            "eps_growth_yearly": 664
        },
        "20161": {
            "year_quarter": 20161,
            "year": 2016,
            "quarter": 1,
            "eps": 0.64,
            "eps_growth_year": 1180,
            "eps_4q": 3.01,
            "eps_4q_growth_year": 5.8,
            "roe": 3.64,
            "roe_4q": 18.23,
            "gross_profit": 98505,
            "gross_margin": 18.66,
            "gross_margin_4q_avg": 17.63,
            "net_income": 38925,
            "net_income_4q": null,
            "revenue": 527996,
            "revenue_4q": null,
            "common_shares": 606392,
            "book_valuer_per_share": 17.98,
            "book_valuer_per_share_4q_avg": 16.67,
            "equity": 1090030,
            "current_ratio": 304.51,
            "debt_ratio": 29.46,
            "inventory_turnover_ratio": 0.73,
            "account_receivable_turnover_ratio": 2.15,
            "reinvestment_rate": -89.95,
            "research_to_sale_ratio": 1.34,
            "price_fair": 90.57,
            "eps_avg_yearly": 2.59,
            "eps_latest_yearly": 2.56,
            "eps_growth_yearly": 601.08
        },
        "20162": {
            "year_quarter": 20162,
            "year": 2016,
            "quarter": 2,
            "eps": 0.89,
            "eps_growth_year": 196.67,
            "eps_4q": 3.6,
            "eps_4q_growth_year": 41.36,
            "roe": 5.08,
            "roe_4q": 21.52,
            "gross_profit": 110652,
            "gross_margin": 20.53,
            "gross_margin_4q_avg": 18.81,
            "net_income": 53710,
            "net_income_4q": null,
            "revenue": 538913,
            "revenue_4q": null,
            "common_shares": 606392,
            "book_valuer_per_share": 16.87,
            "book_valuer_per_share_4q_avg": 17.08,
            "equity": 1023010,
            "current_ratio": 222.75,
            "debt_ratio": 38.38,
            "inventory_turnover_ratio": 0.73,
            "account_receivable_turnover_ratio": 2.29,
            "reinvestment_rate": -74.36,
            "research_to_sale_ratio": 1.37,
            "price_fair": 93,
            "eps_avg_yearly": 2.66,
            "eps_latest_yearly": 3.56,
            "eps_growth_yearly": 569.31
        },
        "20163": {
            "year_quarter": 20163,
            "year": 2016,
            "quarter": 3,
            "eps": 0.36,
            "eps_growth_year": -65.38,
            "eps_4q": 2.92,
            "eps_4q_growth_year": 19.71,
            "roe": 2.11,
            "roe_4q": 17.02,
            "gross_profit": 90307,
            "gross_margin": 15.49,
            "gross_margin_4q_avg": 18.29,
            "net_income": 21794,
            "net_income_4q": null,
            "revenue": 582968,
            "revenue_4q": null,
            "common_shares": 606392,
            "book_valuer_per_share": 17.2,
            "book_valuer_per_share_4q_avg": 17.35,
            "equity": 1042740,
            "current_ratio": 246.37,
            "debt_ratio": 34.68,
            "inventory_turnover_ratio": 0.79,
            "account_receivable_turnover_ratio": 2.44,
            "reinvestment_rate": -69.77,
            "research_to_sale_ratio": 1.19,
            "price_fair": 90.16,
            "eps_avg_yearly": 2.58,
            "eps_latest_yearly": 1.44,
            "eps_growth_yearly": 515.48
        },
        "20164": {
            "year_quarter": 20164,
            "year": 2016,
            "quarter": 4,
            "eps": 1.07,
            "eps_growth_year": 3.65,
            "eps_4q": 2.96,
            "eps_4q_growth_year": 22.1,
            "roe": 6.07,
            "roe_4q": 16.9,
            "gross_profit": 117222,
            "gross_margin": 20.75,
            "gross_margin_4q_avg": 18.86,
            "net_income": 65161,
            "net_income_4q": null,
            "revenue": 565019,
            "revenue_4q": null,
            "common_shares": 606392,
            "book_valuer_per_share": 18.21,
            "book_valuer_per_share_4q_avg": 17.57,
            "equity": 1104157,
            "current_ratio": 260.88,
            "debt_ratio": 33.17,
            "inventory_turnover_ratio": 0.74,
            "account_receivable_turnover_ratio": 2.28,
            "reinvestment_rate": -59.34,
            "research_to_sale_ratio": 1.29,
            "price_fair": 93.89,
            "eps_avg_yearly": 2.68,
            "eps_latest_yearly": 4.28,
            "eps_growth_yearly": 532.56
        },
        "20171": {
            "year_quarter": 20171,
            "year": 2017,
            "quarter": 1,
            "eps": 0.34,
            "eps_growth_year": -46.88,
            "eps_4q": 2.66,
            "eps_4q_growth_year": -11.68,
            "roe": 1.86,
            "roe_4q": 15.120000000000001,
            "gross_profit": 120195,
            "gross_margin": 22.17,
            "gross_margin_4q_avg": 19.74,
            "net_income": 20681,
            "net_income_4q": null,
            "revenue": 542138,
            "revenue_4q": null,
            "common_shares": 606392,
            "book_valuer_per_share": 18.44,
            "book_valuer_per_share_4q_avg": 17.68,
            "equity": 1118370,
            "current_ratio": 263.59,
            "debt_ratio": 32.95,
            "inventory_turnover_ratio": 0.69,
            "account_receivable_turnover_ratio": 2.35,
            "reinvestment_rate": -11.94,
            "research_to_sale_ratio": 1.35,
            "price_fair": 90.91,
            "eps_avg_yearly": 2.6,
            "eps_latest_yearly": 1.36,
            "eps_growth_yearly": 463.24
        },
        "20172": {
            "year_quarter": 20172,
            "year": 2017,
            "quarter": 2,
            "eps": 1.01,
            "eps_growth_year": 13.48,
            "eps_4q": 2.79,
            "eps_4q_growth_year": -22.58,
            "roe": 5.71,
            "roe_4q": 15.75,
            "gross_profit": 118321,
            "gross_margin": 21.09,
            "gross_margin_4q_avg": 19.88,
            "net_income": 61399,
            "net_income_4q": null,
            "revenue": 560953,
            "revenue_4q": null,
            "common_shares": 606392,
            "book_valuer_per_share": 17,
            "book_valuer_per_share_4q_avg": 17.71,
            "equity": 1030949,
            "current_ratio": 208.58,
            "debt_ratio": 39.99,
            "inventory_turnover_ratio": 0.67,
            "account_receivable_turnover_ratio": 2.51,
            "reinvestment_rate": -9.93,
            "research_to_sale_ratio": 1.31,
            "price_fair": 96.16,
            "eps_avg_yearly": 2.75,
            "eps_latest_yearly": 4.04,
            "eps_growth_yearly": 522.43
        },
        "20173": {
            "year_quarter": 20173,
            "year": 2017,
            "quarter": 3,
            "eps": 1.15,
            "eps_growth_year": 219.44,
            "eps_4q": 3.58,
            "eps_4q_growth_year": 22.42,
            "roe": 6.55,
            "roe_4q": 20.189999999999998,
            "gross_profit": 133598,
            "gross_margin": 19.23,
            "gross_margin_4q_avg": 20.81,
            "net_income": 69805,
            "net_income_4q": null,
            "revenue": 694876,
            "revenue_4q": null,
            "common_shares": 606392,
            "book_valuer_per_share": 18.12,
            "book_valuer_per_share_4q_avg": 17.94,
            "equity": 1098987,
            "current_ratio": 218.04,
            "debt_ratio": 38.75,
            "inventory_turnover_ratio": 0.87,
            "account_receivable_turnover_ratio": 2.59,
            "reinvestment_rate": -7.35,
            "research_to_sale_ratio": 1.09,
            "price_fair": 105.88,
            "eps_avg_yearly": 3.03,
            "eps_latest_yearly": 4.6,
            "eps_growth_yearly": 548.45
        },
        "20174": {
            "year_quarter": 20174,
            "year": 2017,
            "quarter": 4,
            "eps": 0.83,
            "eps_growth_year": -22.32,
            "eps_4q": 3.34,
            "eps_4q_growth_year": 12.76,
            "roe": 4.5,
            "roe_4q": 18.62,
            "gross_profit": 116028,
            "gross_margin": 17.88,
            "gross_margin_4q_avg": 20.09,
            "net_income": 50620,
            "net_income_4q": null,
            "revenue": 648777,
            "revenue_4q": null,
            "common_shares": 606392,
            "book_valuer_per_share": 18.97,
            "book_valuer_per_share_4q_avg": 18.13,
            "equity": 1150029,
            "current_ratio": 216.04,
            "debt_ratio": 39.39,
            "inventory_turnover_ratio": 0.83,
            "account_receivable_turnover_ratio": 2.2,
            "reinvestment_rate": -6.36,
            "research_to_sale_ratio": 1.11,
            "price_fair": 108.85,
            "eps_avg_yearly": 3.11,
            "eps_latest_yearly": 3.32,
            "eps_growth_yearly": 260.25
        },
        "20181": {
            "year_quarter": 20181,
            "year": 2018,
            "quarter": 1,
            "eps": 0.9,
            "eps_growth_year": 164.71,
            "eps_4q": 3.9,
            "eps_4q_growth_year": 46.59,
            "roe": 4.64,
            "roe_4q": 21.400000000000002,
            "gross_profit": 129589,
            "gross_margin": 19.46,
            "gross_margin_4q_avg": 19.42,
            "net_income": 54686,
            "net_income_4q": null,
            "revenue": 665978,
            "revenue_4q": null,
            "common_shares": 606392,
            "book_valuer_per_share": 19.88,
            "book_valuer_per_share_4q_avg": 18.49,
            "equity": 1205445,
            "current_ratio": 229.62,
            "debt_ratio": 36.44,
            "inventory_turnover_ratio": 0.77,
            "account_receivable_turnover_ratio": 2.39,
            "reinvestment_rate": -6.07,
            "research_to_sale_ratio": 1.04,
            "price_fair": 108.59,
            "eps_avg_yearly": 3.1,
            "eps_latest_yearly": 3.6,
            "eps_growth_yearly": 239.91
        },
        "20182": {
            "year_quarter": 20182,
            "year": 2018,
            "quarter": 2,
            "eps": 1.35,
            "eps_growth_year": 33.66,
            "eps_4q": 4.23,
            "eps_4q_growth_year": 51.89,
            "roe": 7.1,
            "roe_4q": 22.79,
            "gross_profit": 129962,
            "gross_margin": 21.23,
            "gross_margin_4q_avg": 19.45,
            "net_income": 81643,
            "net_income_4q": null,
            "revenue": 612096,
            "revenue_4q": null,
            "common_shares": 606392,
            "book_valuer_per_share": 18.07,
            "book_valuer_per_share_4q_avg": 18.76,
            "equity": 1095645,
            "current_ratio": 196.81,
            "debt_ratio": 42.37,
            "inventory_turnover_ratio": 0.69,
            "account_receivable_turnover_ratio": 2.37,
            "reinvestment_rate": -4.87,
            "research_to_sale_ratio": 1.13,
            "price_fair": 115.15,
            "eps_avg_yearly": 3.29,
            "eps_latest_yearly": 5.4,
            "eps_growth_yearly": 261.28
        },
        "20183": {
            "year_quarter": 20183,
            "year": 2018,
            "quarter": 3,
            "eps": 1.72,
            "eps_growth_year": 49.57,
            "eps_4q": 4.8,
            "eps_4q_growth_year": 34.14,
            "roe": 9.06,
            "roe_4q": 25.3,
            "gross_profit": 175769,
            "gross_margin": 25.67,
            "gross_margin_4q_avg": 21.06,
            "net_income": 104194,
            "net_income_4q": null,
            "revenue": 684854,
            "revenue_4q": null,
            "common_shares": 606392,
            "book_valuer_per_share": 19.85,
            "book_valuer_per_share_4q_avg": 19.19,
            "equity": 1203908,
            "current_ratio": 198.84,
            "debt_ratio": 42.86,
            "inventory_turnover_ratio": 0.67,
            "account_receivable_turnover_ratio": 2.64,
            "reinvestment_rate": -4.51,
            "research_to_sale_ratio": 1.17,
            "price_fair": 120.23,
            "eps_avg_yearly": 3.44,
            "eps_latest_yearly": 6.88,
            "eps_growth_yearly": 245.63
        },
        "20184": {
            "year_quarter": 20184,
            "year": 2018,
            "quarter": 4,
            "eps": 1.06,
            "eps_growth_year": 26.51,
            "eps_4q": 5.02,
            "eps_4q_growth_year": 50.4,
            "roe": 5.17,
            "roe_4q": 25.97,
            "gross_profit": 119473,
            "gross_margin": 18.18,
            "gross_margin_4q_avg": 21.14,
            "net_income": 64039,
            "net_income_4q": null,
            "revenue": 657128,
            "revenue_4q": null,
            "common_shares": 606392,
            "book_valuer_per_share": 20.99,
            "book_valuer_per_share_4q_avg": 19.7,
            "equity": 1272707,
            "current_ratio": 226.75,
            "debt_ratio": 39.41,
            "inventory_turnover_ratio": 0.72,
            "account_receivable_turnover_ratio": 2.57,
            "reinvestment_rate": -4.26,
            "research_to_sale_ratio": 1.25,
            "price_fair": 120.31,
            "eps_avg_yearly": 3.44,
            "eps_latest_yearly": 4.24,
            "eps_growth_yearly": 238.01
        },
        "20191": {
            "year_quarter": 20191,
            "year": 2019,
            "quarter": 1,
            "eps": 0.58,
            "eps_growth_year": -35.56,
            "eps_4q": 4.7,
            "eps_4q_growth_year": 20.62,
            "roe": 2.74,
            "roe_4q": 24.07,
            "gross_profit": 94499,
            "gross_margin": 16.18,
            "gross_margin_4q_avg": 20.32,
            "net_income": 35408,
            "net_income_4q": null,
            "revenue": 583963,
            "revenue_4q": null,
            "common_shares": 606392,
            "book_valuer_per_share": 21.69,
            "book_valuer_per_share_4q_avg": 20.15,
            "equity": 1315324,
            "current_ratio": 240.5,
            "debt_ratio": 37.16,
            "inventory_turnover_ratio": 0.76,
            "account_receivable_turnover_ratio": 2.35,
            "reinvestment_rate": -3.3,
            "research_to_sale_ratio": 1.3,
            "price_fair": 124.95,
            "eps_avg_yearly": 3.57,
            "eps_latest_yearly": 2.32,
            "eps_growth_yearly": 250.5
        },
        "20192": {
            "year_quarter": 20192,
            "year": 2019,
            "quarter": 2,
            "eps": 0.85,
            "eps_growth_year": -37.04,
            "eps_4q": 4.21,
            "eps_4q_growth_year": -0.63,
            "roe": 4.22,
            "roe_4q": 21.189999999999998,
            "gross_profit": 106606,
            "gross_margin": 17.17,
            "gross_margin_4q_avg": 19.3,
            "net_income": 51487,
            "net_income_4q": null,
            "revenue": 620845,
            "revenue_4q": null,
            "common_shares": 606392,
            "book_valuer_per_share": 18.54,
            "book_valuer_per_share_4q_avg": 20.27,
            "equity": 1124006,
            "current_ratio": 181.19,
            "debt_ratio": 48.51,
            "inventory_turnover_ratio": 0.82,
            "account_receivable_turnover_ratio": 2.25,
            "reinvestment_rate": -1.59,
            "research_to_sale_ratio": 1.34,
            "price_fair": 129.76,
            "eps_avg_yearly": 3.71,
            "eps_latest_yearly": 3.4,
            "eps_growth_yearly": 137.14
        },
        "20193": {
            "year_quarter": 20193,
            "year": 2019,
            "quarter": 3,
            "eps": 0.74,
            "eps_growth_year": -56.98,
            "eps_4q": 3.23,
            "eps_4q_growth_year": -32.8,
            "roe": 3.9,
            "roe_4q": 16.03,
            "gross_profit": 99783,
            "gross_margin": 15.6,
            "gross_margin_4q_avg": 16.78,
            "net_income": 44728,
            "net_income_4q": null,
            "revenue": 639819,
            "revenue_4q": null,
            "common_shares": 606392,
            "book_valuer_per_share": 19.29,
            "book_valuer_per_share_4q_avg": 20.13,
            "equity": 1169905,
            "current_ratio": 198.98,
            "debt_ratio": 44.03,
            "inventory_turnover_ratio": 0.85,
            "account_receivable_turnover_ratio": 2.14,
            "reinvestment_rate": -1.13,
            "research_to_sale_ratio": 1.09,
            "price_fair": 127.14,
            "eps_avg_yearly": 3.63,
            "eps_latest_yearly": 2.96,
            "eps_growth_yearly": 72.23
        },
        "20194": {
            "year_quarter": 20194,
            "year": 2019,
            "quarter": 4,
            "eps": 0.21,
            "eps_growth_year": -80.29,
            "eps_4q": 2.38,
            "eps_4q_growth_year": -52.64,
            "roe": 1.08,
            "roe_4q": 11.94,
            "gross_profit": 85949,
            "gross_margin": 14.95,
            "gross_margin_4q_avg": 15.98,
            "net_income": 12622,
            "net_income_4q": null,
            "revenue": 574851,
            "revenue_4q": null,
            "common_shares": 606392,
            "book_valuer_per_share": 19.41,
            "book_valuer_per_share_4q_avg": 19.73,
            "equity": 1177243,
            "current_ratio": 203.65,
            "debt_ratio": 42.78,
            "inventory_turnover_ratio": 0.78,
            "account_receivable_turnover_ratio": 2.01,
            "reinvestment_rate": -1.16,
            "research_to_sale_ratio": 1.12,
            "price_fair": 119.88,
            "eps_avg_yearly": 3.43,
            "eps_latest_yearly": 0.84,
            "eps_growth_yearly": 54.33
        },
        "20201": {
            "year_quarter": 20201,
            "year": 2020,
            "quarter": 1,
            "eps": 0.63,
            "eps_growth_year": 8.62,
            "eps_4q": 2.43,
            "eps_4q_growth_year": -48.4,
            "roe": 3.25,
            "roe_4q": 12.45,
            "gross_profit": 100171,
            "gross_margin": 17.89,
            "gross_margin_4q_avg": 16.4,
            "net_income": 38365,
            "net_income_4q": null,
            "revenue": 559865,
            "revenue_4q": null,
            "common_shares": 606392,
            "book_valuer_per_share": 19.51,
            "book_valuer_per_share_4q_avg": 19.19,
            "equity": 1183116,
            "current_ratio": 212.14,
            "debt_ratio": 41.02,
            "inventory_turnover_ratio": 0.76,
            "account_receivable_turnover_ratio": 1.98,
            "reinvestment_rate": -2.21,
            "research_to_sale_ratio": 1.24,
            "price_fair": 119.79,
            "eps_avg_yearly": 3.42,
            "eps_latest_yearly": 2.52,
            "eps_growth_yearly": 113.94
        },
        "20202": {
            "year_quarter": 20202,
            "year": 2020,
            "quarter": 2,
            "eps": 0.5,
            "eps_growth_year": -41.18,
            "eps_4q": 2.08,
            "eps_4q_growth_year": -50.67,
            "roe": 2.66,
            "roe_4q": 10.89,
            "gross_profit": 76501,
            "gross_margin": 17.09,
            "gross_margin_4q_avg": 16.38,
            "net_income": 30139,
            "net_income_4q": null,
            "revenue": 447613,
            "revenue_4q": null,
            "common_shares": 606392,
            "book_valuer_per_share": 17.9,
            "book_valuer_per_share_4q_avg": 19.03,
            "equity": 1085701,
            "current_ratio": 190.41,
            "debt_ratio": 44.94,
            "inventory_turnover_ratio": 0.61,
            "account_receivable_turnover_ratio": 1.84,
            "reinvestment_rate": -1.58,
            "research_to_sale_ratio": 1.45,
            "price_fair": 116.38,
            "eps_avg_yearly": 3.33,
            "eps_latest_yearly": 2,
            "eps_growth_yearly": 99.02
        },
        "20203": {
            "year_quarter": 20203,
            "year": 2020,
            "quarter": 3,
            "eps": 0.23,
            "eps_growth_year": -68.92,
            "eps_4q": 1.57,
            "eps_4q_growth_year": -51.28,
            "roe": 1.31,
            "roe_4q": 8.3,
            "gross_profit": 78043,
            "gross_margin": 14.19,
            "gross_margin_4q_avg": 16.03,
            "net_income": 14209,
            "net_income_4q": null,
            "revenue": 549964,
            "revenue_4q": null,
            "common_shares": 606392,
            "book_valuer_per_share": 17.89,
            "book_valuer_per_share_4q_avg": 18.68,
            "equity": 1084822,
            "current_ratio": 190.62,
            "debt_ratio": 44.73,
            "inventory_turnover_ratio": 0.77,
            "account_receivable_turnover_ratio": 2.51,
            "reinvestment_rate": -1.99,
            "research_to_sale_ratio": 1.25,
            "price_fair": 115.24,
            "eps_avg_yearly": 3.29,
            "eps_latest_yearly": 0.92,
            "eps_growth_yearly": 100.41
        },
        "20204": {
            "year_quarter": 20204,
            "year": 2020,
            "quarter": 4,
            "eps": 0.57,
            "eps_growth_year": 175.41,
            "eps_4q": 1.94,
            "eps_4q_growth_year": -18.56,
            "roe": 3.14,
            "roe_4q": 10.36,
            "gross_profit": 96053,
            "gross_margin": 16.86,
            "gross_margin_4q_avg": 16.51,
            "net_income": 34762,
            "net_income_4q": null,
            "revenue": 569586,
            "revenue_4q": null,
            "common_shares": 606392,
            "book_valuer_per_share": 18.66,
            "book_valuer_per_share_4q_avg": 18.49,
            "equity": 1131756,
            "current_ratio": 205.18,
            "debt_ratio": 41.17,
            "inventory_turnover_ratio": 0.77,
            "account_receivable_turnover_ratio": 2.19,
            "reinvestment_rate": -3.06,
            "research_to_sale_ratio": 1.22,
            "price_fair": 110.86,
            "eps_avg_yearly": 3.17,
            "eps_latest_yearly": 2.28,
            "eps_growth_yearly": 88.06
        },
        "20211": {
            "year_quarter": 20211,
            "year": 2021,
            "quarter": 1,
            "eps": 0.45,
            "eps_growth_year": -28.57,
            "eps_4q": 1.76,
            "eps_4q_growth_year": -27.54,
            "roe": 2.42,
            "roe_4q": 9.530000000000001,
            "gross_profit": 94721,
            "gross_margin": 18.39,
            "gross_margin_4q_avg": 16.63,
            "net_income": 27551,
            "net_income_4q": null,
            "revenue": 515184,
            "revenue_4q": null,
            "common_shares": 606392,
            "book_valuer_per_share": 18.9,
            "book_valuer_per_share_4q_avg": 18.34,
            "equity": 1146082,
            "current_ratio": 167.03,
            "debt_ratio": 47.29,
            "inventory_turnover_ratio": 0.62,
            "account_receivable_turnover_ratio": 1.87,
            "reinvestment_rate": -3.41,
            "research_to_sale_ratio": 1.42,
            "price_fair": 111.83,
            "eps_avg_yearly": 3.2,
            "eps_latest_yearly": 1.8,
            "eps_growth_yearly": 99.85
        },
        "20212": {
            "year_quarter": 20212,
            "year": 2021,
            "quarter": 2,
            "eps": 0.78,
            "eps_growth_year": 56,
            "eps_4q": 2.04,
            "eps_4q_growth_year": -1.91,
            "roe": 4.04,
            "roe_4q": 10.91,
            "gross_profit": 135827,
            "gross_margin": 23.2,
            "gross_margin_4q_avg": 18.16,
            "net_income": 46925,
            "net_income_4q": null,
            "revenue": 585478,
            "revenue_4q": null,
            "common_shares": 606392,
            "book_valuer_per_share": 19.44,
            "book_valuer_per_share_4q_avg": 18.72,
            "equity": 1178907,
            "current_ratio": 168.46,
            "debt_ratio": 48.72,
            "inventory_turnover_ratio": 0.61,
            "account_receivable_turnover_ratio": 2.03,
            "reinvestment_rate": -0.91,
            "research_to_sale_ratio": 1.45,
            "price_fair": 109.81,
            "eps_avg_yearly": 3.14,
            "eps_latest_yearly": 3.12,
            "eps_growth_yearly": 68.92
        },
        "20213": {
            "year_quarter": 20213,
            "year": 2021,
            "quarter": 3,
            "eps": 1.56,
            "eps_growth_year": 578.26,
            "eps_4q": 3.36,
            "eps_4q_growth_year": 113.74,
            "roe": 8.13,
            "roe_4q": 17.73,
            "gross_profit": 191667,
            "gross_margin": 29.65,
            "gross_margin_4q_avg": 22.03,
            "net_income": 94532,
            "net_income_4q": null,
            "revenue": 646523,
            "revenue_4q": null,
            "common_shares": 606392,
            "book_valuer_per_share": 18.93,
            "book_valuer_per_share_4q_avg": 18.98,
            "equity": 1147858,
            "current_ratio": 153.65,
            "debt_ratio": 53.55,
            "inventory_turnover_ratio": 0.57,
            "account_receivable_turnover_ratio": 2.02,
            "reinvestment_rate": -0.76,
            "research_to_sale_ratio": 1.25,
            "price_fair": 113.4,
            "eps_avg_yearly": 3.24,
            "eps_latest_yearly": 6.24,
            "eps_growth_yearly": 90.46
        },
        "20214": {
            "year_quarter": 20214,
            "year": 2021,
            "quarter": 4,
            "eps": 1.32,
            "eps_growth_year": 129.41,
            "eps_4q": 4.1,
            "eps_4q_growth_year": 111.75,
            "roe": 6.71,
            "roe_4q": 21.299999999999997,
            "gross_profit": 177089,
            "gross_margin": 26,
            "gross_margin_4q_avg": 24.31,
            "net_income": 79748,
            "net_income_4q": null,
            "revenue": 681203,
            "revenue_4q": null,
            "common_shares": 606392,
            "book_valuer_per_share": 20.25,
            "book_valuer_per_share_4q_avg": 19.38,
            "equity": 1227790,
            "current_ratio": 169.78,
            "debt_ratio": 47.61,
            "inventory_turnover_ratio": 0.55,
            "account_receivable_turnover_ratio": 2.07,
            "reinvestment_rate": 1.25,
            "research_to_sale_ratio": 1.05,
            "price_fair": 117.69,
            "eps_avg_yearly": 3.36,
            "eps_latest_yearly": 5.28,
            "eps_growth_yearly": 93.57
        },
        "20221": {
            "year_quarter": 20221,
            "year": 2022,
            "quarter": 1,
            "eps": 2.33,
            "eps_growth_year": 417.78,
            "eps_4q": 5.97,
            "eps_4q_growth_year": 239.68,
            "roe": 10.82,
            "roe_4q": 29.700000000000003,
            "gross_profit": 211081,
            "gross_margin": 32.51,
            "gross_margin_4q_avg": 27.84,
            "net_income": 141102,
            "net_income_4q": null,
            "revenue": 649265,
            "revenue_4q": null,
            "common_shares": 606392,
            "book_valuer_per_share": 22.75,
            "book_valuer_per_share_4q_avg": 20.34,
            "equity": 1379770,
            "current_ratio": 183.06,
            "debt_ratio": 44.97,
            "inventory_turnover_ratio": 0.45,
            "account_receivable_turnover_ratio": 2.01,
            "reinvestment_rate": 1.69,
            "research_to_sale_ratio": 1.09,
            "price_fair": 130.2,
            "eps_avg_yearly": 3.72,
            "eps_latest_yearly": 9.32,
            "eps_growth_yearly": 110.59
        },
        "20222": {
            "year_quarter": 20222,
            "year": 2022,
            "quarter": 2,
            "eps": 2.56,
            "eps_growth_year": 228.21,
            "eps_4q": 7.76,
            "eps_4q_growth_year": 281.2,
            "roe": 11.52,
            "roe_4q": 37.18,
            "gross_profit": 228788,
            "gross_margin": 32.87,
            "gross_margin_4q_avg": 30.26,
            "net_income": 155204,
            "net_income_4q": null,
            "revenue": 696112,
            "revenue_4q": null,
            "common_shares": 606392,
            "book_valuer_per_share": 21.68,
            "book_valuer_per_share_4q_avg": 20.9,
            "equity": 1314475,
            "current_ratio": 171.74,
            "debt_ratio": 50.09,
            "inventory_turnover_ratio": 0.47,
            "account_receivable_turnover_ratio": 2.31,
            "reinvestment_rate": 1.54,
            "research_to_sale_ratio": 1.13,
            "price_fair": 140.79,
            "eps_avg_yearly": 4.02,
            "eps_latest_yearly": 10.24,
            "eps_growth_yearly": 100.55
        },
        "20223": {
            "year_quarter": 20223,
            "year": 2022,
            "quarter": 3,
            "eps": 4.04,
            "eps_growth_year": 158.97,
            "eps_4q": 10.24,
            "eps_4q_growth_year": 204.77,
            "roe": 17,
            "roe_4q": 46.050000000000004,
            "gross_profit": 301064,
            "gross_margin": 37.84,
            "gross_margin_4q_avg": 32.31,
            "net_income": 244978,
            "net_income_4q": null,
            "revenue": 795578,
            "revenue_4q": null,
            "common_shares": 606392,
            "book_valuer_per_share": 25.86,
            "book_valuer_per_share_4q_avg": 22.64,
            "equity": 1568009,
            "current_ratio": 205.21,
            "debt_ratio": 40.27,
            "inventory_turnover_ratio": 0.53,
            "account_receivable_turnover_ratio": 2.8,
            "reinvestment_rate": 1.62,
            "research_to_sale_ratio": 0.89,
            "price_fair": 161.09,
            "eps_avg_yearly": 4.6,
            "eps_latest_yearly": 16.16,
            "eps_growth_yearly": 108.15
        },
        "20224": {
            "year_quarter": 20224,
            "year": 2022,
            "quarter": 4,
            "eps": 0.53,
            "eps_growth_year": -59.36,
            "eps_4q": 9.46,
            "eps_4q_growth_year": 130.63,
            "roe": 2.04,
            "roe_4q": 41.379999999999995,
            "gross_profit": 155981,
            "gross_margin": 26.42,
            "gross_margin_4q_avg": 32.41,
            "net_income": 32411,
            "net_income_4q": null,
            "revenue": 590467,
            "revenue_4q": null,
            "common_shares": 606392,
            "book_valuer_per_share": 26.64,
            "book_valuer_per_share_4q_avg": 24.23,
            "equity": 1615165,
            "current_ratio": 232.38,
            "debt_ratio": 35.22,
            "inventory_turnover_ratio": 0.55,
            "account_receivable_turnover_ratio": 2.38,
            "reinvestment_rate": 1.91,
            "research_to_sale_ratio": 1.16,
            "price_fair": 156.45,
            "eps_avg_yearly": 4.47,
            "eps_latest_yearly": 2.12,
            "eps_growth_yearly": 96.03
        },
        "20231": {
            "year_quarter": 20231,
            "year": 2023,
            "quarter": 1,
            "eps": 0.32,
            "eps_growth_year": -86.27,
            "eps_4q": 7.46,
            "eps_4q_growth_year": 24.82,
            "roe": 1.21,
            "roe_4q": 31.77,
            "gross_profit": 91121,
            "gross_margin": 24.35,
            "gross_margin_4q_avg": 30.37,
            "net_income": 19652,
            "net_income_4q": null,
            "revenue": 374288,
            "revenue_4q": null,
            "common_shares": 606392,
            "book_valuer_per_share": 27.06,
            "book_valuer_per_share_4q_avg": 25.31,
            "equity": 1640908,
            "current_ratio": 222.22,
            "debt_ratio": 35.8,
            "inventory_turnover_ratio": 0.39,
            "account_receivable_turnover_ratio": 2.26,
            "reinvestment_rate": 6.99,
            "research_to_sale_ratio": 1.78,
            "price_fair": 154.18,
            "eps_avg_yearly": 4.41,
            "eps_latest_yearly": 1.28,
            "eps_growth_yearly": 97.44
        },
        "20232": {
            "year_quarter": 20232,
            "year": 2023,
            "quarter": 2,
            "eps": 0.91,
            "eps_growth_year": -64.45,
            "eps_4q": 5.8,
            "eps_4q_growth_year": -25.21,
            "roe": 3.67,
            "roe_4q": 23.92,
            "gross_profit": 78735,
            "gross_margin": 19.78,
            "gross_margin_4q_avg": 27.1,
            "net_income": 54929,
            "net_income_4q": null,
            "revenue": 398052,
            "revenue_4q": null,
            "common_shares": 606392,
            "book_valuer_per_share": 22.3,
            "book_valuer_per_share_4q_avg": 25.47,
            "equity": 1352286,
            "current_ratio": 170.67,
            "debt_ratio": 45.56,
            "inventory_turnover_ratio": 0.45,
            "account_receivable_turnover_ratio": 3.01,
            "reinvestment_rate": 7.09,
            "research_to_sale_ratio": 1.53,
            "price_fair": 154.7,
            "eps_avg_yearly": 4.42,
            "eps_latest_yearly": 3.64,
            "eps_growth_yearly": 131.9
        },
        "20233": {
            "year_quarter": 20233,
            "year": 2023,
            "quarter": 3,
            "eps": 0.92,
            "eps_growth_year": -77.23,
            "eps_4q": 2.68,
            "eps_4q_growth_year": -73.79,
            "roe": 4.04,
            "roe_4q": 10.96,
            "gross_profit": 78373,
            "gross_margin": 19.15,
            "gross_margin_4q_avg": 22.43,
            "net_income": 55797,
            "net_income_4q": null,
            "revenue": 409278,
            "revenue_4q": null,
            "common_shares": 606392,
            "book_valuer_per_share": 23.22,
            "book_valuer_per_share_4q_avg": 24.81,
            "equity": 1407936,
            "current_ratio": 174.63,
            "debt_ratio": 45,
            "inventory_turnover_ratio": 0.5,
            "account_receivable_turnover_ratio": 2.47,
            "reinvestment_rate": 7,
            "research_to_sale_ratio": 1.74,
            "price_fair": 156.28,
            "eps_avg_yearly": 4.47,
            "eps_latest_yearly": 3.68,
            "eps_growth_yearly": 135.41
        }
    },
    "months": {
        "2001-06": {
            "month": "2001-06",
            "price": "29.00",
            "revenue": 61597
        },
        "2001-07": {
            "month": "2001-07",
            "price": "22.50",
            "revenue": 70034
        },
        "2001-08": {
            "month": "2001-08",
            "price": "23.84",
            "revenue": 61059
        },
        "2001-09": {
            "month": "2001-09",
            "price": "19.76",
            "revenue": 50781
        },
        "2001-10": {
            "month": "2001-10",
            "price": "17.02",
            "revenue": 50616
        },
        "2001-11": {
            "month": "2001-11",
            "price": "17.75",
            "revenue": 44465
        },
        "2001-12": {
            "month": "2001-12",
            "price": "18.62",
            "revenue": 56853
        },
        "2002-01": {
            "month": "2002-01",
            "price": "18.90",
            "revenue": 50254
        },
        "2002-02": {
            "month": "2002-02",
            "price": "19.07",
            "revenue": 43566
        },
        "2002-03": {
            "month": "2002-03",
            "price": "19.53",
            "revenue": 57013
        },
        "2002-04": {
            "month": "2002-04",
            "price": "19.84",
            "revenue": 59428
        },
        "2002-05": {
            "month": "2002-05",
            "price": "19.82",
            "revenue": 64501
        },
        "2002-06": {
            "month": "2002-06",
            "price": "20.40",
            "revenue": 71827
        },
        "2002-07": {
            "month": "2002-07",
            "price": "18.71",
            "revenue": 73049
        },
        "2002-08": {
            "month": "2002-08",
            "price": "18.85",
            "revenue": 76686
        },
        "2002-09": {
            "month": "2002-09",
            "price": "17.42",
            "revenue": 75320
        },
        "2002-10": {
            "month": "2002-10",
            "price": "17.55",
            "revenue": 76457
        },
        "2002-11": {
            "month": "2002-11",
            "price": "19.75",
            "revenue": 83786
        },
        "2002-12": {
            "month": "2002-12",
            "price": "19.70",
            "revenue": 74685
        },
        "2003-01": {
            "month": "2003-01",
            "price": "22.56",
            "revenue": 79219
        },
        "2003-02": {
            "month": "2003-02",
            "price": "22.97",
            "revenue": 73936
        },
        "2003-03": {
            "month": "2003-03",
            "price": "22.19",
            "revenue": 85266
        },
        "2003-04": {
            "month": "2003-04",
            "price": "24.17",
            "revenue": 91324
        },
        "2003-05": {
            "month": "2003-05",
            "price": "24.86",
            "revenue": 79234
        },
        "2003-06": {
            "month": "2003-06",
            "price": "25.09",
            "revenue": 72089
        },
        "2003-07": {
            "month": "2003-07",
            "price": "22.27",
            "revenue": 101099
        },
        "2003-08": {
            "month": "2003-08",
            "price": "22.92",
            "revenue": 89911
        },
        "2003-09": {
            "month": "2003-09",
            "price": "22.90",
            "revenue": 98371
        },
        "2003-10": {
            "month": "2003-10",
            "price": "22.06",
            "revenue": 112306
        },
        "2003-11": {
            "month": "2003-11",
            "price": "23.09",
            "revenue": 102254
        },
        "2003-12": {
            "month": "2003-12",
            "price": "22.50",
            "revenue": 101311
        },
        "2004-01": {
            "month": "2004-01",
            "price": "23.01",
            "revenue": 73414
        },
        "2004-02": {
            "month": "2004-02",
            "price": "24.34",
            "revenue": 136856
        },
        "2004-03": {
            "month": "2004-03",
            "price": "25.13",
            "revenue": 104729
        },
        "2004-04": {
            "month": "2004-04",
            "price": "23.99",
            "revenue": 121295
        },
        "2004-05": {
            "month": "2004-05",
            "price": "22.79",
            "revenue": 107716
        },
        "2004-06": {
            "month": "2004-06",
            "price": "22.80",
            "revenue": 107541
        },
        "2004-07": {
            "month": "2004-07",
            "price": "21.68",
            "revenue": 118239
        },
        "2004-08": {
            "month": "2004-08",
            "price": "22.78",
            "revenue": 114946
        },
        "2004-09": {
            "month": "2004-09",
            "price": "23.31",
            "revenue": 150493
        },
        "2004-10": {
            "month": "2004-10",
            "price": "22.89",
            "revenue": 151277
        },
        "2004-11": {
            "month": "2004-11",
            "price": "21.67",
            "revenue": 184536
        },
        "2004-12": {
            "month": "2004-12",
            "price": "21.89",
            "revenue": 178748
        },
        "2005-01": {
            "month": "2005-01",
            "price": "21.97",
            "revenue": 134933
        },
        "2005-02": {
            "month": "2005-02",
            "price": "22.02",
            "revenue": 104404
        },
        "2005-03": {
            "month": "2005-03",
            "price": "22.15",
            "revenue": 150885
        },
        "2005-04": {
            "month": "2005-04",
            "price": "22.08",
            "revenue": 147236
        },
        "2005-05": {
            "month": "2005-05",
            "price": "21.94",
            "revenue": 122797
        },
        "2005-06": {
            "month": "2005-06",
            "price": "21.91",
            "revenue": 134967
        },
        "2005-07": {
            "month": "2005-07",
            "price": "21.40",
            "revenue": 128832
        },
        "2005-08": {
            "month": "2005-08",
            "price": "20.51",
            "revenue": 146318
        },
        "2005-09": {
            "month": "2005-09",
            "price": "20.03",
            "revenue": 150362
        },
        "2005-10": {
            "month": "2005-10",
            "price": "17.90",
            "revenue": 124075
        },
        "2005-11": {
            "month": "2005-11",
            "price": "15.46",
            "revenue": 143293
        },
        "2005-12": {
            "month": "2005-12",
            "price": "14.97",
            "revenue": 153022
        },
        "2006-01": {
            "month": "2006-01",
            "price": "14.68",
            "revenue": 139529
        },
        "2006-02": {
            "month": "2006-02",
            "price": "14.65",
            "revenue": 119000
        },
        "2006-03": {
            "month": "2006-03",
            "price": "14.84",
            "revenue": 173603
        },
        "2006-04": {
            "month": "2006-04",
            "price": "16.17",
            "revenue": 156184
        },
        "2006-05": {
            "month": "2006-05",
            "price": "15.39",
            "revenue": 151238
        },
        "2006-06": {
            "month": "2006-06",
            "price": "14.71",
            "revenue": 143035
        },
        "2006-07": {
            "month": "2006-07",
            "price": "14.54",
            "revenue": 196970
        },
        "2006-08": {
            "month": "2006-08",
            "price": "13.98",
            "revenue": 272117
        },
        "2006-09": {
            "month": "2006-09",
            "price": "13.73",
            "revenue": 267025
        },
        "2006-10": {
            "month": "2006-10",
            "price": "16.44",
            "revenue": 307744
        },
        "2006-11": {
            "month": "2006-11",
            "price": "18.49",
            "revenue": 275761
        },
        "2006-12": {
            "month": "2006-12",
            "price": "19.70",
            "revenue": 233835
        },
        "2007-01": {
            "month": "2007-01",
            "price": "21.26",
            "revenue": 243921
        },
        "2007-02": {
            "month": "2007-02",
            "price": "23.41",
            "revenue": 176250
        },
        "2007-03": {
            "month": "2007-03",
            "price": "23.76",
            "revenue": 364650
        },
        "2007-04": {
            "month": "2007-04",
            "price": "34.22",
            "revenue": 343670
        },
        "2007-05": {
            "month": "2007-05",
            "price": "37.80",
            "revenue": 413053
        },
        "2007-06": {
            "month": "2007-06",
            "price": "41.53",
            "revenue": 296327
        },
        "2007-07": {
            "month": "2007-07",
            "price": "41.02",
            "revenue": 350811
        },
        "2007-08": {
            "month": "2007-08",
            "price": "37.26",
            "revenue": 243763
        },
        "2007-09": {
            "month": "2007-09",
            "price": "37.78",
            "revenue": 183597
        },
        "2007-10": {
            "month": "2007-10",
            "price": "35.78",
            "revenue": 226245
        },
        "2007-11": {
            "month": "2007-11",
            "price": "34.12",
            "revenue": 243101
        },
        "2007-12": {
            "month": "2007-12",
            "price": "30.40",
            "revenue": 249218
        },
        "2008-01": {
            "month": "2008-01",
            "price": "31.01",
            "revenue": 218919
        },
        "2008-02": {
            "month": "2008-02",
            "price": "31.39",
            "revenue": 172591
        },
        "2008-03": {
            "month": "2008-03",
            "price": "33.28",
            "revenue": 295191
        },
        "2008-04": {
            "month": "2008-04",
            "price": "32.99",
            "revenue": 312295
        },
        "2008-05": {
            "month": "2008-05",
            "price": "30.91",
            "revenue": 474037
        },
        "2008-06": {
            "month": "2008-06",
            "price": "27.93",
            "revenue": 238371
        },
        "2008-07": {
            "month": "2008-07",
            "price": "18.83",
            "revenue": 270163
        },
        "2008-08": {
            "month": "2008-08",
            "price": "17.76",
            "revenue": 162690
        },
        "2008-09": {
            "month": "2008-09",
            "price": "15.29",
            "revenue": 208898
        },
        "2008-10": {
            "month": "2008-10",
            "price": "13.96",
            "revenue": 220763
        },
        "2008-11": {
            "month": "2008-11",
            "price": "12.76",
            "revenue": 159753
        },
        "2008-12": {
            "month": "2008-12",
            "price": "11.89",
            "revenue": 186805
        },
        "2009-01": {
            "month": "2009-01",
            "price": "12.13",
            "revenue": 129264
        },
        "2009-02": {
            "month": "2009-02",
            "price": "11.98",
            "revenue": 114180
        },
        "2009-03": {
            "month": "2009-03",
            "price": "13.42",
            "revenue": 99509
        },
        "2009-04": {
            "month": "2009-04",
            "price": "16.19",
            "revenue": 93574
        },
        "2009-05": {
            "month": "2009-05",
            "price": "16.64",
            "revenue": 81030
        },
        "2009-06": {
            "month": "2009-06",
            "price": "16.76",
            "revenue": 90116
        },
        "2009-07": {
            "month": "2009-07",
            "price": "14.87",
            "revenue": 164241
        },
        "2009-08": {
            "month": "2009-08",
            "price": "15.28",
            "revenue": 152573
        },
        "2009-09": {
            "month": "2009-09",
            "price": "14.83",
            "revenue": 174481
        },
        "2009-10": {
            "month": "2009-10",
            "price": "15.22",
            "revenue": 165614
        },
        "2009-11": {
            "month": "2009-11",
            "price": "15.61",
            "revenue": 144312
        },
        "2009-12": {
            "month": "2009-12",
            "price": "15.92",
            "revenue": 174274
        },
        "2010-01": {
            "month": "2010-01",
            "price": "17.52",
            "revenue": 149180
        },
        "2010-02": {
            "month": "2010-02",
            "price": "15.59",
            "revenue": 152526
        },
        "2010-03": {
            "month": "2010-03",
            "price": "16.32",
            "revenue": 221441
        },
        "2010-04": {
            "month": "2010-04",
            "price": "17.80",
            "revenue": 214412
        },
        "2010-05": {
            "month": "2010-05",
            "price": "17.14",
            "revenue": 197084
        },
        "2010-06": {
            "month": "2010-06",
            "price": "17.04",
            "revenue": 348445
        },
        "2010-07": {
            "month": "2010-07",
            "price": "15.64",
            "revenue": 216453
        },
        "2010-08": {
            "month": "2010-08",
            "price": "15.79",
            "revenue": 191702
        },
        "2010-09": {
            "month": "2010-09",
            "price": "15.34",
            "revenue": 237363
        },
        "2010-10": {
            "month": "2010-10",
            "price": "15.15",
            "revenue": 217615
        },
        "2010-11": {
            "month": "2010-11",
            "price": "14.71",
            "revenue": 231214
        },
        "2010-12": {
            "month": "2010-12",
            "price": "14.60",
            "revenue": 252251
        },
        "2011-01": {
            "month": "2011-01",
            "price": "14.85",
            "revenue": 206453
        },
        "2011-02": {
            "month": "2011-02",
            "price": "14.76",
            "revenue": 184911
        },
        "2011-03": {
            "month": "2011-03",
            "price": "14.29",
            "revenue": 260751
        },
        "2011-04": {
            "month": "2011-04",
            "price": "14.53",
            "revenue": 190548
        },
        "2011-05": {
            "month": "2011-05",
            "price": "16.32",
            "revenue": 220541
        },
        "2011-06": {
            "month": "2011-06",
            "price": "16.43",
            "revenue": 216879
        },
        "2011-07": {
            "month": "2011-07",
            "price": "17.65",
            "revenue": 152039
        },
        "2011-08": {
            "month": "2011-08",
            "price": "17.10",
            "revenue": 222963
        },
        "2011-09": {
            "month": "2011-09",
            "price": "16.62",
            "revenue": 163294
        },
        "2011-10": {
            "month": "2011-10",
            "price": "15.90",
            "revenue": 140485
        },
        "2011-11": {
            "month": "2011-11",
            "price": "16.15",
            "revenue": 147193
        },
        "2011-12": {
            "month": "2011-12",
            "price": "15.45",
            "revenue": 166092
        },
        "2012-01": {
            "month": "2012-01",
            "price": "15.17",
            "revenue": 209350
        },
        "2012-02": {
            "month": "2012-02",
            "price": "17.11",
            "revenue": 206871
        },
        "2012-03": {
            "month": "2012-03",
            "price": "18.18",
            "revenue": 224633
        },
        "2012-04": {
            "month": "2012-04",
            "price": "17.50",
            "revenue": 176055
        },
        "2012-05": {
            "month": "2012-05",
            "price": "15.74",
            "revenue": 138131
        },
        "2012-06": {
            "month": "2012-06",
            "price": "15.45",
            "revenue": 148280
        },
        "2012-07": {
            "month": "2012-07",
            "price": "13.53",
            "revenue": 96756
        },
        "2012-08": {
            "month": "2012-08",
            "price": "13.09",
            "revenue": 189978
        },
        "2012-09": {
            "month": "2012-09",
            "price": "13.10",
            "revenue": 154092
        },
        "2012-10": {
            "month": "2012-10",
            "price": "12.75",
            "revenue": 208924
        },
        "2012-11": {
            "month": "2012-11",
            "price": "11.74",
            "revenue": 127867
        },
        "2012-12": {
            "month": "2012-12",
            "price": "11.62",
            "revenue": 122316
        },
        "2013-01": {
            "month": "2013-01",
            "price": "11.92",
            "revenue": 177002
        },
        "2013-02": {
            "month": "2013-02",
            "price": "11.76",
            "revenue": 199724
        },
        "2013-03": {
            "month": "2013-03",
            "price": "11.94",
            "revenue": 196905
        },
        "2013-04": {
            "month": "2013-04",
            "price": "11.74",
            "revenue": 216327
        },
        "2013-05": {
            "month": "2013-05",
            "price": "13.23",
            "revenue": 248498
        },
        "2013-06": {
            "month": "2013-06",
            "price": "13.89",
            "revenue": 176283
        },
        "2013-07": {
            "month": "2013-07",
            "price": "13.91",
            "revenue": 208120
        },
        "2013-08": {
            "month": "2013-08",
            "price": "15.45",
            "revenue": 208927
        },
        "2013-09": {
            "month": "2013-09",
            "price": "16.19",
            "revenue": 231117
        },
        "2013-10": {
            "month": "2013-10",
            "price": "16.13",
            "revenue": 249091
        },
        "2013-11": {
            "month": "2013-11",
            "price": "15.22",
            "revenue": 212767
        },
        "2013-12": {
            "month": "2013-12",
            "price": "15.25",
            "revenue": 283712
        },
        "2014-01": {
            "month": "2014-01",
            "price": "16.22",
            "revenue": 209332
        },
        "2014-02": {
            "month": "2014-02",
            "price": "16.29",
            "revenue": 242276
        },
        "2014-03": {
            "month": "2014-03",
            "price": "17.53",
            "revenue": 255525
        },
        "2014-04": {
            "month": "2014-04",
            "price": "20.43",
            "revenue": 249763
        },
        "2014-05": {
            "month": "2014-05",
            "price": "23.32",
            "revenue": 241813
        },
        "2014-06": {
            "month": "2014-06",
            "price": "21.75",
            "revenue": 207923
        },
        "2014-07": {
            "month": "2014-07",
            "price": "20.43",
            "revenue": 202482
        },
        "2014-08": {
            "month": "2014-08",
            "price": "21.98",
            "revenue": 229284
        },
        "2014-09": {
            "month": "2014-09",
            "price": "24.51",
            "revenue": 225117
        },
        "2014-10": {
            "month": "2014-10",
            "price": "21.16",
            "revenue": 214021
        },
        "2014-11": {
            "month": "2014-11",
            "price": "23.05",
            "revenue": 203806
        },
        "2014-12": {
            "month": "2014-12",
            "price": "24.55",
            "revenue": 233821
        },
        "2015-01": {
            "month": "2015-01",
            "price": "24.65",
            "revenue": 186273
        },
        "2015-02": {
            "month": "2015-02",
            "price": "23.74",
            "revenue": 117412
        },
        "2015-03": {
            "month": "2015-03",
            "price": "25.47",
            "revenue": 172763
        },
        "2015-04": {
            "month": "2015-04",
            "price": "26.58",
            "revenue": 133749
        },
        "2015-05": {
            "month": "2015-05",
            "price": "23.42",
            "revenue": 143526
        },
        "2015-06": {
            "month": "2015-06",
            "price": "21.66",
            "revenue": 135285
        },
        "2015-07": {
            "month": "2015-07",
            "price": "17.69",
            "revenue": 172102
        },
        "2015-08": {
            "month": "2015-08",
            "price": "13.58",
            "revenue": 195294
        },
        "2015-09": {
            "month": "2015-09",
            "price": "14.06",
            "revenue": 206549
        },
        "2015-10": {
            "month": "2015-10",
            "price": "15.60",
            "revenue": 218530
        },
        "2015-11": {
            "month": "2015-11",
            "price": "17.40",
            "revenue": 178477
        },
        "2015-12": {
            "month": "2015-12",
            "price": "16.66",
            "revenue": 214333
        },
        "2016-01": {
            "month": "2016-01",
            "price": "16.81",
            "revenue": 172951
        },
        "2016-02": {
            "month": "2016-02",
            "price": "17.92",
            "revenue": 162386
        },
        "2016-03": {
            "month": "2016-03",
            "price": "21.48",
            "revenue": 188530
        },
        "2016-04": {
            "month": "2016-04",
            "price": "23.58",
            "revenue": 173464
        },
        "2016-05": {
            "month": "2016-05",
            "price": "22.86",
            "revenue": 189833
        },
        "2016-06": {
            "month": "2016-06",
            "price": "23.65",
            "revenue": 178447
        },
        "2016-07": {
            "month": "2016-07",
            "price": "23.16",
            "revenue": 195908
        },
        "2016-08": {
            "month": "2016-08",
            "price": "25.26",
            "revenue": 201282
        },
        "2016-09": {
            "month": "2016-09",
            "price": "25.33",
            "revenue": 183771
        },
        "2016-10": {
            "month": "2016-10",
            "price": "25.05",
            "revenue": 180651
        },
        "2016-11": {
            "month": "2016-11",
            "price": "23.51",
            "revenue": 187749
        },
        "2016-12": {
            "month": "2016-12",
            "price": "23.59",
            "revenue": 200535
        },
        "2017-01": {
            "month": "2017-01",
            "price": "23.95",
            "revenue": 178136
        },
        "2017-02": {
            "month": "2017-02",
            "price": "24.88",
            "revenue": 168798
        },
        "2017-03": {
            "month": "2017-03",
            "price": "25.93",
            "revenue": 196190
        },
        "2017-04": {
            "month": "2017-04",
            "price": "27.48",
            "revenue": 179368
        },
        "2017-05": {
            "month": "2017-05",
            "price": "26.87",
            "revenue": 204153
        },
        "2017-06": {
            "month": "2017-06",
            "price": "27.56",
            "revenue": 178695
        },
        "2017-07": {
            "month": "2017-07",
            "price": "25.50",
            "revenue": 246521
        },
        "2017-08": {
            "month": "2017-08",
            "price": "27.19",
            "revenue": 214972
        },
        "2017-09": {
            "month": "2017-09",
            "price": "27.49",
            "revenue": 232958
        },
        "2017-10": {
            "month": "2017-10",
            "price": "29.22",
            "revenue": 217516
        },
        "2017-11": {
            "month": "2017-11",
            "price": "31.54",
            "revenue": 206941
        },
        "2017-12": {
            "month": "2017-12",
            "price": "30.83",
            "revenue": 223885
        },
        "2018-01": {
            "month": "2018-01",
            "price": "32.45",
            "revenue": 229569
        },
        "2018-02": {
            "month": "2018-02",
            "price": "32.97",
            "revenue": 180306
        },
        "2018-03": {
            "month": "2018-03",
            "price": "35.63",
            "revenue": 255985
        },
        "2018-04": {
            "month": "2018-04",
            "price": "40.08",
            "revenue": 185516
        },
        "2018-05": {
            "month": "2018-05",
            "price": "39.72",
            "revenue": 228536
        },
        "2018-06": {
            "month": "2018-06",
            "price": "40.00",
            "revenue": 200173
        },
        "2018-07": {
            "month": "2018-07",
            "price": "37.26",
            "revenue": 233238
        },
        "2018-08": {
            "month": "2018-08",
            "price": "38.68",
            "revenue": 236484
        },
        "2018-09": {
            "month": "2018-09",
            "price": "39.34",
            "revenue": 216132
        },
        "2018-10": {
            "month": "2018-10",
            "price": "38.15",
            "revenue": 243098
        },
        "2018-11": {
            "month": "2018-11",
            "price": "40.75",
            "revenue": 191199
        },
        "2018-12": {
            "month": "2018-12",
            "price": "40.49",
            "revenue": 222765
        },
        "2019-01": {
            "month": "2019-01",
            "price": "41.63",
            "revenue": 187624
        },
        "2019-02": {
            "month": "2019-02",
            "price": "42.30",
            "revenue": 177333
        },
        "2019-03": {
            "month": "2019-03",
            "price": "45.16",
            "revenue": 217903
        },
        "2019-04": {
            "month": "2019-04",
            "price": "45.73",
            "revenue": 181218
        },
        "2019-05": {
            "month": "2019-05",
            "price": "43.34",
            "revenue": 242486
        },
        "2019-06": {
            "month": "2019-06",
            "price": "44.59",
            "revenue": 194796
        },
        "2019-07": {
            "month": "2019-07",
            "price": "42.55",
            "revenue": 231813
        },
        "2019-08": {
            "month": "2019-08",
            "price": "40.25",
            "revenue": 201559
        },
        "2019-09": {
            "month": "2019-09",
            "price": "39.75",
            "revenue": 199718
        },
        "2019-10": {
            "month": "2019-10",
            "price": "39.80",
            "revenue": 191010
        },
        "2019-11": {
            "month": "2019-11",
            "price": "37.71",
            "revenue": 180392
        },
        "2019-12": {
            "month": "2019-12",
            "price": "37.84",
            "revenue": 200513
        },
        "2020-01": {
            "month": "2020-01",
            "price": "37.62",
            "revenue": 174553
        },
        "2020-02": {
            "month": "2020-02",
            "price": "36.59",
            "revenue": 193271
        },
        "2020-03": {
            "month": "2020-03",
            "price": "31.87",
            "revenue": 193181
        },
        "2020-04": {
            "month": "2020-04",
            "price": "32.90",
            "revenue": 160384
        },
        "2020-05": {
            "month": "2020-05",
            "price": "35.60",
            "revenue": 140174
        },
        "2020-06": {
            "month": "2020-06",
            "price": "35.52",
            "revenue": 149832
        },
        "2020-07": {
            "month": "2020-07",
            "price": "33.03",
            "revenue": 188132
        },
        "2020-08": {
            "month": "2020-08",
            "price": "31.42",
            "revenue": 172621
        },
        "2020-09": {
            "month": "2020-09",
            "price": "31.98",
            "revenue": 191321
        },
        "2020-10": {
            "month": "2020-10",
            "price": "32.35",
            "revenue": 170195
        },
        "2020-11": {
            "month": "2020-11",
            "price": "31.90",
            "revenue": 164893
        },
        "2020-12": {
            "month": "2020-12",
            "price": "31.73",
            "revenue": 235817
        },
        "2021-01": {
            "month": "2021-01",
            "price": "31.37",
            "revenue": 164450
        },
        "2021-02": {
            "month": "2021-02",
            "price": "30.88",
            "revenue": 145332
        },
        "2021-03": {
            "month": "2021-03",
            "price": "32.00",
            "revenue": 206331
        },
        "2021-04": {
            "month": "2021-04",
            "price": "34.65",
            "revenue": 202986
        },
        "2021-05": {
            "month": "2021-05",
            "price": "32.24",
            "revenue": 183070
        },
        "2021-06": {
            "month": "2021-06",
            "price": "32.55",
            "revenue": 203595
        },
        "2021-07": {
            "month": "2021-07",
            "price": "34.74",
            "revenue": 224319
        },
        "2021-08": {
            "month": "2021-08",
            "price": "34.21",
            "revenue": 214579
        },
        "2021-09": {
            "month": "2021-09",
            "price": "34.16",
            "revenue": 214344
        },
        "2021-10": {
            "month": "2021-10",
            "price": "34.09",
            "revenue": 231687
        },
        "2021-11": {
            "month": "2021-11",
            "price": "35.97",
            "revenue": 225069
        },
        "2021-12": {
            "month": "2021-12",
            "price": "36.30",
            "revenue": 229367
        },
        "2022-01": {
            "month": "2022-01",
            "price": "37.48",
            "revenue": 222398
        },
        "2022-02": {
            "month": "2022-02",
            "price": "39.45",
            "revenue": 202043
        },
        "2022-03": {
            "month": "2022-03",
            "price": "42.07",
            "revenue": 222141
        },
        "2022-04": {
            "month": "2022-04",
            "price": "43.94",
            "revenue": 223098
        },
        "2022-05": {
            "month": "2022-05",
            "price": "44.87",
            "revenue": 226811
        },
        "2022-06": {
            "month": "2022-06",
            "price": "44.49",
            "revenue": 241358
        },
        "2022-07": {
            "month": "2022-07",
            "price": "41.64",
            "revenue": 293179
        },
        "2022-08": {
            "month": "2022-08",
            "price": "54.36",
            "revenue": 250138
        },
        "2022-09": {
            "month": "2022-09",
            "price": "60.37",
            "revenue": 252747
        },
        "2022-10": {
            "month": "2022-10",
            "price": "59.06",
            "revenue": 244471
        },
        "2022-11": {
            "month": "2022-11",
            "price": "68.79",
            "revenue": 172685
        },
        "2022-12": {
            "month": "2022-12",
            "price": "61.40",
            "revenue": 169303
        },
        "2023-01": {
            "month": "2023-01",
            "price": "57.29",
            "revenue": 98412
        },
        "2023-02": {
            "month": "2023-02",
            "price": "57.41",
            "revenue": 141075
        },
        "2023-03": {
            "month": "2023-03",
            "price": "59.51",
            "revenue": 135055
        },
        "2023-04": {
            "month": "2023-04",
            "price": "55.74",
            "revenue": 127062
        },
        "2023-05": {
            "month": "2023-05",
            "price": "52.12",
            "revenue": 142685
        },
        "2023-06": {
            "month": "2023-06",
            "price": "52.15",
            "revenue": 125648
        },
        "2023-07": {
            "month": "2023-07",
            "price": "42.86",
            "revenue": 121212
        },
        "2023-08": {
            "month": "2023-08",
            "price": "42.62",
            "revenue": 156921
        },
        "2023-09": {
            "month": "2023-09",
            "price": "43.63",
            "revenue": 127710
        },
        "2023-10": {
            "month": "2023-10",
            "price": "42.95",
            "revenue": 123874
        },
        "2023-11": {
            "month": "2023-11",
            "price": "43.23",
            "revenue": 119738
        },
        "2023-12": {
            "month": "2023-12",
            "price": "44.76",
            "revenue": 112395
        }
    }
}
