{
    "summary": {
        "stock_name": "松和",
        "stock_id": "5016",
        "category": "鋼鐵",
        "main_business": "鋼纜之生產銷售<br>鋼線之生產銷售<br>棒鋼之生產銷售",
        "website_url": "http://www.songho.com",
        "ceo": "李金南",
        "pe_ratio": 22,
        "report_year_from": 2001,
        "report_year_to": 2023,
        "age": 23,
        "eps_negative_percentage": 4,
        "eps_growth_avg": {
            "last_all": 9.02,
            "last_2y": -25.22,
            "last_4y": -12.12,
            "last_8y": 0.1,
            "last_12y": 6.39,
            "last_16y": 3.12,
            "last_20y": 4.69,
            "at_2006_last_3y": 10.94,
            "at_2007_last_3y": 4.34,
            "at_2008_last_3y": 4.34,
            "at_2009_last_3y": -4.94,
            "at_2010_last_3y": -11.01,
            "at_2011_last_3y": 5.07,
            "at_2012_last_3y": -56.05,
            "at_2013_last_3y": 10.62,
            "at_2014_last_3y": 20.53,
            "at_2015_last_3y": 5.79,
            "at_2016_last_3y": 51.64,
            "at_2017_last_3y": 29.72,
            "at_2018_last_3y": 15.39,
            "at_2019_last_3y": 13.85,
            "at_2020_last_3y": 5.08,
            "at_2021_last_3y": 14.61,
            "at_2022_last_3y": 2.09,
            "at_2023_last_3y": -2.69,
            "at_2024_last_3y": -2.69,
            "at_2006_last_all": 27.88,
            "at_2007_last_all": 17.73,
            "at_2008_last_all": 29.48,
            "at_2009_last_all": 13.29,
            "at_2010_last_all": 13.29,
            "at_2011_last_all": 13.51,
            "at_2012_last_all": 3.82,
            "at_2013_last_all": 12.56,
            "at_2014_last_all": 15.7,
            "at_2015_last_all": 11.13,
            "at_2016_last_all": 17.48,
            "at_2017_last_all": 17.14,
            "at_2018_last_all": 15.63,
            "at_2019_last_all": 11.77,
            "at_2020_last_all": 14.73,
            "at_2021_last_all": 16.61,
            "at_2022_last_all": 12.92,
            "at_2023_last_all": 9.02,
            "at_2024_last_all": 9.02
        },
        "latest_eps": 1.28,
        "latest_price": 27.85,
        "latest_roe": 4.4,
        "latest_gross_margin": 8.92,
        "latest_equity": 1443446,
        "latest_revenue": 503602,
        "latest_gross_profit": 44933,
        "latest_net_income": 17514,
        "latest_debt_ratio": 45.63,
        "latest_current_ratio": 322.04,
        "latest_account_receivable_turnover_ratio": 1.45,
        "latest_inventory_turnover_ratio": 0.53,
        "latest_reinvestment_rate": -16.89,
        "latest_research_to_sale_ratio": 0.18
    },
    "eps_dividends": {
        "2000": {
            "cash": 1,
            "stock": 0,
            "eps": 0
        },
        "2001": {
            "cash": 0,
            "stock": 0,
            "eps": 0.92
        },
        "2002": {
            "cash": 0.6,
            "stock": 0,
            "eps": 1.8
        },
        "2003": {
            "cash": 1,
            "stock": 0,
            "eps": 1.68
        },
        "2004": {
            "cash": 1.2,
            "stock": 0,
            "eps": 5.47
        },
        "2005": {
            "cash": 1.5,
            "stock": 1,
            "eps": 2.03
        },
        "2006": {
            "cash": 1.5,
            "stock": 0,
            "eps": 2.3
        },
        "2007": {
            "cash": 1.5,
            "stock": 0,
            "eps": 1.54
        },
        "2008": {
            "cash": 1.2,
            "stock": 0,
            "eps": 4.1
        },
        "2009": {
            "cash": 1.5,
            "stock": 1,
            "eps": -1.66
        },
        "2010": {
            "cash": 0.3,
            "stock": 0,
            "eps": 3.81
        },
        "2011": {
            "cash": 1.5,
            "stock": 1,
            "eps": 4.39
        },
        "2012": {
            "cash": 2.5,
            "stock": 0,
            "eps": 0.73
        },
        "2013": {
            "cash": 1.1,
            "stock": 0,
            "eps": 2.01
        },
        "2014": {
            "cash": 1.5,
            "stock": 0,
            "eps": 3.02
        },
        "2015": {
            "cash": 2,
            "stock": 0,
            "eps": 1.7
        },
        "2016": {
            "cash": 1.2,
            "stock": 0,
            "eps": 3.65
        },
        "2017": {
            "cash": 2.5,
            "stock": 0,
            "eps": 4.1
        },
        "2018": {
            "cash": 3,
            "stock": 0,
            "eps": 3.81
        },
        "2019": {
            "cash": 2.5,
            "stock": 0,
            "eps": 1.91
        },
        "2020": {
            "cash": 1.3,
            "stock": 0,
            "eps": 3.15
        },
        "2021": {
            "cash": 2,
            "stock": 0,
            "eps": 4.74
        },
        "2022": {
            "cash": 3.3,
            "stock": 0,
            "eps": 2.03
        },
        "2023": {
            "cash": 1.4,
            "stock": 0,
            "eps": 0.63
        }
    },
    "dividends": {
        "2000-06-20": {
            "cash": 1,
            "stock": 0
        },
        "2002-06-20": {
            "cash": 0.6,
            "stock": 0
        },
        "2003-06-20": {
            "cash": 1,
            "stock": 0
        },
        "2004-03-26": {
            "cash": 1.2,
            "stock": 0
        },
        "2005-04-04": {
            "cash": 1.5,
            "stock": 1
        },
        "2006-04-26": {
            "cash": 1.5,
            "stock": 0
        },
        "2007-03-30": {
            "cash": 1.5,
            "stock": 0
        },
        "2008-04-25": {
            "cash": 1.2,
            "stock": 0
        },
        "2009-04-20": {
            "cash": 1.5,
            "stock": 1
        },
        "2010-03-29": {
            "cash": 0.3,
            "stock": 0
        },
        "2011-04-15": {
            "cash": 1.5,
            "stock": 1
        },
        "2012-06-05": {
            "cash": 2.5,
            "stock": 0
        },
        "2013-06-05": {
            "cash": 1.1,
            "stock": 0
        },
        "2014-06-16": {
            "cash": 1.5,
            "stock": 0
        },
        "2015-07-17": {
            "cash": 2,
            "stock": 0
        },
        "2016-07-20": {
            "cash": 1.2,
            "stock": 0
        },
        "2017-07-21": {
            "cash": 2.5,
            "stock": 0
        },
        "2018-07-25": {
            "cash": 3,
            "stock": 0
        },
        "2019-07-25": {
            "cash": 2.5,
            "stock": 0
        },
        "2020-07-30": {
            "cash": 1.3,
            "stock": 0
        },
        "2021-09-16": {
            "cash": 2,
            "stock": 0
        },
        "2022-07-22": {
            "cash": 3.3,
            "stock": 0
        },
        "2023-07-26": {
            "cash": 1.4,
            "stock": 0
        }
    },
    "prices": {
        "200101": "無",
        "200102": "無",
        "200103": "11.94",
        "200104": "11.32",
        "200105": "11.14",
        "200106": "10.47",
        "200107": "10.40",
        "200108": "9.21",
        "200109": "9.72",
        "200110": "9.55",
        "200111": "8.67",
        "200112": "9.91",
        "200201": "9.74",
        "200202": "10.29",
        "200203": "9.42",
        "200204": "11.11",
        "200205": "17.93",
        "200206": "17.18",
        "200207": "14.51",
        "200208": "19.27",
        "200209": "15.67",
        "200210": "14.22",
        "200211": "16.45",
        "200212": "15.31",
        "200301": "16.50",
        "200302": "16.36",
        "200303": "14.89",
        "200304": "14.76",
        "200305": "14.12",
        "200306": "14.80",
        "200307": "14.48",
        "200308": "14.02",
        "200309": "13.46",
        "200310": "14.21",
        "200311": "15.84",
        "200312": "15.29",
        "200401": "15.67",
        "200402": "17.10",
        "200403": "18.72",
        "200404": "19.94",
        "200405": "19.23",
        "200406": "19.90",
        "200407": "23.94",
        "200408": "25.43",
        "200409": "33.14",
        "200410": "33.64",
        "200411": "31.68",
        "200412": "32.57",
        "200501": "31.78",
        "200502": "32.44",
        "200503": "31.27",
        "200504": "26.12",
        "200505": "24.49",
        "200506": "25.41",
        "200507": "23.76",
        "200508": "20.66",
        "200509": "20.38",
        "200510": "18.04",
        "200511": "17.17",
        "200512": "17.43",
        "200601": "21.02",
        "200602": "19.34",
        "200603": "18.14",
        "200604": "20.06",
        "200605": "19.10",
        "200606": "18.34",
        "200607": "17.26",
        "200608": "15.98",
        "200609": "16.25",
        "200610": "17.86",
        "200611": "18.24",
        "200612": "18.42",
        "200701": "18.53",
        "200702": "18.67",
        "200703": "19.23",
        "200704": "21.62",
        "200705": "20.55",
        "200706": "21.29",
        "200707": "22.90",
        "200708": "20.66",
        "200709": "20.38",
        "200710": "21.06",
        "200711": "20.25",
        "200712": "19.31",
        "200801": "18.72",
        "200802": "19.03",
        "200803": "19.53",
        "200804": "20.52",
        "200805": "23.99",
        "200806": "24.10",
        "200807": "23.61",
        "200808": "22.97",
        "200809": "24.11",
        "200810": "21.25",
        "200811": "23.05",
        "200812": "20.46",
        "200901": "20.30",
        "200902": "19.81",
        "200903": "20.73",
        "200904": "22.91",
        "200905": "21.83",
        "200906": "21.54",
        "200907": "22.22",
        "200908": "19.62",
        "200909": "18.18",
        "200910": "18.80",
        "200911": "18.81",
        "200912": "18.94",
        "201001": "19.22",
        "201002": "18.34",
        "201003": "18.57",
        "201004": "21.49",
        "201005": "24.48",
        "201006": "26.61",
        "201007": "23.78",
        "201008": "23.72",
        "201009": "27.76",
        "201010": "27.66",
        "201011": "29.22",
        "201012": "33.14",
        "201101": "40.07",
        "201102": "39.00",
        "201103": "50.62",
        "201104": "47.14",
        "201105": "43.67",
        "201106": "45.52",
        "201107": "44.96",
        "201108": "39.64",
        "201109": "38.82",
        "201110": "38.92",
        "201111": "35.60",
        "201112": "28.79",
        "201201": "30.35",
        "201202": "34.57",
        "201203": "35.43",
        "201204": "33.28",
        "201205": "30.11",
        "201206": "28.74",
        "201207": "28.88",
        "201208": "25.61",
        "201209": "24.94",
        "201210": "22.61",
        "201211": "21.34",
        "201212": "22.18",
        "201301": "23.62",
        "201302": "23.11",
        "201303": "27.64",
        "201304": "26.94",
        "201305": "25.74",
        "201306": "25.23",
        "201307": "22.69",
        "201308": "22.90",
        "201309": "23.52",
        "201310": "24.54",
        "201311": "24.99",
        "201312": "25.53",
        "201401": "25.80",
        "201402": "26.05",
        "201403": "26.80",
        "201404": "27.63",
        "201405": "28.50",
        "201406": "29.15",
        "201407": "29.01",
        "201408": "28.90",
        "201409": "28.96",
        "201410": "27.31",
        "201411": "27.63",
        "201412": "27.62",
        "201501": "28.02",
        "201502": "27.87",
        "201503": "27.68",
        "201504": "28.73",
        "201505": "28.18",
        "201506": "26.77",
        "201507": "24.57",
        "201508": "22.82",
        "201509": "23.28",
        "201510": "23.24",
        "201511": "23.86",
        "201512": "23.79",
        "201601": "23.96",
        "201602": "24.19",
        "201603": "24.10",
        "201604": "24.30",
        "201605": "24.05",
        "201606": "23.89",
        "201607": "24.01",
        "201608": "26.33",
        "201609": "26.09",
        "201610": "26.39",
        "201611": "29.18",
        "201612": "32.94",
        "201701": "33.45",
        "201702": "34.21",
        "201703": "34.61",
        "201704": "33.58",
        "201705": "33.61",
        "201706": "34.00",
        "201707": "31.91",
        "201708": "32.75",
        "201709": "33.12",
        "201710": "32.87",
        "201711": "34.78",
        "201712": "34.45",
        "201801": "35.30",
        "201802": "34.50",
        "201803": "36.71",
        "201804": "37.37",
        "201805": "37.08",
        "201806": "37.59",
        "201807": "34.25",
        "201808": "35.49",
        "201809": "35.82",
        "201810": "34.85",
        "201811": "35.40",
        "201812": "35.81",
        "201901": "35.34",
        "201902": "35.74",
        "201903": "36.17",
        "201904": "35.30",
        "201905": "34.59",
        "201906": "34.31",
        "201907": "32.27",
        "201908": "31.69",
        "201909": "30.97",
        "201910": "30.68",
        "201911": "29.66",
        "201912": "28.78",
        "202001": "28.77",
        "202002": "28.07",
        "202003": "26.47",
        "202004": "26.35",
        "202005": "28.05",
        "202006": "28.94",
        "202007": "28.51",
        "202008": "28.88",
        "202009": "29.04",
        "202010": "28.95",
        "202011": "30.34",
        "202012": "31.97",
        "202101": "31.68",
        "202102": "31.62",
        "202103": "32.67",
        "202104": "35.22",
        "202105": "34.48",
        "202106": "35.76",
        "202107": "38.37",
        "202108": "38.72",
        "202109": "37.50",
        "202110": "36.70",
        "202111": "37.84",
        "202112": "37.75",
        "202201": "37.66",
        "202202": "37.87",
        "202203": "39.36",
        "202204": "39.61",
        "202205": "37.61",
        "202206": "36.28",
        "202207": "31.17",
        "202208": "31.94",
        "202209": "31.10",
        "202210": "29.18",
        "202211": "29.17",
        "202212": "29.22",
        "202301": "29.31",
        "202302": "29.77",
        "202303": "30.08",
        "202304": "30.41",
        "202305": "29.93",
        "202306": "29.88",
        "202307": "28.83",
        "202308": "28.68",
        "202309": "28.49",
        "202310": "28.14",
        "202311": "28.08",
        "202312": "29.04"
    },
    "quarters": {
        "20011": {
            "year_quarter": 20011,
            "year": 2001,
            "quarter": 1,
            "eps": 0.23,
            "eps_growth_year": -17.86,
            "eps_4q": 1.28,
            "eps_4q_growth_year": null,
            "roe": 1.44,
            "roe_4q": 1.44,
            "gross_profit": 43114,
            "gross_margin": 13.12,
            "gross_margin_4q_avg": 13.12,
            "net_income": 8752,
            "net_income_4q": null,
            "revenue": 328585,
            "revenue_4q": null,
            "common_shares": 372818,
            "book_valuer_per_share": 16.42,
            "book_valuer_per_share_4q_avg": 16.42,
            "equity": 612345,
            "current_ratio": 102.07,
            "debt_ratio": 62.6,
            "inventory_turnover_ratio": 1.39,
            "account_receivable_turnover_ratio": null,
            "reinvestment_rate": null,
            "research_to_sale_ratio": null,
            "price_fair": 0,
            "eps_avg_yearly": 0,
            "eps_latest_yearly": 0,
            "eps_growth_yearly": 0
        },
        "20012": {
            "year_quarter": 20012,
            "year": 2001,
            "quarter": 2,
            "eps": 0.15,
            "eps_growth_year": -44.44,
            "eps_4q": 1.15,
            "eps_4q_growth_year": null,
            "roe": 0.97,
            "roe_4q": 2.41,
            "gross_profit": 40813,
            "gross_margin": 13.3,
            "gross_margin_4q_avg": 13.21,
            "net_income": 5767,
            "net_income_4q": null,
            "revenue": 306820,
            "revenue_4q": null,
            "common_shares": 372818,
            "book_valuer_per_share": 15.52,
            "book_valuer_per_share_4q_avg": 15.97,
            "equity": 578451,
            "current_ratio": 95.56,
            "debt_ratio": 65.94,
            "inventory_turnover_ratio": 1.18,
            "account_receivable_turnover_ratio": null,
            "reinvestment_rate": null,
            "research_to_sale_ratio": null,
            "price_fair": 0,
            "eps_avg_yearly": 0,
            "eps_latest_yearly": 0,
            "eps_growth_yearly": 0
        },
        "20013": {
            "year_quarter": 20013,
            "year": 2001,
            "quarter": 3,
            "eps": 0.14,
            "eps_growth_year": -54.84,
            "eps_4q": 1.02,
            "eps_4q_growth_year": null,
            "roe": 0.9,
            "roe_4q": 3.31,
            "gross_profit": 37990,
            "gross_margin": 12.13,
            "gross_margin_4q_avg": 12.85,
            "net_income": 5218,
            "net_income_4q": null,
            "revenue": 313278,
            "revenue_4q": null,
            "common_shares": 372818,
            "book_valuer_per_share": 15.66,
            "book_valuer_per_share_4q_avg": 15.87,
            "equity": 583668,
            "current_ratio": 94.44,
            "debt_ratio": 63.21,
            "inventory_turnover_ratio": 1.12,
            "account_receivable_turnover_ratio": null,
            "reinvestment_rate": null,
            "research_to_sale_ratio": null,
            "price_fair": 0,
            "eps_avg_yearly": 0,
            "eps_latest_yearly": 0,
            "eps_growth_yearly": 0
        },
        "20014": {
            "year_quarter": 20014,
            "year": 2001,
            "quarter": 4,
            "eps": 0.4,
            "eps_growth_year": -18.37,
            "eps_4q": 0.93,
            "eps_4q_growth_year": -31.57,
            "roe": 2.52,
            "roe_4q": 5.83,
            "gross_profit": 45819,
            "gross_margin": 14.38,
            "gross_margin_4q_avg": 13.23,
            "net_income": 14897,
            "net_income_4q": null,
            "revenue": 318653,
            "revenue_4q": null,
            "common_shares": 372818,
            "book_valuer_per_share": 16.06,
            "book_valuer_per_share_4q_avg": 15.92,
            "equity": 598566,
            "current_ratio": 101.94,
            "debt_ratio": 67.59,
            "inventory_turnover_ratio": 1.11,
            "account_receivable_turnover_ratio": null,
            "reinvestment_rate": null,
            "research_to_sale_ratio": null,
            "price_fair": 0,
            "eps_avg_yearly": 0,
            "eps_latest_yearly": 0,
            "eps_growth_yearly": 0
        },
        "20021": {
            "year_quarter": 20021,
            "year": 2002,
            "quarter": 1,
            "eps": 0.18,
            "eps_growth_year": -21.74,
            "eps_4q": 0.87,
            "eps_4q_growth_year": -31.76,
            "roe": 1.12,
            "roe_4q": 5.51,
            "gross_profit": 34998,
            "gross_margin": 10.08,
            "gross_margin_4q_avg": 12.47,
            "net_income": 6743,
            "net_income_4q": null,
            "revenue": 347352,
            "revenue_4q": null,
            "common_shares": 372818,
            "book_valuer_per_share": 16.24,
            "book_valuer_per_share_4q_avg": 15.87,
            "equity": 605309,
            "current_ratio": 102.17,
            "debt_ratio": 66.14,
            "inventory_turnover_ratio": 1.46,
            "account_receivable_turnover_ratio": null,
            "reinvestment_rate": null,
            "research_to_sale_ratio": null,
            "price_fair": 2.16,
            "eps_avg_yearly": 0.72,
            "eps_latest_yearly": 0.72,
            "eps_growth_yearly": -220
        },
        "20022": {
            "year_quarter": 20022,
            "year": 2002,
            "quarter": 2,
            "eps": 0.45,
            "eps_growth_year": 200,
            "eps_4q": 1.18,
            "eps_4q_growth_year": 2.49,
            "roe": 2.76,
            "roe_4q": 7.300000000000001,
            "gross_profit": 49715,
            "gross_margin": 13.58,
            "gross_margin_4q_avg": 12.54,
            "net_income": 16622,
            "net_income_4q": null,
            "revenue": 365967,
            "revenue_4q": null,
            "common_shares": 372818,
            "book_valuer_per_share": 16.04,
            "book_valuer_per_share_4q_avg": 16,
            "equity": 598134,
            "current_ratio": 101.25,
            "debt_ratio": 66.96,
            "inventory_turnover_ratio": 1.87,
            "account_receivable_turnover_ratio": null,
            "reinvestment_rate": null,
            "research_to_sale_ratio": null,
            "price_fair": 44.1,
            "eps_avg_yearly": 1.26,
            "eps_latest_yearly": 1.8,
            "eps_growth_yearly": 190
        },
        "20023": {
            "year_quarter": 20023,
            "year": 2002,
            "quarter": 3,
            "eps": 0.63,
            "eps_growth_year": 350,
            "eps_4q": 1.66,
            "eps_4q_growth_year": 63.44,
            "roe": 3.83,
            "roe_4q": 10.23,
            "gross_profit": 63111,
            "gross_margin": 17.05,
            "gross_margin_4q_avg": 13.77,
            "net_income": 23354,
            "net_income_4q": null,
            "revenue": 370124,
            "revenue_4q": null,
            "common_shares": 372818,
            "book_valuer_per_share": 16.67,
            "book_valuer_per_share_4q_avg": 16.25,
            "equity": 621488,
            "current_ratio": 104.05,
            "debt_ratio": 66.55,
            "inventory_turnover_ratio": 1.96,
            "account_receivable_turnover_ratio": null,
            "reinvestment_rate": null,
            "research_to_sale_ratio": null,
            "price_fair": 58.8,
            "eps_avg_yearly": 1.68,
            "eps_latest_yearly": 2.52,
            "eps_growth_yearly": 180
        },
        "20024": {
            "year_quarter": 20024,
            "year": 2002,
            "quarter": 4,
            "eps": 0.54,
            "eps_growth_year": 35,
            "eps_4q": 1.78,
            "eps_4q_growth_year": 91.7,
            "roe": 3.21,
            "roe_4q": 10.920000000000002,
            "gross_profit": 54503,
            "gross_margin": 16.38,
            "gross_margin_4q_avg": 14.27,
            "net_income": 20301,
            "net_income_4q": null,
            "revenue": 332743,
            "revenue_4q": null,
            "common_shares": 372818,
            "book_valuer_per_share": 17.2,
            "book_valuer_per_share_4q_avg": 16.54,
            "equity": 641429,
            "current_ratio": 106.32,
            "debt_ratio": 65.36,
            "inventory_turnover_ratio": 1.59,
            "account_receivable_turnover_ratio": null,
            "reinvestment_rate": null,
            "research_to_sale_ratio": null,
            "price_fair": 63,
            "eps_avg_yearly": 1.8,
            "eps_latest_yearly": 2.16,
            "eps_growth_yearly": 120.71
        },
        "20031": {
            "year_quarter": 20031,
            "year": 2003,
            "quarter": 1,
            "eps": 0.41,
            "eps_growth_year": 127.78,
            "eps_4q": 2.02,
            "eps_4q_growth_year": 131.63,
            "roe": 2.37,
            "roe_4q": 12.17,
            "gross_profit": 42862,
            "gross_margin": 12.16,
            "gross_margin_4q_avg": 14.79,
            "net_income": 15376,
            "net_income_4q": null,
            "revenue": 352477,
            "revenue_4q": null,
            "common_shares": 372818,
            "book_valuer_per_share": 17.62,
            "book_valuer_per_share_4q_avg": 16.88,
            "equity": 656805,
            "current_ratio": 109.71,
            "debt_ratio": 65.87,
            "inventory_turnover_ratio": 1.67,
            "account_receivable_turnover_ratio": null,
            "reinvestment_rate": null,
            "research_to_sale_ratio": null,
            "price_fair": 61.88,
            "eps_avg_yearly": 1.77,
            "eps_latest_yearly": 1.64,
            "eps_growth_yearly": 77.31
        },
        "20032": {
            "year_quarter": 20032,
            "year": 2003,
            "quarter": 2,
            "eps": 0.45,
            "eps_growth_year": 0,
            "eps_4q": 2.03,
            "eps_4q_growth_year": 72.34,
            "roe": 2.61,
            "roe_4q": 12.020000000000001,
            "gross_profit": 46474,
            "gross_margin": 13.45,
            "gross_margin_4q_avg": 14.76,
            "net_income": 16827,
            "net_income_4q": null,
            "revenue": 345412,
            "revenue_4q": null,
            "common_shares": 372818,
            "book_valuer_per_share": 17,
            "book_valuer_per_share_4q_avg": 17.12,
            "equity": 633971,
            "current_ratio": 110.32,
            "debt_ratio": 66.52,
            "inventory_turnover_ratio": 1.42,
            "account_receivable_turnover_ratio": null,
            "reinvestment_rate": null,
            "research_to_sale_ratio": null,
            "price_fair": 62.07,
            "eps_avg_yearly": 1.77,
            "eps_latest_yearly": 1.8,
            "eps_growth_yearly": 70.93
        },
        "20033": {
            "year_quarter": 20033,
            "year": 2003,
            "quarter": 3,
            "eps": 0.4,
            "eps_growth_year": -36.51,
            "eps_4q": 1.82,
            "eps_4q_growth_year": 9.78,
            "roe": 2.3,
            "roe_4q": 10.49,
            "gross_profit": 36781,
            "gross_margin": 10.01,
            "gross_margin_4q_avg": 13,
            "net_income": 14741,
            "net_income_4q": null,
            "revenue": 367595,
            "revenue_4q": null,
            "common_shares": 372818,
            "book_valuer_per_share": 17.4,
            "book_valuer_per_share_4q_avg": 17.31,
            "equity": 648712,
            "current_ratio": 132.18,
            "debt_ratio": 66.32,
            "inventory_turnover_ratio": 1.37,
            "account_receivable_turnover_ratio": null,
            "reinvestment_rate": null,
            "research_to_sale_ratio": null,
            "price_fair": 61.2,
            "eps_avg_yearly": 1.75,
            "eps_latest_yearly": 1.6,
            "eps_growth_yearly": 54.45
        },
        "20034": {
            "year_quarter": 20034,
            "year": 2003,
            "quarter": 4,
            "eps": 0.42,
            "eps_growth_year": -22.22,
            "eps_4q": 1.67,
            "eps_4q_growth_year": -6.31,
            "roe": 2.42,
            "roe_4q": 9.7,
            "gross_profit": 51592,
            "gross_margin": 12.98,
            "gross_margin_4q_avg": 12.15,
            "net_income": 15771,
            "net_income_4q": null,
            "revenue": 397371,
            "revenue_4q": null,
            "common_shares": 372818,
            "book_valuer_per_share": 17.57,
            "book_valuer_per_share_4q_avg": 17.4,
            "equity": 655153,
            "current_ratio": 137.31,
            "debt_ratio": 67.72,
            "inventory_turnover_ratio": 1.59,
            "account_receivable_turnover_ratio": null,
            "reinvestment_rate": -7.39,
            "research_to_sale_ratio": null,
            "price_fair": 60.9,
            "eps_avg_yearly": 1.74,
            "eps_latest_yearly": 1.68,
            "eps_growth_yearly": 50.14
        },
        "20041": {
            "year_quarter": 20041,
            "year": 2004,
            "quarter": 1,
            "eps": 1.13,
            "eps_growth_year": 175.61,
            "eps_4q": 2.4,
            "eps_4q_growth_year": 18.89,
            "roe": 6.19,
            "roe_4q": 13.52,
            "gross_profit": 73381,
            "gross_margin": 17.35,
            "gross_margin_4q_avg": 13.45,
            "net_income": 42178,
            "net_income_4q": null,
            "revenue": 422849,
            "revenue_4q": null,
            "common_shares": 372818,
            "book_valuer_per_share": 18.96,
            "book_valuer_per_share_4q_avg": 17.73,
            "equity": 707021,
            "current_ratio": 135.59,
            "debt_ratio": 66.78,
            "inventory_turnover_ratio": 1.83,
            "account_receivable_turnover_ratio": null,
            "reinvestment_rate": -11.4,
            "research_to_sale_ratio": null,
            "price_fair": 71.71,
            "eps_avg_yearly": 2.05,
            "eps_latest_yearly": 4.52,
            "eps_growth_yearly": 119.7
        },
        "20042": {
            "year_quarter": 20042,
            "year": 2004,
            "quarter": 2,
            "eps": 1.63,
            "eps_growth_year": 262.22,
            "eps_4q": 3.58,
            "eps_4q_growth_year": 76.66,
            "roe": 8.5,
            "roe_4q": 19.41,
            "gross_profit": 111909,
            "gross_margin": 22.32,
            "gross_margin_4q_avg": 15.67,
            "net_income": 60642,
            "net_income_4q": null,
            "revenue": 501434,
            "revenue_4q": null,
            "common_shares": 372818,
            "book_valuer_per_share": 19.31,
            "book_valuer_per_share_4q_avg": 18.31,
            "equity": 720069,
            "current_ratio": 134.4,
            "debt_ratio": 66.43,
            "inventory_turnover_ratio": 1.86,
            "account_receivable_turnover_ratio": null,
            "reinvestment_rate": -11.79,
            "research_to_sale_ratio": null,
            "price_fair": 87.36,
            "eps_avg_yearly": 2.5,
            "eps_latest_yearly": 6.52,
            "eps_growth_yearly": 125.43
        },
        "20043": {
            "year_quarter": 20043,
            "year": 2004,
            "quarter": 3,
            "eps": 1.43,
            "eps_growth_year": 257.5,
            "eps_4q": 4.62,
            "eps_4q_growth_year": 152.94,
            "roe": 7.13,
            "roe_4q": 24.240000000000002,
            "gross_profit": 99162,
            "gross_margin": 18.8,
            "gross_margin_4q_avg": 17.86,
            "net_income": 53238,
            "net_income_4q": null,
            "revenue": 527567,
            "revenue_4q": null,
            "common_shares": 372818,
            "book_valuer_per_share": 20.74,
            "book_valuer_per_share_4q_avg": 19.15,
            "equity": 773308,
            "current_ratio": 136.31,
            "debt_ratio": 65.65,
            "inventory_turnover_ratio": 1.75,
            "account_receivable_turnover_ratio": null,
            "reinvestment_rate": -10.97,
            "research_to_sale_ratio": null,
            "price_fair": 97.62,
            "eps_avg_yearly": 2.79,
            "eps_latest_yearly": 5.72,
            "eps_growth_yearly": 109.57
        },
        "20044": {
            "year_quarter": 20044,
            "year": 2004,
            "quarter": 4,
            "eps": 1.28,
            "eps_growth_year": 204.76,
            "eps_4q": 5.48,
            "eps_4q_growth_year": 227.87,
            "roe": 6.01,
            "roe_4q": 27.830000000000002,
            "gross_profit": 83335,
            "gross_margin": 16.56,
            "gross_margin_4q_avg": 18.76,
            "net_income": 47605,
            "net_income_4q": null,
            "revenue": 503288,
            "revenue_4q": null,
            "common_shares": 372818,
            "book_valuer_per_share": 21.78,
            "book_valuer_per_share_4q_avg": 20.2,
            "equity": 812012,
            "current_ratio": 146.01,
            "debt_ratio": 62.12,
            "inventory_turnover_ratio": 1.48,
            "account_receivable_turnover_ratio": null,
            "reinvestment_rate": -19.17,
            "research_to_sale_ratio": null,
            "price_fair": 104.42,
            "eps_avg_yearly": 2.98,
            "eps_latest_yearly": 5.12,
            "eps_growth_yearly": 96.94
        },
        "20051": {
            "year_quarter": 20051,
            "year": 2005,
            "quarter": 1,
            "eps": 1.25,
            "eps_growth_year": 10.62,
            "eps_4q": 5.58,
            "eps_4q_growth_year": 132.79,
            "roe": 5.55,
            "roe_4q": 27.189999999999998,
            "gross_profit": 89101,
            "gross_margin": 17.77,
            "gross_margin_4q_avg": 18.86,
            "net_income": 46586,
            "net_income_4q": null,
            "revenue": 501321,
            "revenue_4q": null,
            "common_shares": 372818,
            "book_valuer_per_share": 23.23,
            "book_valuer_per_share_4q_avg": 21.27,
            "equity": 866011,
            "current_ratio": 146.2,
            "debt_ratio": 60.21,
            "inventory_turnover_ratio": 1.31,
            "account_receivable_turnover_ratio": null,
            "reinvestment_rate": -20.42,
            "research_to_sale_ratio": null,
            "price_fair": 109.85,
            "eps_avg_yearly": 3.14,
            "eps_latest_yearly": 5,
            "eps_growth_yearly": 88.76
        },
        "20052": {
            "year_quarter": 20052,
            "year": 2005,
            "quarter": 2,
            "eps": 0.38,
            "eps_growth_year": -76.69,
            "eps_4q": 3.94,
            "eps_4q_growth_year": 9.96,
            "roe": 1.87,
            "roe_4q": 20.56,
            "gross_profit": 64534,
            "gross_margin": 12.43,
            "gross_margin_4q_avg": 16.39,
            "net_income": 15733,
            "net_income_4q": null,
            "revenue": 519003,
            "revenue_4q": null,
            "common_shares": 372818,
            "book_valuer_per_share": 21.99,
            "book_valuer_per_share_4q_avg": 21.94,
            "equity": 819975,
            "current_ratio": 147.25,
            "debt_ratio": 62.79,
            "inventory_turnover_ratio": 1.28,
            "account_receivable_turnover_ratio": null,
            "reinvestment_rate": -19.08,
            "research_to_sale_ratio": null,
            "price_fair": 105.8,
            "eps_avg_yearly": 3.02,
            "eps_latest_yearly": 1.52,
            "eps_growth_yearly": 62.54
        },
        "20053": {
            "year_quarter": 20053,
            "year": 2005,
            "quarter": 3,
            "eps": 0.41,
            "eps_growth_year": -71.33,
            "eps_4q": 3.09,
            "eps_4q_growth_year": -33.08,
            "roe": 2.03,
            "roe_4q": 15.459999999999999,
            "gross_profit": 52135,
            "gross_margin": 10.33,
            "gross_margin_4q_avg": 14.27,
            "net_income": 16824,
            "net_income_4q": null,
            "revenue": 504457,
            "revenue_4q": null,
            "common_shares": 410100,
            "book_valuer_per_share": 20.46,
            "book_valuer_per_share_4q_avg": 21.87,
            "equity": 838866,
            "current_ratio": 139.99,
            "debt_ratio": 56.75,
            "inventory_turnover_ratio": 1.17,
            "account_receivable_turnover_ratio": null,
            "reinvestment_rate": -18.84,
            "research_to_sale_ratio": null,
            "price_fair": 102.57,
            "eps_avg_yearly": 2.93,
            "eps_latest_yearly": 1.64,
            "eps_growth_yearly": 60.47
        },
        "20054": {
            "year_quarter": 20054,
            "year": 2005,
            "quarter": 4,
            "eps": -0.01,
            "eps_growth_year": -100.78,
            "eps_4q": 1.97,
            "eps_4q_growth_year": -64.01,
            "roe": -0.03,
            "roe_4q": 9.42,
            "gross_profit": 40636,
            "gross_margin": 8.51,
            "gross_margin_4q_avg": 12.26,
            "net_income": -211,
            "net_income_4q": null,
            "revenue": 477513,
            "revenue_4q": null,
            "common_shares": 410100,
            "book_valuer_per_share": 20.07,
            "book_valuer_per_share_4q_avg": 21.44,
            "equity": 836969,
            "current_ratio": 167.85,
            "debt_ratio": 57.72,
            "inventory_turnover_ratio": 1.25,
            "account_receivable_turnover_ratio": null,
            "reinvestment_rate": 10.51,
            "research_to_sale_ratio": null,
            "price_fair": 102.57,
            "eps_avg_yearly": 2.93,
            "eps_latest_yearly": 1.64,
            "eps_growth_yearly": 60.47
        },
        "20061": {
            "year_quarter": 20061,
            "year": 2006,
            "quarter": 1,
            "eps": 0.22,
            "eps_growth_year": -82.4,
            "eps_4q": 1,
            "eps_4q_growth_year": -82.08,
            "roe": 1.08,
            "roe_4q": 4.95,
            "gross_profit": 42668,
            "gross_margin": 9.29,
            "gross_margin_4q_avg": 10.14,
            "net_income": 9120,
            "net_income_4q": null,
            "revenue": 459097,
            "revenue_4q": null,
            "common_shares": 410100,
            "book_valuer_per_share": 20.63,
            "book_valuer_per_share_4q_avg": 20.79,
            "equity": 846077,
            "current_ratio": 195.09,
            "debt_ratio": 55.97,
            "inventory_turnover_ratio": 1.4,
            "account_receivable_turnover_ratio": null,
            "reinvestment_rate": -0.25,
            "research_to_sale_ratio": null,
            "price_fair": 108.1,
            "eps_avg_yearly": 3.09,
            "eps_latest_yearly": 1.64,
            "eps_growth_yearly": 80.51
        },
        "20062": {
            "year_quarter": 20062,
            "year": 2006,
            "quarter": 2,
            "eps": 0.82,
            "eps_growth_year": 115.79,
            "eps_4q": 1.45,
            "eps_4q_growth_year": -63.32,
            "roe": 4.06,
            "roe_4q": 7.139999999999999,
            "gross_profit": 63783,
            "gross_margin": 12.17,
            "gross_margin_4q_avg": 10.08,
            "net_income": 33735,
            "net_income_4q": null,
            "revenue": 524222,
            "revenue_4q": null,
            "common_shares": 410100,
            "book_valuer_per_share": 19.85,
            "book_valuer_per_share_4q_avg": 20.25,
            "equity": 814016,
            "current_ratio": 151.52,
            "debt_ratio": 60.24,
            "inventory_turnover_ratio": 1.66,
            "account_receivable_turnover_ratio": null,
            "reinvestment_rate": 1.25,
            "research_to_sale_ratio": null,
            "price_fair": 111.8,
            "eps_avg_yearly": 3.19,
            "eps_latest_yearly": 3.28,
            "eps_growth_yearly": 115.57
        },
        "20063": {
            "year_quarter": 20063,
            "year": 2006,
            "quarter": 3,
            "eps": 0.8,
            "eps_growth_year": 95.12,
            "eps_4q": 1.84,
            "eps_4q_growth_year": -40.36,
            "roe": 3.93,
            "roe_4q": 9.040000000000001,
            "gross_profit": 80406,
            "gross_margin": 14.53,
            "gross_margin_4q_avg": 11.13,
            "net_income": 32739,
            "net_income_4q": null,
            "revenue": 553201,
            "revenue_4q": null,
            "common_shares": 410100,
            "book_valuer_per_share": 20.79,
            "book_valuer_per_share_4q_avg": 20.34,
            "equity": 852469,
            "current_ratio": 169.7,
            "debt_ratio": 60.36,
            "inventory_turnover_ratio": 1.44,
            "account_receivable_turnover_ratio": null,
            "reinvestment_rate": 1.15,
            "research_to_sale_ratio": null,
            "price_fair": 113.5,
            "eps_avg_yearly": 3.24,
            "eps_latest_yearly": 3.2,
            "eps_growth_yearly": 103.45
        },
        "20064": {
            "year_quarter": 20064,
            "year": 2006,
            "quarter": 4,
            "eps": 0.46,
            "eps_growth_year": null,
            "eps_4q": 2.31,
            "eps_4q_growth_year": 17.06,
            "roe": 2.19,
            "roe_4q": 11.26,
            "gross_profit": 65832,
            "gross_margin": 12.76,
            "gross_margin_4q_avg": 12.19,
            "net_income": 18823,
            "net_income_4q": null,
            "revenue": 515931,
            "revenue_4q": null,
            "common_shares": 410100,
            "book_valuer_per_share": 20.74,
            "book_valuer_per_share_4q_avg": 20.5,
            "equity": 863174,
            "current_ratio": 146.81,
            "debt_ratio": 61.39,
            "inventory_turnover_ratio": 1.16,
            "account_receivable_turnover_ratio": null,
            "reinvestment_rate": 37.72,
            "research_to_sale_ratio": null,
            "price_fair": 112.7,
            "eps_avg_yearly": 3.22,
            "eps_latest_yearly": 1.84,
            "eps_growth_yearly": 95.38
        },
        "20071": {
            "year_quarter": 20071,
            "year": 2007,
            "quarter": 1,
            "eps": 0.34,
            "eps_growth_year": 54.55,
            "eps_4q": 2.4,
            "eps_4q_growth_year": 139.92,
            "roe": 1.61,
            "roe_4q": 11.79,
            "gross_profit": 56911,
            "gross_margin": 10.47,
            "gross_margin_4q_avg": 12.48,
            "net_income": 14079,
            "net_income_4q": null,
            "revenue": 543587,
            "revenue_4q": null,
            "common_shares": 410100,
            "book_valuer_per_share": 21.49,
            "book_valuer_per_share_4q_avg": 20.72,
            "equity": 881172,
            "current_ratio": 137.05,
            "debt_ratio": 59.83,
            "inventory_turnover_ratio": 1.24,
            "account_receivable_turnover_ratio": null,
            "reinvestment_rate": 25.63,
            "research_to_sale_ratio": null,
            "price_fair": 112,
            "eps_avg_yearly": 3.2,
            "eps_latest_yearly": 1.36,
            "eps_growth_yearly": 94.81
        },
        "20072": {
            "year_quarter": 20072,
            "year": 2007,
            "quarter": 2,
            "eps": 0.37,
            "eps_growth_year": -54.88,
            "eps_4q": 1.99,
            "eps_4q_growth_year": 37.78,
            "roe": 1.75,
            "roe_4q": 9.48,
            "gross_profit": 63074,
            "gross_margin": 10.42,
            "gross_margin_4q_avg": 12.05,
            "net_income": 14977,
            "net_income_4q": null,
            "revenue": 605063,
            "revenue_4q": null,
            "common_shares": 410100,
            "book_valuer_per_share": 20.2,
            "book_valuer_per_share_4q_avg": 20.81,
            "equity": 828351,
            "current_ratio": 109.33,
            "debt_ratio": 67.24,
            "inventory_turnover_ratio": 1.19,
            "account_receivable_turnover_ratio": null,
            "reinvestment_rate": 20.82,
            "research_to_sale_ratio": null,
            "price_fair": 111.2,
            "eps_avg_yearly": 3.18,
            "eps_latest_yearly": 1.48,
            "eps_growth_yearly": 94.54
        },
        "20073": {
            "year_quarter": 20073,
            "year": 2007,
            "quarter": 3,
            "eps": 0.43,
            "eps_growth_year": -46.25,
            "eps_4q": 1.6,
            "eps_4q_growth_year": -13.14,
            "roe": 2.1,
            "roe_4q": 7.65,
            "gross_profit": 54579,
            "gross_margin": 8.44,
            "gross_margin_4q_avg": 10.52,
            "net_income": 17596,
            "net_income_4q": null,
            "revenue": 646294,
            "revenue_4q": null,
            "common_shares": 410100,
            "book_valuer_per_share": 20.61,
            "book_valuer_per_share_4q_avg": 20.76,
            "equity": 845368,
            "current_ratio": 111.21,
            "debt_ratio": 65.08,
            "inventory_turnover_ratio": 1.18,
            "account_receivable_turnover_ratio": null,
            "reinvestment_rate": 19.31,
            "research_to_sale_ratio": null,
            "price_fair": 111.5,
            "eps_avg_yearly": 3.19,
            "eps_latest_yearly": 1.72,
            "eps_growth_yearly": 102.35
        },
        "20074": {
            "year_quarter": 20074,
            "year": 2007,
            "quarter": 4,
            "eps": 0.4,
            "eps_growth_year": -13.04,
            "eps_4q": 1.53,
            "eps_4q_growth_year": -33.86,
            "roe": 1.94,
            "roe_4q": 7.4,
            "gross_profit": 70695,
            "gross_margin": 9.62,
            "gross_margin_4q_avg": 9.74,
            "net_income": 16570,
            "net_income_4q": null,
            "revenue": 734654,
            "revenue_4q": null,
            "common_shares": 410100,
            "book_valuer_per_share": 20.66,
            "book_valuer_per_share_4q_avg": 20.74,
            "equity": 858676,
            "current_ratio": 138.98,
            "debt_ratio": 65.66,
            "inventory_turnover_ratio": 1.5,
            "account_receivable_turnover_ratio": null,
            "reinvestment_rate": 66.18,
            "research_to_sale_ratio": null,
            "price_fair": 111.3,
            "eps_avg_yearly": 3.18,
            "eps_latest_yearly": 1.6,
            "eps_growth_yearly": 98.93
        },
        "20081": {
            "year_quarter": 20081,
            "year": 2008,
            "quarter": 1,
            "eps": 0.73,
            "eps_growth_year": 114.71,
            "eps_4q": 1.94,
            "eps_4q_growth_year": -18.98,
            "roe": 3.39,
            "roe_4q": 9.18,
            "gross_profit": 81664,
            "gross_margin": 11.85,
            "gross_margin_4q_avg": 10.08,
            "net_income": 29654,
            "net_income_4q": null,
            "revenue": 689199,
            "revenue_4q": null,
            "common_shares": 410100,
            "book_valuer_per_share": 21.47,
            "book_valuer_per_share_4q_avg": 20.74,
            "equity": 890493,
            "current_ratio": 137.41,
            "debt_ratio": 62.44,
            "inventory_turnover_ratio": 1.61,
            "account_receivable_turnover_ratio": null,
            "reinvestment_rate": 65.48,
            "research_to_sale_ratio": null,
            "price_fair": 107.3,
            "eps_avg_yearly": 3.07,
            "eps_latest_yearly": 2.92,
            "eps_growth_yearly": 74.2
        },
        "20082": {
            "year_quarter": 20082,
            "year": 2008,
            "quarter": 2,
            "eps": 2.55,
            "eps_growth_year": 589.19,
            "eps_4q": 4.11,
            "eps_4q_growth_year": 106.47,
            "roe": 11.45,
            "roe_4q": 18.880000000000003,
            "gross_profit": 192996,
            "gross_margin": 21.89,
            "gross_margin_4q_avg": 12.95,
            "net_income": 104476,
            "net_income_4q": null,
            "revenue": 881846,
            "revenue_4q": null,
            "common_shares": 410100,
            "book_valuer_per_share": 22.54,
            "book_valuer_per_share_4q_avg": 21.32,
            "equity": 934105,
            "current_ratio": 136.63,
            "debt_ratio": 67.35,
            "inventory_turnover_ratio": 1.54,
            "account_receivable_turnover_ratio": null,
            "reinvestment_rate": 57.6,
            "research_to_sale_ratio": null,
            "price_fair": 116.5,
            "eps_avg_yearly": 3.33,
            "eps_latest_yearly": 10.2,
            "eps_growth_yearly": 132.79
        },
        "20083": {
            "year_quarter": 20083,
            "year": 2008,
            "quarter": 3,
            "eps": 2.62,
            "eps_growth_year": 509.3,
            "eps_4q": 6.31,
            "eps_4q_growth_year": 294.66,
            "roe": 10.77,
            "roe_4q": 27.55,
            "gross_profit": 192260,
            "gross_margin": 23.28,
            "gross_margin_4q_avg": 16.66,
            "net_income": 107100,
            "net_income_4q": null,
            "revenue": 825905,
            "revenue_4q": null,
            "common_shares": 410100,
            "book_valuer_per_share": 25.45,
            "book_valuer_per_share_4q_avg": 22.53,
            "equity": 1054155,
            "current_ratio": 146.15,
            "debt_ratio": 63.8,
            "inventory_turnover_ratio": 0.99,
            "account_receivable_turnover_ratio": null,
            "reinvestment_rate": 51.44,
            "research_to_sale_ratio": null,
            "price_fair": 128.4,
            "eps_avg_yearly": 3.67,
            "eps_latest_yearly": 10.48,
            "eps_growth_yearly": 137.08
        },
        "20084": {
            "year_quarter": 20084,
            "year": 2008,
            "quarter": 4,
            "eps": -1.8,
            "eps_growth_year": -550,
            "eps_4q": 4.12,
            "eps_4q_growth_year": 169.96,
            "roe": -7.36,
            "roe_4q": 18.25,
            "gross_profit": -27382,
            "gross_margin": -5.79,
            "gross_margin_4q_avg": 12.81,
            "net_income": -74649,
            "net_income_4q": null,
            "revenue": 473309,
            "revenue_4q": null,
            "common_shares": 410100,
            "book_valuer_per_share": 23.56,
            "book_valuer_per_share_4q_avg": 23.26,
            "equity": 975485,
            "current_ratio": 138.83,
            "debt_ratio": 64.63,
            "inventory_turnover_ratio": 0.61,
            "account_receivable_turnover_ratio": 2.01,
            "reinvestment_rate": 66.69,
            "research_to_sale_ratio": null,
            "price_fair": 124.49,
            "eps_avg_yearly": 3.56,
            "eps_latest_yearly": 10.48,
            "eps_growth_yearly": 150.85
        },
        "20091": {
            "year_quarter": 20091,
            "year": 2009,
            "quarter": 1,
            "eps": -1.63,
            "eps_growth_year": -323.29,
            "eps_4q": 1.74,
            "eps_4q_growth_year": -10.75,
            "roe": -7.11,
            "roe_4q": 7.749999999999998,
            "gross_profit": -40392,
            "gross_margin": -11.56,
            "gross_margin_4q_avg": 6.96,
            "net_income": -67215,
            "net_income_4q": null,
            "revenue": 349299,
            "revenue_4q": null,
            "common_shares": 410100,
            "book_valuer_per_share": 22.11,
            "book_valuer_per_share_4q_avg": 23.42,
            "equity": 915909,
            "current_ratio": 136.75,
            "debt_ratio": 62.44,
            "inventory_turnover_ratio": 0.45,
            "account_receivable_turnover_ratio": 0.9,
            "reinvestment_rate": 84.55,
            "research_to_sale_ratio": null,
            "price_fair": 120.28,
            "eps_avg_yearly": 3.44,
            "eps_latest_yearly": 10.48,
            "eps_growth_yearly": 164.21
        },
        "20092": {
            "year_quarter": 20092,
            "year": 2009,
            "quarter": 2,
            "eps": -1.63,
            "eps_growth_year": -163.92,
            "eps_4q": -2.6,
            "eps_4q_growth_year": -163.34,
            "roe": -8.79,
            "roe_4q": -12.489999999999998,
            "gross_profit": -43223,
            "gross_margin": -8.78,
            "gross_margin_4q_avg": -0.71,
            "net_income": -74101,
            "net_income_4q": null,
            "revenue": 492423,
            "revenue_4q": null,
            "common_shares": 410100,
            "book_valuer_per_share": 18.58,
            "book_valuer_per_share_4q_avg": 22.43,
            "equity": 769935,
            "current_ratio": 120.62,
            "debt_ratio": 66.93,
            "inventory_turnover_ratio": 0.77,
            "account_receivable_turnover_ratio": 1.35,
            "reinvestment_rate": 116.8,
            "research_to_sale_ratio": null,
            "price_fair": 126.38,
            "eps_avg_yearly": 3.61,
            "eps_latest_yearly": 10.48,
            "eps_growth_yearly": 204.44
        },
        "20093": {
            "year_quarter": 20093,
            "year": 2009,
            "quarter": 3,
            "eps": 0.89,
            "eps_growth_year": -66.03,
            "eps_4q": -3.95,
            "eps_4q_growth_year": -162.61,
            "roe": 4.97,
            "roe_4q": -18.29,
            "gross_profit": 66740,
            "gross_margin": 10.85,
            "gross_margin_4q_avg": -3.82,
            "net_income": 39160,
            "net_income_4q": null,
            "revenue": 615265,
            "revenue_4q": null,
            "common_shares": 451110,
            "book_valuer_per_share": 17.73,
            "book_valuer_per_share_4q_avg": 20.5,
            "equity": 806834,
            "current_ratio": 138.59,
            "debt_ratio": 64.23,
            "inventory_turnover_ratio": 1.15,
            "account_receivable_turnover_ratio": 1.24,
            "reinvestment_rate": 99.02,
            "research_to_sale_ratio": null,
            "price_fair": 133.28,
            "eps_avg_yearly": 3.81,
            "eps_latest_yearly": 10.48,
            "eps_growth_yearly": 221.73
        },
        "20094": {
            "year_quarter": 20094,
            "year": 2009,
            "quarter": 4,
            "eps": 0.71,
            "eps_growth_year": null,
            "eps_4q": -1.51,
            "eps_4q_growth_year": -136.69,
            "roe": 3.94,
            "roe_4q": -6.989999999999999,
            "gross_profit": 96586,
            "gross_margin": 16.22,
            "gross_margin_4q_avg": 1.68,
            "net_income": 32097,
            "net_income_4q": null,
            "revenue": 595397,
            "revenue_4q": null,
            "common_shares": 451110,
            "book_valuer_per_share": 18.11,
            "book_valuer_per_share_4q_avg": 19.13,
            "equity": 823568,
            "current_ratio": 142.34,
            "debt_ratio": 64.95,
            "inventory_turnover_ratio": 1.19,
            "account_receivable_turnover_ratio": 2.05,
            "reinvestment_rate": 116.9,
            "research_to_sale_ratio": null,
            "price_fair": 130.2,
            "eps_avg_yearly": 3.72,
            "eps_latest_yearly": 2.84,
            "eps_growth_yearly": 194.22
        },
        "20101": {
            "year_quarter": 20101,
            "year": 2010,
            "quarter": 1,
            "eps": 0.9,
            "eps_growth_year": null,
            "eps_4q": 0.87,
            "eps_4q_growth_year": -49.84,
            "roe": 4.82,
            "roe_4q": 4.940000000000001,
            "gross_profit": 91574,
            "gross_margin": 14.08,
            "gross_margin_4q_avg": 8.09,
            "net_income": 40529,
            "net_income_4q": null,
            "revenue": 650484,
            "revenue_4q": null,
            "common_shares": 451110,
            "book_valuer_per_share": 18.91,
            "book_valuer_per_share_4q_avg": 18.33,
            "equity": 859209,
            "current_ratio": 126.67,
            "debt_ratio": 65.47,
            "inventory_turnover_ratio": 1.12,
            "account_receivable_turnover_ratio": 1.09,
            "reinvestment_rate": 114.61,
            "research_to_sale_ratio": 0.17,
            "price_fair": 129.85,
            "eps_avg_yearly": 3.71,
            "eps_latest_yearly": 3.6,
            "eps_growth_yearly": 186.95
        },
        "20102": {
            "year_quarter": 20102,
            "year": 2010,
            "quarter": 2,
            "eps": 1.35,
            "eps_growth_year": null,
            "eps_4q": 3.85,
            "eps_4q_growth_year": null,
            "roe": 6.82,
            "roe_4q": 20.55,
            "gross_profit": 130108,
            "gross_margin": 16.83,
            "gross_margin_4q_avg": 14.5,
            "net_income": 60234,
            "net_income_4q": null,
            "revenue": 773195,
            "revenue_4q": null,
            "common_shares": 451110,
            "book_valuer_per_share": 20,
            "book_valuer_per_share_4q_avg": 18.69,
            "equity": 908002,
            "current_ratio": 122.66,
            "debt_ratio": 65.35,
            "inventory_turnover_ratio": 1.14,
            "account_receivable_turnover_ratio": 1.17,
            "reinvestment_rate": 107.04,
            "research_to_sale_ratio": 0.18,
            "price_fair": 136.03,
            "eps_avg_yearly": 3.89,
            "eps_latest_yearly": 5.4,
            "eps_growth_yearly": 112.71
        },
        "20103": {
            "year_quarter": 20103,
            "year": 2010,
            "quarter": 3,
            "eps": 1.42,
            "eps_growth_year": 59,
            "eps_4q": 4.38,
            "eps_4q_growth_year": null,
            "roe": 6.88,
            "roe_4q": 22.46,
            "gross_profit": 106682,
            "gross_margin": 14.98,
            "gross_margin_4q_avg": 15.53,
            "net_income": 64506,
            "net_income_4q": null,
            "revenue": 712129,
            "revenue_4q": null,
            "common_shares": 451110,
            "book_valuer_per_share": 21.28,
            "book_valuer_per_share_4q_avg": 19.58,
            "equity": 967672,
            "current_ratio": 142.53,
            "debt_ratio": 64.29,
            "inventory_turnover_ratio": 0.89,
            "account_receivable_turnover_ratio": 1.05,
            "reinvestment_rate": 103.9,
            "research_to_sale_ratio": 0.22,
            "price_fair": 143.27,
            "eps_avg_yearly": 4.09,
            "eps_latest_yearly": 5.68,
            "eps_growth_yearly": 115.25
        },
        "20104": {
            "year_quarter": 20104,
            "year": 2010,
            "quarter": 4,
            "eps": 0.14,
            "eps_growth_year": -80.38,
            "eps_4q": 3.81,
            "eps_4q_growth_year": null,
            "roe": 0.57,
            "roe_4q": 19.09,
            "gross_profit": 90012,
            "gross_margin": 12.07,
            "gross_margin_4q_avg": 14.49,
            "net_income": 5514,
            "net_income_4q": null,
            "revenue": 745488,
            "revenue_4q": null,
            "common_shares": 451110,
            "book_valuer_per_share": 20.97,
            "book_valuer_per_share_4q_avg": 20.29,
            "equity": 953877,
            "current_ratio": 145.89,
            "debt_ratio": 64.93,
            "inventory_turnover_ratio": 0.92,
            "account_receivable_turnover_ratio": 1.12,
            "reinvestment_rate": 71.56,
            "research_to_sale_ratio": 0.26,
            "price_fair": 139.53,
            "eps_avg_yearly": 3.99,
            "eps_latest_yearly": 0.56,
            "eps_growth_yearly": 99.37
        },
        "20111": {
            "year_quarter": 20111,
            "year": 2011,
            "quarter": 1,
            "eps": 1.09,
            "eps_growth_year": 21.11,
            "eps_4q": 3.99,
            "eps_4q_growth_year": 358.57,
            "roe": 5.05,
            "roe_4q": 19.32,
            "gross_profit": 98850,
            "gross_margin": 13.07,
            "gross_margin_4q_avg": 14.24,
            "net_income": 49207,
            "net_income_4q": null,
            "revenue": 756159,
            "revenue_4q": null,
            "common_shares": 451110,
            "book_valuer_per_share": 21.89,
            "book_valuer_per_share_4q_avg": 21.04,
            "equity": 995192,
            "current_ratio": 178.4,
            "debt_ratio": 62.64,
            "inventory_turnover_ratio": 1.03,
            "account_receivable_turnover_ratio": 1.09,
            "reinvestment_rate": 79.51,
            "research_to_sale_ratio": 0.22,
            "price_fair": 148.28,
            "eps_avg_yearly": 4.24,
            "eps_latest_yearly": 4.36,
            "eps_growth_yearly": 334.26
        },
        "20112": {
            "year_quarter": 20112,
            "year": 2011,
            "quarter": 2,
            "eps": 1.22,
            "eps_growth_year": -9.28,
            "eps_4q": 3.63,
            "eps_4q_growth_year": -5.8,
            "roe": 6.19,
            "roe_4q": 18.69,
            "gross_profit": 126389,
            "gross_margin": 16.08,
            "gross_margin_4q_avg": 14.05,
            "net_income": 61349,
            "net_income_4q": null,
            "revenue": 785871,
            "revenue_4q": null,
            "common_shares": 451110,
            "book_valuer_per_share": 21.7,
            "book_valuer_per_share_4q_avg": 21.46,
            "equity": 987096,
            "current_ratio": 173.84,
            "debt_ratio": 65.04,
            "inventory_turnover_ratio": 1.01,
            "account_receivable_turnover_ratio": 1.08,
            "reinvestment_rate": 76.52,
            "research_to_sale_ratio": 0.2,
            "price_fair": 158.2,
            "eps_avg_yearly": 4.52,
            "eps_latest_yearly": 4.88,
            "eps_growth_yearly": 335.29
        },
        "20113": {
            "year_quarter": 20113,
            "year": 2011,
            "quarter": 3,
            "eps": 1.3,
            "eps_growth_year": -8.21,
            "eps_4q": 3.64,
            "eps_4q_growth_year": -16.84,
            "roe": 6.32,
            "roe_4q": 18.130000000000003,
            "gross_profit": 116401,
            "gross_margin": 15.24,
            "gross_margin_4q_avg": 14.12,
            "net_income": 64594,
            "net_income_4q": null,
            "revenue": 763538,
            "revenue_4q": null,
            "common_shares": 496221,
            "book_valuer_per_share": 21.14,
            "book_valuer_per_share_4q_avg": 21.43,
            "equity": 1057601,
            "current_ratio": 182.84,
            "debt_ratio": 63.9,
            "inventory_turnover_ratio": 0.87,
            "account_receivable_turnover_ratio": 1.07,
            "reinvestment_rate": 71.88,
            "research_to_sale_ratio": 0.21,
            "price_fair": 168.35,
            "eps_avg_yearly": 4.81,
            "eps_latest_yearly": 5.2,
            "eps_growth_yearly": 332.07
        },
        "20114": {
            "year_quarter": 20114,
            "year": 2011,
            "quarter": 4,
            "eps": 0.78,
            "eps_growth_year": 460.11,
            "eps_4q": 4.29,
            "eps_4q_growth_year": 12.79,
            "roe": 3.61,
            "roe_4q": 21.17,
            "gross_profit": 93134,
            "gross_margin": 13.36,
            "gross_margin_4q_avg": 14.44,
            "net_income": 38745,
            "net_income_4q": null,
            "revenue": 696900,
            "revenue_4q": null,
            "common_shares": 496221,
            "book_valuer_per_share": 21.8,
            "book_valuer_per_share_4q_avg": 21.63,
            "equity": 1089429,
            "current_ratio": 202.4,
            "debt_ratio": 62,
            "inventory_turnover_ratio": 0.73,
            "account_receivable_turnover_ratio": 1.06,
            "reinvestment_rate": 24.39,
            "research_to_sale_ratio": 0.19,
            "price_fair": 172.78,
            "eps_avg_yearly": 4.94,
            "eps_latest_yearly": 3.12,
            "eps_growth_yearly": 321.07
        },
        "20121": {
            "year_quarter": 20121,
            "year": 2012,
            "quarter": 1,
            "eps": 0.15,
            "eps_growth_year": -86.24,
            "eps_4q": 3.45,
            "eps_4q_growth_year": -13.52,
            "roe": 0.67,
            "roe_4q": 16.790000000000003,
            "gross_profit": 49879,
            "gross_margin": 7.64,
            "gross_margin_4q_avg": 13.08,
            "net_income": 7265,
            "net_income_4q": null,
            "revenue": 653196,
            "revenue_4q": null,
            "common_shares": 496221,
            "book_valuer_per_share": 21.89,
            "book_valuer_per_share_4q_avg": 21.63,
            "equity": 1093952,
            "current_ratio": 218.77,
            "debt_ratio": 59.2,
            "inventory_turnover_ratio": 0.78,
            "account_receivable_turnover_ratio": 1.05,
            "reinvestment_rate": 25.87,
            "research_to_sale_ratio": 0.2,
            "price_fair": 166.02,
            "eps_avg_yearly": 4.74,
            "eps_latest_yearly": 0.6,
            "eps_growth_yearly": 266.64
        },
        "20122": {
            "year_quarter": 20122,
            "year": 2012,
            "quarter": 2,
            "eps": 0.39,
            "eps_growth_year": -68.36,
            "eps_4q": 2.62,
            "eps_4q_growth_year": -27.89,
            "roe": 1.83,
            "roe_4q": 12.43,
            "gross_profit": 67054,
            "gross_margin": 9.32,
            "gross_margin_4q_avg": 11.39,
            "net_income": 19134,
            "net_income_4q": null,
            "revenue": 719415,
            "revenue_4q": null,
            "common_shares": 496221,
            "book_valuer_per_share": 19.85,
            "book_valuer_per_share_4q_avg": 21.17,
            "equity": 992823,
            "current_ratio": 178.53,
            "debt_ratio": 63.43,
            "inventory_turnover_ratio": 0.94,
            "account_receivable_turnover_ratio": 1.12,
            "reinvestment_rate": 33.24,
            "research_to_sale_ratio": 0.19,
            "price_fair": 140.82,
            "eps_avg_yearly": 4.02,
            "eps_latest_yearly": 1.56,
            "eps_growth_yearly": 236.87
        },
        "20123": {
            "year_quarter": 20123,
            "year": 2012,
            "quarter": 3,
            "eps": 0.38,
            "eps_growth_year": -70.94,
            "eps_4q": 1.69,
            "eps_4q_growth_year": -53.46,
            "roe": 1.86,
            "roe_4q": 7.970000000000001,
            "gross_profit": 66312,
            "gross_margin": 10.34,
            "gross_margin_4q_avg": 10.17,
            "net_income": 18577,
            "net_income_4q": null,
            "revenue": 641300,
            "revenue_4q": null,
            "common_shares": 496221,
            "book_valuer_per_share": 20.19,
            "book_valuer_per_share_4q_avg": 20.93,
            "equity": 1009293,
            "current_ratio": 241.27,
            "debt_ratio": 62.87,
            "inventory_turnover_ratio": 0.79,
            "account_receivable_turnover_ratio": 1.02,
            "reinvestment_rate": 42.84,
            "research_to_sale_ratio": 0.2,
            "price_fair": 114.68,
            "eps_avg_yearly": 3.28,
            "eps_latest_yearly": 1.52,
            "eps_growth_yearly": 235.1
        },
        "20124": {
            "year_quarter": 20124,
            "year": 2012,
            "quarter": 4,
            "eps": -0.19,
            "eps_growth_year": -124.37,
            "eps_4q": 0.72,
            "eps_4q_growth_year": -83.16,
            "roe": -0.95,
            "roe_4q": 3.41,
            "gross_profit": 37428,
            "gross_margin": 6.15,
            "gross_margin_4q_avg": 8.36,
            "net_income": -9448,
            "net_income_4q": null,
            "revenue": 608097,
            "revenue_4q": null,
            "common_shares": 496221,
            "book_valuer_per_share": 19.79,
            "book_valuer_per_share_4q_avg": 20.43,
            "equity": 989169,
            "current_ratio": 212.8,
            "debt_ratio": 62.19,
            "inventory_turnover_ratio": 0.79,
            "account_receivable_turnover_ratio": 1.06,
            "reinvestment_rate": 48.82,
            "research_to_sale_ratio": 0.2,
            "price_fair": 114.68,
            "eps_avg_yearly": 3.28,
            "eps_latest_yearly": 1.52,
            "eps_growth_yearly": 235.1
        },
        "20131": {
            "year_quarter": 20131,
            "year": 2013,
            "quarter": 1,
            "eps": 0.46,
            "eps_growth_year": 206.67,
            "eps_4q": 1.03,
            "eps_4q_growth_year": -70.12,
            "roe": 2.26,
            "roe_4q": 5,
            "gross_profit": 68004,
            "gross_margin": 10.62,
            "gross_margin_4q_avg": 9.11,
            "net_income": 22614,
            "net_income_4q": null,
            "revenue": 640231,
            "revenue_4q": null,
            "common_shares": 496221,
            "book_valuer_per_share": 20.28,
            "book_valuer_per_share_4q_avg": 20.03,
            "equity": 1013744,
            "current_ratio": 168.66,
            "debt_ratio": 61.83,
            "inventory_turnover_ratio": 0.87,
            "account_receivable_turnover_ratio": 1.15,
            "reinvestment_rate": 25.66,
            "research_to_sale_ratio": 0.19,
            "price_fair": 114.68,
            "eps_avg_yearly": 3.28,
            "eps_latest_yearly": 1.52,
            "eps_growth_yearly": 235.1
        },
        "20132": {
            "year_quarter": 20132,
            "year": 2013,
            "quarter": 2,
            "eps": 0.4,
            "eps_growth_year": 3.26,
            "eps_4q": 1.05,
            "eps_4q_growth_year": -60.03,
            "roe": 2,
            "roe_4q": 5.17,
            "gross_profit": 66612,
            "gross_margin": 10.67,
            "gross_margin_4q_avg": 9.45,
            "net_income": 19973,
            "net_income_4q": null,
            "revenue": 624399,
            "revenue_4q": null,
            "common_shares": 496221,
            "book_valuer_per_share": 19.57,
            "book_valuer_per_share_4q_avg": 19.96,
            "equity": 978562,
            "current_ratio": 160.65,
            "debt_ratio": 63.74,
            "inventory_turnover_ratio": 0.82,
            "account_receivable_turnover_ratio": 1.1,
            "reinvestment_rate": 24.01,
            "research_to_sale_ratio": 0.21,
            "price_fair": 110.17,
            "eps_avg_yearly": 3.15,
            "eps_latest_yearly": 1.6,
            "eps_growth_yearly": 213
        },
        "20133": {
            "year_quarter": 20133,
            "year": 2013,
            "quarter": 3,
            "eps": 0.47,
            "eps_growth_year": 24.49,
            "eps_4q": 1.14,
            "eps_4q_growth_year": -32.65,
            "roe": 2.37,
            "roe_4q": 5.68,
            "gross_profit": 74078,
            "gross_margin": 11.17,
            "gross_margin_4q_avg": 9.65,
            "net_income": 23487,
            "net_income_4q": null,
            "revenue": 663372,
            "revenue_4q": null,
            "common_shares": 496221,
            "book_valuer_per_share": 20.01,
            "book_valuer_per_share_4q_avg": 19.91,
            "equity": 1000377,
            "current_ratio": 168.08,
            "debt_ratio": 64.59,
            "inventory_turnover_ratio": 0.81,
            "account_receivable_turnover_ratio": 1.13,
            "reinvestment_rate": 36.3,
            "research_to_sale_ratio": 0.2,
            "price_fair": 107,
            "eps_avg_yearly": 3.06,
            "eps_latest_yearly": 1.88,
            "eps_growth_yearly": 202.79
        },
        "20134": {
            "year_quarter": 20134,
            "year": 2013,
            "quarter": 4,
            "eps": 0.68,
            "eps_growth_year": null,
            "eps_4q": 2.01,
            "eps_4q_growth_year": 177.54,
            "roe": 3.29,
            "roe_4q": 9.92,
            "gross_profit": 93046,
            "gross_margin": 13.45,
            "gross_margin_4q_avg": 11.48,
            "net_income": 33484,
            "net_income_4q": null,
            "revenue": 691624,
            "revenue_4q": null,
            "common_shares": 496221,
            "book_valuer_per_share": 20.67,
            "book_valuer_per_share_4q_avg": 20.13,
            "equity": 1033011,
            "current_ratio": 174.43,
            "debt_ratio": 64.46,
            "inventory_turnover_ratio": 0.83,
            "account_receivable_turnover_ratio": 1.14,
            "reinvestment_rate": -3.14,
            "research_to_sale_ratio": 0.2,
            "price_fair": 106.7,
            "eps_avg_yearly": 3.05,
            "eps_latest_yearly": 2.72,
            "eps_growth_yearly": 221.33
        },
        "20141": {
            "year_quarter": 20141,
            "year": 2014,
            "quarter": 1,
            "eps": 0.88,
            "eps_growth_year": 91.3,
            "eps_4q": 2.43,
            "eps_4q_growth_year": 135.15,
            "roe": 4.13,
            "roe_4q": 11.79,
            "gross_profit": 83651,
            "gross_margin": 12.5,
            "gross_margin_4q_avg": 11.95,
            "net_income": 43591,
            "net_income_4q": null,
            "revenue": 669041,
            "revenue_4q": null,
            "common_shares": 496221,
            "book_valuer_per_share": 21.59,
            "book_valuer_per_share_4q_avg": 20.46,
            "equity": 1079234,
            "current_ratio": 186.88,
            "debt_ratio": 61.4,
            "inventory_turnover_ratio": 0.83,
            "account_receivable_turnover_ratio": 1.11,
            "reinvestment_rate": 1.9,
            "research_to_sale_ratio": 0.21,
            "price_fair": 106.5,
            "eps_avg_yearly": 3.04,
            "eps_latest_yearly": 3.52,
            "eps_growth_yearly": 222.09
        },
        "20142": {
            "year_quarter": 20142,
            "year": 2014,
            "quarter": 2,
            "eps": 0.65,
            "eps_growth_year": 62.5,
            "eps_4q": 2.68,
            "eps_4q_growth_year": 156.07,
            "roe": 3.06,
            "roe_4q": 12.850000000000001,
            "gross_profit": 82498,
            "gross_margin": 12.21,
            "gross_margin_4q_avg": 12.33,
            "net_income": 32405,
            "net_income_4q": null,
            "revenue": 675875,
            "revenue_4q": null,
            "common_shares": 496221,
            "book_valuer_per_share": 20.76,
            "book_valuer_per_share_4q_avg": 20.76,
            "equity": 1037975,
            "current_ratio": 174.2,
            "debt_ratio": 62.96,
            "inventory_turnover_ratio": 0.86,
            "account_receivable_turnover_ratio": 1.12,
            "reinvestment_rate": 5.57,
            "research_to_sale_ratio": 0.21,
            "price_fair": 99.5,
            "eps_avg_yearly": 2.84,
            "eps_latest_yearly": 2.6,
            "eps_growth_yearly": 200.34
        },
        "20143": {
            "year_quarter": 20143,
            "year": 2014,
            "quarter": 3,
            "eps": 0.74,
            "eps_growth_year": 57.45,
            "eps_4q": 2.95,
            "eps_4q_growth_year": 158.27,
            "roe": 3.49,
            "roe_4q": 13.969999999999999,
            "gross_profit": 86745,
            "gross_margin": 12.51,
            "gross_margin_4q_avg": 12.67,
            "net_income": 36946,
            "net_income_4q": null,
            "revenue": 693666,
            "revenue_4q": null,
            "common_shares": 496221,
            "book_valuer_per_share": 21.57,
            "book_valuer_per_share_4q_avg": 21.15,
            "equity": 1078569,
            "current_ratio": 217.04,
            "debt_ratio": 61.71,
            "inventory_turnover_ratio": 0.88,
            "account_receivable_turnover_ratio": 1.12,
            "reinvestment_rate": 0.84,
            "research_to_sale_ratio": 0.21,
            "price_fair": 92.7,
            "eps_avg_yearly": 2.65,
            "eps_latest_yearly": 2.96,
            "eps_growth_yearly": 202.81
        },
        "20144": {
            "year_quarter": 20144,
            "year": 2014,
            "quarter": 4,
            "eps": 0.75,
            "eps_growth_year": 11.08,
            "eps_4q": 3.02,
            "eps_4q_growth_year": 50.53,
            "roe": 3.39,
            "roe_4q": 14.07,
            "gross_profit": 83468,
            "gross_margin": 12.43,
            "gross_margin_4q_avg": 12.41,
            "net_income": 37213,
            "net_income_4q": null,
            "revenue": 671756,
            "revenue_4q": null,
            "common_shares": 496221,
            "book_valuer_per_share": 22.39,
            "book_valuer_per_share_4q_avg": 21.58,
            "equity": 1119495,
            "current_ratio": 209.44,
            "debt_ratio": 59.85,
            "inventory_turnover_ratio": 0.86,
            "account_receivable_turnover_ratio": 1.11,
            "reinvestment_rate": -6.62,
            "research_to_sale_ratio": 0.19,
            "price_fair": 98.8,
            "eps_avg_yearly": 2.82,
            "eps_latest_yearly": 3,
            "eps_growth_yearly": 228.95
        },
        "20151": {
            "year_quarter": 20151,
            "year": 2015,
            "quarter": 1,
            "eps": 0.41,
            "eps_growth_year": -53.41,
            "eps_4q": 2.55,
            "eps_4q_growth_year": 5.16,
            "roe": 1.78,
            "roe_4q": 11.72,
            "gross_profit": 63526,
            "gross_margin": 10.72,
            "gross_margin_4q_avg": 11.97,
            "net_income": 20127,
            "net_income_4q": null,
            "revenue": 592690,
            "revenue_4q": null,
            "common_shares": 496221,
            "book_valuer_per_share": 22.75,
            "book_valuer_per_share_4q_avg": 21.87,
            "equity": 1137016,
            "current_ratio": 207.27,
            "debt_ratio": 57.13,
            "inventory_turnover_ratio": 0.79,
            "account_receivable_turnover_ratio": 1.06,
            "reinvestment_rate": -5.23,
            "research_to_sale_ratio": 0.23,
            "price_fair": 84.44,
            "eps_avg_yearly": 2.63,
            "eps_latest_yearly": 1.64,
            "eps_growth_yearly": 22.12
        },
        "20152": {
            "year_quarter": 20152,
            "year": 2015,
            "quarter": 2,
            "eps": 0.21,
            "eps_growth_year": -67.69,
            "eps_4q": 2.11,
            "eps_4q_growth_year": -21.31,
            "roe": 0.95,
            "roe_4q": 9.61,
            "gross_profit": 60099,
            "gross_margin": 10.53,
            "gross_margin_4q_avg": 11.55,
            "net_income": 10318,
            "net_income_4q": null,
            "revenue": 570536,
            "revenue_4q": null,
            "common_shares": 496221,
            "book_valuer_per_share": 20.88,
            "book_valuer_per_share_4q_avg": 21.9,
            "equity": 1043879,
            "current_ratio": 179.03,
            "debt_ratio": 60.9,
            "inventory_turnover_ratio": 0.77,
            "account_receivable_turnover_ratio": 1.08,
            "reinvestment_rate": -9.34,
            "research_to_sale_ratio": 0.24,
            "price_fair": 34.58,
            "eps_avg_yearly": 2.34,
            "eps_latest_yearly": 0.84,
            "eps_growth_yearly": 4.78
        },
        "20153": {
            "year_quarter": 20153,
            "year": 2015,
            "quarter": 3,
            "eps": 0.48,
            "eps_growth_year": -35.14,
            "eps_4q": 1.85,
            "eps_4q_growth_year": -37.25,
            "roe": 2.28,
            "roe_4q": 8.4,
            "gross_profit": 62605,
            "gross_margin": 11.88,
            "gross_margin_4q_avg": 11.39,
            "net_income": 24141,
            "net_income_4q": null,
            "revenue": 527045,
            "revenue_4q": null,
            "common_shares": 496221,
            "book_valuer_per_share": 21.46,
            "book_valuer_per_share_4q_avg": 21.87,
            "equity": 1073323,
            "current_ratio": 235.96,
            "debt_ratio": 58.32,
            "inventory_turnover_ratio": 0.69,
            "account_receivable_turnover_ratio": 1.06,
            "reinvestment_rate": -14.3,
            "research_to_sale_ratio": 0.25,
            "price_fair": 73.7,
            "eps_avg_yearly": 2.11,
            "eps_latest_yearly": 1.92,
            "eps_growth_yearly": 39.64
        },
        "20154": {
            "year_quarter": 20154,
            "year": 2015,
            "quarter": 4,
            "eps": 0.6,
            "eps_growth_year": -20.31,
            "eps_4q": 1.7,
            "eps_4q_growth_year": -43.85,
            "roe": 2.74,
            "roe_4q": 7.75,
            "gross_profit": 76752,
            "gross_margin": 14,
            "gross_margin_4q_avg": 11.78,
            "net_income": 29818,
            "net_income_4q": null,
            "revenue": 548043,
            "revenue_4q": null,
            "common_shares": 496221,
            "book_valuer_per_share": 22.06,
            "book_valuer_per_share_4q_avg": 21.79,
            "equity": 1103221,
            "current_ratio": 231.02,
            "debt_ratio": 56.54,
            "inventory_turnover_ratio": 0.72,
            "account_receivable_turnover_ratio": 1.18,
            "reinvestment_rate": -16.01,
            "research_to_sale_ratio": 0.25,
            "price_fair": 71.9,
            "eps_avg_yearly": 2.05,
            "eps_latest_yearly": 2.4,
            "eps_growth_yearly": 58.21
        },
        "20161": {
            "year_quarter": 20161,
            "year": 2016,
            "quarter": 1,
            "eps": 0.58,
            "eps_growth_year": 41.46,
            "eps_4q": 1.87,
            "eps_4q_growth_year": -26.69,
            "roe": 2.58,
            "roe_4q": 8.549999999999999,
            "gross_profit": 78592,
            "gross_margin": 14.49,
            "gross_margin_4q_avg": 12.73,
            "net_income": 28829,
            "net_income_4q": null,
            "revenue": 542552,
            "revenue_4q": null,
            "common_shares": 496221,
            "book_valuer_per_share": 22.61,
            "book_valuer_per_share_4q_avg": 21.75,
            "equity": 1130286,
            "current_ratio": 234.98,
            "debt_ratio": 57,
            "inventory_turnover_ratio": 0.75,
            "account_receivable_turnover_ratio": 1.13,
            "reinvestment_rate": -14.29,
            "research_to_sale_ratio": 0.25,
            "price_fair": 76.2,
            "eps_avg_yearly": 2.18,
            "eps_latest_yearly": 2.32,
            "eps_growth_yearly": 80.33
        },
        "20162": {
            "year_quarter": 20162,
            "year": 2016,
            "quarter": 2,
            "eps": 1.13,
            "eps_growth_year": 438.1,
            "eps_4q": 2.79,
            "eps_4q_growth_year": 32.4,
            "roe": 4.96,
            "roe_4q": 12.56,
            "gross_profit": 99154,
            "gross_margin": 16.4,
            "gross_margin_4q_avg": 14.19,
            "net_income": 56061,
            "net_income_4q": null,
            "revenue": 604551,
            "revenue_4q": null,
            "common_shares": 496221,
            "book_valuer_per_share": 22.58,
            "book_valuer_per_share_4q_avg": 22.18,
            "equity": 1128891,
            "current_ratio": 214.56,
            "debt_ratio": 56.48,
            "inventory_turnover_ratio": 0.88,
            "account_receivable_turnover_ratio": 1.15,
            "reinvestment_rate": -8.4,
            "research_to_sale_ratio": 0.22,
            "price_fair": 83.6,
            "eps_avg_yearly": 2.39,
            "eps_latest_yearly": 4.52,
            "eps_growth_yearly": 61.71
        },
        "20163": {
            "year_quarter": 20163,
            "year": 2016,
            "quarter": 3,
            "eps": 0.98,
            "eps_growth_year": 104.17,
            "eps_4q": 3.28,
            "eps_4q_growth_year": 77.59,
            "roe": 4.23,
            "roe_4q": 14.510000000000002,
            "gross_profit": 89892,
            "gross_margin": 17.28,
            "gross_margin_4q_avg": 15.54,
            "net_income": 48675,
            "net_income_4q": null,
            "revenue": 520073,
            "revenue_4q": null,
            "common_shares": 496221,
            "book_valuer_per_share": 23.46,
            "book_valuer_per_share_4q_avg": 22.68,
            "equity": 1172574,
            "current_ratio": 255.38,
            "debt_ratio": 55.7,
            "inventory_turnover_ratio": 0.72,
            "account_receivable_turnover_ratio": 1.04,
            "reinvestment_rate": -9.54,
            "research_to_sale_ratio": 0.27,
            "price_fair": 89.6,
            "eps_avg_yearly": 2.56,
            "eps_latest_yearly": 3.92,
            "eps_growth_yearly": 58.65
        },
        "20164": {
            "year_quarter": 20164,
            "year": 2016,
            "quarter": 4,
            "eps": 0.96,
            "eps_growth_year": 60.31,
            "eps_4q": 3.64,
            "eps_4q_growth_year": 114.84,
            "roe": 3.98,
            "roe_4q": 15.750000000000002,
            "gross_profit": 100087,
            "gross_margin": 15.81,
            "gross_margin_4q_avg": 16,
            "net_income": 47669,
            "net_income_4q": null,
            "revenue": 633012,
            "revenue_4q": null,
            "common_shares": 496221,
            "book_valuer_per_share": 24.46,
            "book_valuer_per_share_4q_avg": 23.28,
            "equity": 1222165,
            "current_ratio": 236.82,
            "debt_ratio": 54.86,
            "inventory_turnover_ratio": 0.86,
            "account_receivable_turnover_ratio": 1.28,
            "reinvestment_rate": -19.06,
            "research_to_sale_ratio": 0.37,
            "price_fair": 92.59,
            "eps_avg_yearly": 2.65,
            "eps_latest_yearly": 3.84,
            "eps_growth_yearly": 54.2
        },
        "20171": {
            "year_quarter": 20171,
            "year": 2017,
            "quarter": 1,
            "eps": 1.06,
            "eps_growth_year": 82.76,
            "eps_4q": 4.12,
            "eps_4q_growth_year": 120.32,
            "roe": 4.22,
            "roe_4q": 17.39,
            "gross_profit": 113168,
            "gross_margin": 17.36,
            "gross_margin_4q_avg": 16.71,
            "net_income": 52525,
            "net_income_4q": null,
            "revenue": 651894,
            "revenue_4q": null,
            "common_shares": 496221,
            "book_valuer_per_share": 25.32,
            "book_valuer_per_share_4q_avg": 23.96,
            "equity": 1264461,
            "current_ratio": 239.9,
            "debt_ratio": 53.08,
            "inventory_turnover_ratio": 0.91,
            "account_receivable_turnover_ratio": 1.15,
            "reinvestment_rate": -8.8,
            "research_to_sale_ratio": 0.22,
            "price_fair": 96.08,
            "eps_avg_yearly": 2.75,
            "eps_latest_yearly": 4.24,
            "eps_growth_yearly": 53.42
        },
        "20172": {
            "year_quarter": 20172,
            "year": 2017,
            "quarter": 2,
            "eps": 0.86,
            "eps_growth_year": -23.89,
            "eps_4q": 3.86,
            "eps_4q_growth_year": 38.3,
            "roe": 3.5,
            "roe_4q": 15.93,
            "gross_profit": 92437,
            "gross_margin": 15.57,
            "gross_margin_4q_avg": 16.51,
            "net_income": 42878,
            "net_income_4q": null,
            "revenue": 593829,
            "revenue_4q": null,
            "common_shares": 496221,
            "book_valuer_per_share": 23.69,
            "book_valuer_per_share_4q_avg": 24.23,
            "equity": 1184054,
            "current_ratio": 209.63,
            "debt_ratio": 57.59,
            "inventory_turnover_ratio": 0.8,
            "account_receivable_turnover_ratio": 1.05,
            "reinvestment_rate": -8.47,
            "research_to_sale_ratio": 0.29,
            "price_fair": 100.1,
            "eps_avg_yearly": 2.86,
            "eps_latest_yearly": 3.44,
            "eps_growth_yearly": 51.96
        },
        "20173": {
            "year_quarter": 20173,
            "year": 2017,
            "quarter": 3,
            "eps": 1.19,
            "eps_growth_year": 21.43,
            "eps_4q": 4.06,
            "eps_4q_growth_year": 23.82,
            "roe": 4.86,
            "roe_4q": 16.56,
            "gross_profit": 106591,
            "gross_margin": 15.68,
            "gross_margin_4q_avg": 16.11,
            "net_income": 59005,
            "net_income_4q": null,
            "revenue": 679606,
            "revenue_4q": null,
            "common_shares": 496221,
            "book_valuer_per_share": 24.87,
            "book_valuer_per_share_4q_avg": 24.59,
            "equity": 1242552,
            "current_ratio": 231.19,
            "debt_ratio": 54.17,
            "inventory_turnover_ratio": 0.86,
            "account_receivable_turnover_ratio": 1.21,
            "reinvestment_rate": -15.48,
            "research_to_sale_ratio": 0.22,
            "price_fair": 106.4,
            "eps_avg_yearly": 3.04,
            "eps_latest_yearly": 4.76,
            "eps_growth_yearly": 57.18
        },
        "20174": {
            "year_quarter": 20174,
            "year": 2017,
            "quarter": 4,
            "eps": 0.99,
            "eps_growth_year": 3.07,
            "eps_4q": 4.09,
            "eps_4q_growth_year": 12.36,
            "roe": 3.88,
            "roe_4q": 16.46,
            "gross_profit": 100269,
            "gross_margin": 15.42,
            "gross_margin_4q_avg": 16.01,
            "net_income": 49119,
            "net_income_4q": null,
            "revenue": 650227,
            "revenue_4q": null,
            "common_shares": 496221,
            "book_valuer_per_share": 25.82,
            "book_valuer_per_share_4q_avg": 24.93,
            "equity": 1289460,
            "current_ratio": 231.9,
            "debt_ratio": 52.61,
            "inventory_turnover_ratio": 0.85,
            "account_receivable_turnover_ratio": 1.13,
            "reinvestment_rate": -11.69,
            "research_to_sale_ratio": 0.33,
            "price_fair": 109.11,
            "eps_avg_yearly": 3.12,
            "eps_latest_yearly": 3.96,
            "eps_growth_yearly": 41.81
        },
        "20181": {
            "year_quarter": 20181,
            "year": 2018,
            "quarter": 1,
            "eps": 0.91,
            "eps_growth_year": -14.15,
            "eps_4q": 3.95,
            "eps_4q_growth_year": -4.17,
            "roe": 3.46,
            "roe_4q": 15.7,
            "gross_profit": 94361,
            "gross_margin": 15.17,
            "gross_margin_4q_avg": 15.46,
            "net_income": 45325,
            "net_income_4q": null,
            "revenue": 622112,
            "revenue_4q": null,
            "common_shares": 496221,
            "book_valuer_per_share": 26.61,
            "book_valuer_per_share_4q_avg": 25.25,
            "equity": 1328872,
            "current_ratio": 233.75,
            "debt_ratio": 52.39,
            "inventory_turnover_ratio": 0.81,
            "account_receivable_turnover_ratio": 1.12,
            "reinvestment_rate": -23.71,
            "research_to_sale_ratio": 0.21,
            "price_fair": 109.38,
            "eps_avg_yearly": 3.13,
            "eps_latest_yearly": 3.64,
            "eps_growth_yearly": 32.43
        },
        "20182": {
            "year_quarter": 20182,
            "year": 2018,
            "quarter": 2,
            "eps": 1.25,
            "eps_growth_year": 45.35,
            "eps_4q": 4.34,
            "eps_4q_growth_year": 12.55,
            "roe": 4.84,
            "roe_4q": 17.04,
            "gross_profit": 100637,
            "gross_margin": 14.61,
            "gross_margin_4q_avg": 15.22,
            "net_income": 62303,
            "net_income_4q": null,
            "revenue": 688915,
            "revenue_4q": null,
            "common_shares": 496221,
            "book_valuer_per_share": 24.93,
            "book_valuer_per_share_4q_avg": 25.56,
            "equity": 1245936,
            "current_ratio": 192.2,
            "debt_ratio": 56.31,
            "inventory_turnover_ratio": 0.87,
            "account_receivable_turnover_ratio": 1.23,
            "reinvestment_rate": -20.14,
            "research_to_sale_ratio": 0.2,
            "price_fair": 114.63,
            "eps_avg_yearly": 3.28,
            "eps_latest_yearly": 5,
            "eps_growth_yearly": 48.31
        },
        "20183": {
            "year_quarter": 20183,
            "year": 2018,
            "quarter": 3,
            "eps": 1.14,
            "eps_growth_year": -4.2,
            "eps_4q": 4.29,
            "eps_4q_growth_year": 5.53,
            "roe": 4.44,
            "roe_4q": 16.62,
            "gross_profit": 105347,
            "gross_margin": 14.72,
            "gross_margin_4q_avg": 14.98,
            "net_income": 56484,
            "net_income_4q": null,
            "revenue": 715474,
            "revenue_4q": null,
            "common_shares": 496221,
            "book_valuer_per_share": 26.03,
            "book_valuer_per_share_4q_avg": 25.85,
            "equity": 1300364,
            "current_ratio": 221,
            "debt_ratio": 54.67,
            "inventory_turnover_ratio": 0.83,
            "account_receivable_turnover_ratio": 1.21,
            "reinvestment_rate": -18.67,
            "research_to_sale_ratio": 0.27,
            "price_fair": 118.13,
            "eps_avg_yearly": 3.38,
            "eps_latest_yearly": 4.56,
            "eps_growth_yearly": 42.65
        },
        "20184": {
            "year_quarter": 20184,
            "year": 2018,
            "quarter": 4,
            "eps": 0.51,
            "eps_growth_year": -48.55,
            "eps_4q": 3.81,
            "eps_4q_growth_year": -6.95,
            "roe": 1.91,
            "roe_4q": 14.650000000000002,
            "gross_profit": 79144,
            "gross_margin": 12.66,
            "gross_margin_4q_avg": 14.29,
            "net_income": 25112,
            "net_income_4q": null,
            "revenue": 625335,
            "revenue_4q": null,
            "common_shares": 496221,
            "book_valuer_per_share": 26.64,
            "book_valuer_per_share_4q_avg": 26.05,
            "equity": 1330779,
            "current_ratio": 205.69,
            "debt_ratio": 53.75,
            "inventory_turnover_ratio": 0.69,
            "account_receivable_turnover_ratio": 1.09,
            "reinvestment_rate": -20.13,
            "research_to_sale_ratio": 0.32,
            "price_fair": 116.03,
            "eps_avg_yearly": 3.32,
            "eps_latest_yearly": 2.04,
            "eps_growth_yearly": 28.49
        },
        "20191": {
            "year_quarter": 20191,
            "year": 2019,
            "quarter": 1,
            "eps": 0.62,
            "eps_growth_year": -31.87,
            "eps_4q": 3.52,
            "eps_4q_growth_year": -10.87,
            "roe": 2.3,
            "roe_4q": 13.49,
            "gross_profit": 66725,
            "gross_margin": 11.14,
            "gross_margin_4q_avg": 13.28,
            "net_income": 30965,
            "net_income_4q": null,
            "revenue": 598856,
            "revenue_4q": null,
            "common_shares": 496221,
            "book_valuer_per_share": 27.28,
            "book_valuer_per_share_4q_avg": 26.22,
            "equity": 1362743,
            "current_ratio": 211.23,
            "debt_ratio": 52.14,
            "inventory_turnover_ratio": 0.66,
            "account_receivable_turnover_ratio": 1.09,
            "reinvestment_rate": -20.86,
            "research_to_sale_ratio": 0.22,
            "price_fair": 117.86,
            "eps_avg_yearly": 3.37,
            "eps_latest_yearly": 2.48,
            "eps_growth_yearly": 45.22
        },
        "20192": {
            "year_quarter": 20192,
            "year": 2019,
            "quarter": 2,
            "eps": 0.52,
            "eps_growth_year": -58.4,
            "eps_4q": 2.78,
            "eps_4q_growth_year": -35.9,
            "roe": 1.98,
            "roe_4q": 10.629999999999999,
            "gross_profit": 54391,
            "gross_margin": 8.93,
            "gross_margin_4q_avg": 11.86,
            "net_income": 26014,
            "net_income_4q": null,
            "revenue": 609035,
            "revenue_4q": null,
            "common_shares": 496221,
            "book_valuer_per_share": 25.4,
            "book_valuer_per_share_4q_avg": 26.34,
            "equity": 1269774,
            "current_ratio": 180.65,
            "debt_ratio": 55.14,
            "inventory_turnover_ratio": 0.71,
            "account_receivable_turnover_ratio": 1.15,
            "reinvestment_rate": -20.28,
            "research_to_sale_ratio": 0.22,
            "price_fair": 120.58,
            "eps_avg_yearly": 3.45,
            "eps_latest_yearly": 2.08,
            "eps_growth_yearly": 53.38
        },
        "20193": {
            "year_quarter": 20193,
            "year": 2019,
            "quarter": 3,
            "eps": 0.09,
            "eps_growth_year": -92.11,
            "eps_4q": 1.74,
            "eps_4q_growth_year": -59.5,
            "roe": 0.36,
            "roe_4q": 6.55,
            "gross_profit": 46628,
            "gross_margin": 7.91,
            "gross_margin_4q_avg": 10.16,
            "net_income": 4602,
            "net_income_4q": null,
            "revenue": 589422,
            "revenue_4q": null,
            "common_shares": 496221,
            "book_valuer_per_share": 25.51,
            "book_valuer_per_share_4q_avg": 26.21,
            "equity": 1275447,
            "current_ratio": 231.18,
            "debt_ratio": 53.6,
            "inventory_turnover_ratio": 0.7,
            "account_receivable_turnover_ratio": 1.16,
            "reinvestment_rate": -20.97,
            "research_to_sale_ratio": 0.23,
            "price_fair": 33.48,
            "eps_avg_yearly": 3.35,
            "eps_latest_yearly": 0.36,
            "eps_growth_yearly": 0.56
        },
        "20194": {
            "year_quarter": 20194,
            "year": 2019,
            "quarter": 4,
            "eps": 0.68,
            "eps_growth_year": 33.05,
            "eps_4q": 1.91,
            "eps_4q_growth_year": -49.99,
            "roe": 2.61,
            "roe_4q": 7.249999999999999,
            "gross_profit": 71307,
            "gross_margin": 12.05,
            "gross_margin_4q_avg": 10.01,
            "net_income": 33738,
            "net_income_4q": null,
            "revenue": 591869,
            "revenue_4q": null,
            "common_shares": 496221,
            "book_valuer_per_share": 26.14,
            "book_valuer_per_share_4q_avg": 26.08,
            "equity": 1306272,
            "current_ratio": 205.1,
            "debt_ratio": 53.42,
            "inventory_turnover_ratio": 0.69,
            "account_receivable_turnover_ratio": 1.17,
            "reinvestment_rate": -16.18,
            "research_to_sale_ratio": 0.19,
            "price_fair": 117.86,
            "eps_avg_yearly": 3.37,
            "eps_latest_yearly": 2.72,
            "eps_growth_yearly": 158.2
        },
        "20201": {
            "year_quarter": 20201,
            "year": 2020,
            "quarter": 1,
            "eps": 0.68,
            "eps_growth_year": 9.68,
            "eps_4q": 1.96,
            "eps_4q_growth_year": -44.22,
            "roe": 2.55,
            "roe_4q": 7.5,
            "gross_profit": 67307,
            "gross_margin": 11.03,
            "gross_margin_4q_avg": 9.98,
            "net_income": 33701,
            "net_income_4q": null,
            "revenue": 610198,
            "revenue_4q": null,
            "common_shares": 496221,
            "book_valuer_per_share": 26.8,
            "book_valuer_per_share_4q_avg": 25.96,
            "equity": 1338998,
            "current_ratio": 223.59,
            "debt_ratio": 52.32,
            "inventory_turnover_ratio": 0.77,
            "account_receivable_turnover_ratio": 1.17,
            "reinvestment_rate": -15.65,
            "research_to_sale_ratio": 0.22,
            "price_fair": 118.74,
            "eps_avg_yearly": 3.39,
            "eps_latest_yearly": 2.72,
            "eps_growth_yearly": 159.04
        },
        "20202": {
            "year_quarter": 20202,
            "year": 2020,
            "quarter": 2,
            "eps": 0.65,
            "eps_growth_year": 25,
            "eps_4q": 2.1,
            "eps_4q_growth_year": -24.68,
            "roe": 2.45,
            "roe_4q": 7.97,
            "gross_profit": 73932,
            "gross_margin": 12.94,
            "gross_margin_4q_avg": 10.98,
            "net_income": 32308,
            "net_income_4q": null,
            "revenue": 571207,
            "revenue_4q": null,
            "common_shares": 496221,
            "book_valuer_per_share": 26.07,
            "book_valuer_per_share_4q_avg": 26.13,
            "equity": 1303044,
            "current_ratio": 220.81,
            "debt_ratio": 53.87,
            "inventory_turnover_ratio": 0.74,
            "account_receivable_turnover_ratio": 1.12,
            "reinvestment_rate": -20.52,
            "research_to_sale_ratio": 0.23,
            "price_fair": 114.54,
            "eps_avg_yearly": 3.27,
            "eps_latest_yearly": 2.6,
            "eps_growth_yearly": 134.23
        },
        "20203": {
            "year_quarter": 20203,
            "year": 2020,
            "quarter": 3,
            "eps": 1.06,
            "eps_growth_year": 1077.78,
            "eps_4q": 3.06,
            "eps_4q_growth_year": 76.35,
            "roe": 3.97,
            "roe_4q": 11.579999999999998,
            "gross_profit": 91112,
            "gross_margin": 15.68,
            "gross_margin_4q_avg": 12.93,
            "net_income": 52662,
            "net_income_4q": null,
            "revenue": 581141,
            "revenue_4q": null,
            "common_shares": 496221,
            "book_valuer_per_share": 27.08,
            "book_valuer_per_share_4q_avg": 26.52,
            "equity": 1352951,
            "current_ratio": 239.3,
            "debt_ratio": 50.2,
            "inventory_turnover_ratio": 0.73,
            "account_receivable_turnover_ratio": 1.19,
            "reinvestment_rate": -20.58,
            "research_to_sale_ratio": 0.25,
            "price_fair": 115.24,
            "eps_avg_yearly": 3.29,
            "eps_latest_yearly": 4.24,
            "eps_growth_yearly": 153.31
        },
        "20204": {
            "year_quarter": 20204,
            "year": 2020,
            "quarter": 4,
            "eps": 0.76,
            "eps_growth_year": 12.64,
            "eps_4q": 3.15,
            "eps_4q_growth_year": 65.28,
            "roe": 2.76,
            "roe_4q": 11.73,
            "gross_profit": 84618,
            "gross_margin": 13.55,
            "gross_margin_4q_avg": 13.3,
            "net_income": 37940,
            "net_income_4q": null,
            "revenue": 624609,
            "revenue_4q": null,
            "common_shares": 496221,
            "book_valuer_per_share": 27.87,
            "book_valuer_per_share_4q_avg": 26.96,
            "equity": 1391863,
            "current_ratio": 256.64,
            "debt_ratio": 46.74,
            "inventory_turnover_ratio": 0.87,
            "account_receivable_turnover_ratio": 1.21,
            "reinvestment_rate": -19.65,
            "research_to_sale_ratio": 0.34,
            "price_fair": 113.49,
            "eps_avg_yearly": 3.24,
            "eps_latest_yearly": 3.04,
            "eps_growth_yearly": 146.75
        },
        "20211": {
            "year_quarter": 20211,
            "year": 2021,
            "quarter": 1,
            "eps": 0.89,
            "eps_growth_year": 30.88,
            "eps_4q": 3.36,
            "eps_4q_growth_year": 71.41,
            "roe": 3.14,
            "roe_4q": 12.32,
            "gross_profit": 94783,
            "gross_margin": 14.79,
            "gross_margin_4q_avg": 14.24,
            "net_income": 44461,
            "net_income_4q": null,
            "revenue": 640694,
            "revenue_4q": null,
            "common_shares": 496221,
            "book_valuer_per_share": 28.82,
            "book_valuer_per_share_4q_avg": 27.46,
            "equity": 1439359,
            "current_ratio": 255.38,
            "debt_ratio": 47.33,
            "inventory_turnover_ratio": 0.91,
            "account_receivable_turnover_ratio": 1.18,
            "reinvestment_rate": -17.97,
            "research_to_sale_ratio": 0.25,
            "price_fair": 112,
            "eps_avg_yearly": 3.2,
            "eps_latest_yearly": 3.56,
            "eps_growth_yearly": 148.42
        },
        "20212": {
            "year_quarter": 20212,
            "year": 2021,
            "quarter": 2,
            "eps": 1.44,
            "eps_growth_year": 121.54,
            "eps_4q": 4.16,
            "eps_4q_growth_year": 98.3,
            "roe": 4.87,
            "roe_4q": 14.74,
            "gross_profit": 133119,
            "gross_margin": 18.08,
            "gross_margin_4q_avg": 15.53,
            "net_income": 71687,
            "net_income_4q": null,
            "revenue": 736180,
            "revenue_4q": null,
            "common_shares": 496221,
            "book_valuer_per_share": 30.1,
            "book_valuer_per_share_4q_avg": 28.47,
            "equity": 1503183,
            "current_ratio": 255.7,
            "debt_ratio": 47.7,
            "inventory_turnover_ratio": 0.98,
            "account_receivable_turnover_ratio": 1.27,
            "reinvestment_rate": -18.91,
            "research_to_sale_ratio": 0.23,
            "price_fair": 117.08,
            "eps_avg_yearly": 3.35,
            "eps_latest_yearly": 5.76,
            "eps_growth_yearly": 168.59
        },
        "20213": {
            "year_quarter": 20213,
            "year": 2021,
            "quarter": 3,
            "eps": 1.5,
            "eps_growth_year": 41.51,
            "eps_4q": 4.6,
            "eps_4q_growth_year": 50.22,
            "roe": 5,
            "roe_4q": 15.770000000000001,
            "gross_profit": 137923,
            "gross_margin": 16.6,
            "gross_margin_4q_avg": 15.76,
            "net_income": 74639,
            "net_income_4q": null,
            "revenue": 830875,
            "revenue_4q": null,
            "common_shares": 496221,
            "book_valuer_per_share": 29.64,
            "book_valuer_per_share_4q_avg": 29.11,
            "equity": 1480034,
            "current_ratio": 233.68,
            "debt_ratio": 48.11,
            "inventory_turnover_ratio": 1.12,
            "account_receivable_turnover_ratio": 1.25,
            "reinvestment_rate": -17.57,
            "research_to_sale_ratio": 0.24,
            "price_fair": 119.79,
            "eps_avg_yearly": 3.42,
            "eps_latest_yearly": 6,
            "eps_growth_yearly": 160.04
        },
        "20214": {
            "year_quarter": 20214,
            "year": 2021,
            "quarter": 4,
            "eps": 0.91,
            "eps_growth_year": 18.91,
            "eps_4q": 4.75,
            "eps_4q_growth_year": 50.72,
            "roe": 2.99,
            "roe_4q": 16,
            "gross_profit": 104504,
            "gross_margin": 14.34,
            "gross_margin_4q_avg": 15.95,
            "net_income": 45046,
            "net_income_4q": null,
            "revenue": 728990,
            "revenue_4q": null,
            "common_shares": 496221,
            "book_valuer_per_share": 30.62,
            "book_valuer_per_share_4q_avg": 29.8,
            "equity": 1528838,
            "current_ratio": 248.59,
            "debt_ratio": 47.23,
            "inventory_turnover_ratio": 0.88,
            "account_receivable_turnover_ratio": 1.09,
            "reinvestment_rate": -21.03,
            "research_to_sale_ratio": 0.35,
            "price_fair": 119.09,
            "eps_avg_yearly": 3.4,
            "eps_latest_yearly": 3.64,
            "eps_growth_yearly": 154.41
        },
        "20221": {
            "year_quarter": 20221,
            "year": 2022,
            "quarter": 1,
            "eps": 0.76,
            "eps_growth_year": -14.61,
            "eps_4q": 4.61,
            "eps_4q_growth_year": 37.09,
            "roe": 2.44,
            "roe_4q": 15.3,
            "gross_profit": 86106,
            "gross_margin": 12.34,
            "gross_margin_4q_avg": 15.34,
            "net_income": 37757,
            "net_income_4q": null,
            "revenue": 697502,
            "revenue_4q": null,
            "common_shares": 496221,
            "book_valuer_per_share": 31.48,
            "book_valuer_per_share_4q_avg": 30.46,
            "equity": 1572133,
            "current_ratio": 261.34,
            "debt_ratio": 46.79,
            "inventory_turnover_ratio": 0.77,
            "account_receivable_turnover_ratio": 1.16,
            "reinvestment_rate": -12.41,
            "research_to_sale_ratio": 0.22,
            "price_fair": 117.78,
            "eps_avg_yearly": 3.37,
            "eps_latest_yearly": 3.04,
            "eps_growth_yearly": 152.3
        },
        "20222": {
            "year_quarter": 20222,
            "year": 2022,
            "quarter": 2,
            "eps": 0.65,
            "eps_growth_year": -54.86,
            "eps_4q": 3.82,
            "eps_4q_growth_year": -8.13,
            "roe": 2.13,
            "roe_4q": 12.56,
            "gross_profit": 87674,
            "gross_margin": 12.4,
            "gross_margin_4q_avg": 13.92,
            "net_income": 32012,
            "net_income_4q": null,
            "revenue": 707075,
            "revenue_4q": null,
            "common_shares": 496221,
            "book_valuer_per_share": 28.82,
            "book_valuer_per_share_4q_avg": 30.14,
            "equity": 1439971,
            "current_ratio": 229.4,
            "debt_ratio": 53.37,
            "inventory_turnover_ratio": 0.74,
            "account_receivable_turnover_ratio": 1.27,
            "reinvestment_rate": -19.76,
            "research_to_sale_ratio": 0.23,
            "price_fair": 112.53,
            "eps_avg_yearly": 3.22,
            "eps_latest_yearly": 2.6,
            "eps_growth_yearly": 139.35
        },
        "20223": {
            "year_quarter": 20223,
            "year": 2022,
            "quarter": 3,
            "eps": -0.03,
            "eps_growth_year": -102,
            "eps_4q": 2.28,
            "eps_4q_growth_year": -50.45,
            "roe": -0.11,
            "roe_4q": 7.45,
            "gross_profit": 53562,
            "gross_margin": 9.48,
            "gross_margin_4q_avg": 12.14,
            "net_income": -1617,
            "net_income_4q": null,
            "revenue": 564965,
            "revenue_4q": null,
            "common_shares": 496221,
            "book_valuer_per_share": 29.01,
            "book_valuer_per_share_4q_avg": 29.98,
            "equity": 1449948,
            "current_ratio": 260.42,
            "debt_ratio": 50.01,
            "inventory_turnover_ratio": 0.54,
            "account_receivable_turnover_ratio": 1.15,
            "reinvestment_rate": -22.46,
            "research_to_sale_ratio": 0.26,
            "price_fair": 109.39,
            "eps_avg_yearly": 3.13,
            "eps_latest_yearly": 2.6,
            "eps_growth_yearly": 150.98
        },
        "20224": {
            "year_quarter": 20224,
            "year": 2022,
            "quarter": 4,
            "eps": 0.65,
            "eps_growth_year": -28.59,
            "eps_4q": 2.02,
            "eps_4q_growth_year": -57.41,
            "roe": 2.21,
            "roe_4q": 6.67,
            "gross_profit": 49614,
            "gross_margin": 8.92,
            "gross_margin_4q_avg": 10.79,
            "net_income": 32357,
            "net_income_4q": null,
            "revenue": 556514,
            "revenue_4q": null,
            "common_shares": 496221,
            "book_valuer_per_share": 29.56,
            "book_valuer_per_share_4q_avg": 29.72,
            "equity": 1477038,
            "current_ratio": 296.68,
            "debt_ratio": 47.52,
            "inventory_turnover_ratio": 0.53,
            "account_receivable_turnover_ratio": 1.35,
            "reinvestment_rate": -19.87,
            "research_to_sale_ratio": 0.19,
            "price_fair": 112.1,
            "eps_avg_yearly": 3.2,
            "eps_latest_yearly": 2.6,
            "eps_growth_yearly": 177.56
        },
        "20231": {
            "year_quarter": 20231,
            "year": 2023,
            "quarter": 1,
            "eps": 0.11,
            "eps_growth_year": -85.53,
            "eps_4q": 1.37,
            "eps_4q_growth_year": -70.25,
            "roe": 0.38,
            "roe_4q": 4.609999999999999,
            "gross_profit": 36114,
            "gross_margin": 6.54,
            "gross_margin_4q_avg": 9.34,
            "net_income": 5637,
            "net_income_4q": null,
            "revenue": 552516,
            "revenue_4q": null,
            "common_shares": 496221,
            "book_valuer_per_share": 29.66,
            "book_valuer_per_share_4q_avg": 29.26,
            "equity": 1482152,
            "current_ratio": 294.64,
            "debt_ratio": 45.84,
            "inventory_turnover_ratio": 0.59,
            "account_receivable_turnover_ratio": 1.34,
            "reinvestment_rate": -19.42,
            "research_to_sale_ratio": 0.2,
            "price_fair": 107,
            "eps_avg_yearly": 3.06,
            "eps_latest_yearly": 0.44,
            "eps_growth_yearly": 147.66
        },
        "20232": {
            "year_quarter": 20232,
            "year": 2023,
            "quarter": 2,
            "eps": 0.17,
            "eps_growth_year": -73.85,
            "eps_4q": 0.89,
            "eps_4q_growth_year": -76.68,
            "roe": 0.56,
            "roe_4q": 3.04,
            "gross_profit": 43832,
            "gross_margin": 9.29,
            "gross_margin_4q_avg": 8.56,
            "net_income": 8125,
            "net_income_4q": null,
            "revenue": 471943,
            "revenue_4q": null,
            "common_shares": 496221,
            "book_valuer_per_share": 28.49,
            "book_valuer_per_share_4q_avg": 29.18,
            "equity": 1424173,
            "current_ratio": 269.08,
            "debt_ratio": 48.51,
            "inventory_turnover_ratio": 0.49,
            "account_receivable_turnover_ratio": 1.23,
            "reinvestment_rate": -18.5,
            "research_to_sale_ratio": 0.14,
            "price_fair": 103.5,
            "eps_avg_yearly": 2.96,
            "eps_latest_yearly": 0.68,
            "eps_growth_yearly": 167.85
        },
        "20233": {
            "year_quarter": 20233,
            "year": 2023,
            "quarter": 3,
            "eps": 0.35,
            "eps_growth_year": null,
            "eps_4q": 1.28,
            "eps_4q_growth_year": -44.07,
            "roe": 1.22,
            "roe_4q": 4.37,
            "gross_profit": 44933,
            "gross_margin": 8.92,
            "gross_margin_4q_avg": 8.42,
            "net_income": 17514,
            "net_income_4q": null,
            "revenue": 503602,
            "revenue_4q": null,
            "common_shares": 496221,
            "book_valuer_per_share": 28.87,
            "book_valuer_per_share_4q_avg": 29.15,
            "equity": 1443446,
            "current_ratio": 322.04,
            "debt_ratio": 45.63,
            "inventory_turnover_ratio": 0.53,
            "account_receivable_turnover_ratio": 1.45,
            "reinvestment_rate": -16.89,
            "research_to_sale_ratio": 0.18,
            "price_fair": 106.1,
            "eps_avg_yearly": 3.03,
            "eps_latest_yearly": 1.4,
            "eps_growth_yearly": 221.73
        }
    },
    "months": {
        "2001-06": {
            "month": "2001-06",
            "price": "10.47",
            "revenue": 89925
        },
        "2001-07": {
            "month": "2001-07",
            "price": "10.40",
            "revenue": 107256
        },
        "2001-08": {
            "month": "2001-08",
            "price": "9.21",
            "revenue": 111435
        },
        "2001-09": {
            "month": "2001-09",
            "price": "9.72",
            "revenue": 94587
        },
        "2001-10": {
            "month": "2001-10",
            "price": "9.55",
            "revenue": 101428
        },
        "2001-11": {
            "month": "2001-11",
            "price": "8.67",
            "revenue": 103521
        },
        "2001-12": {
            "month": "2001-12",
            "price": "9.91",
            "revenue": 113704
        },
        "2002-01": {
            "month": "2002-01",
            "price": "9.74",
            "revenue": 103846
        },
        "2002-02": {
            "month": "2002-02",
            "price": "10.29",
            "revenue": 112197
        },
        "2002-03": {
            "month": "2002-03",
            "price": "9.42",
            "revenue": 131308
        },
        "2002-04": {
            "month": "2002-04",
            "price": "11.11",
            "revenue": 123878
        },
        "2002-05": {
            "month": "2002-05",
            "price": "17.93",
            "revenue": 129860
        },
        "2002-06": {
            "month": "2002-06",
            "price": "17.18",
            "revenue": 112229
        },
        "2002-07": {
            "month": "2002-07",
            "price": "14.51",
            "revenue": 134783
        },
        "2002-08": {
            "month": "2002-08",
            "price": "19.27",
            "revenue": 121124
        },
        "2002-09": {
            "month": "2002-09",
            "price": "15.67",
            "revenue": 114216
        },
        "2002-10": {
            "month": "2002-10",
            "price": "14.22",
            "revenue": 110598
        },
        "2002-11": {
            "month": "2002-11",
            "price": "16.45",
            "revenue": 110244
        },
        "2002-12": {
            "month": "2002-12",
            "price": "15.31",
            "revenue": 111901
        },
        "2003-01": {
            "month": "2003-01",
            "price": "16.50",
            "revenue": 105821
        },
        "2003-02": {
            "month": "2003-02",
            "price": "16.36",
            "revenue": 103231
        },
        "2003-03": {
            "month": "2003-03",
            "price": "14.89",
            "revenue": 143424
        },
        "2003-04": {
            "month": "2003-04",
            "price": "14.76",
            "revenue": 113431
        },
        "2003-05": {
            "month": "2003-05",
            "price": "14.12",
            "revenue": 116482
        },
        "2003-06": {
            "month": "2003-06",
            "price": "14.80",
            "revenue": 115497
        },
        "2003-07": {
            "month": "2003-07",
            "price": "14.48",
            "revenue": 128318
        },
        "2003-08": {
            "month": "2003-08",
            "price": "14.02",
            "revenue": 112788
        },
        "2003-09": {
            "month": "2003-09",
            "price": "13.46",
            "revenue": 126487
        },
        "2003-10": {
            "month": "2003-10",
            "price": "14.21",
            "revenue": 127706
        },
        "2003-11": {
            "month": "2003-11",
            "price": "15.84",
            "revenue": 117260
        },
        "2003-12": {
            "month": "2003-12",
            "price": "15.29",
            "revenue": 152403
        },
        "2004-01": {
            "month": "2004-01",
            "price": "15.67",
            "revenue": 112644
        },
        "2004-02": {
            "month": "2004-02",
            "price": "17.10",
            "revenue": 154300
        },
        "2004-03": {
            "month": "2004-03",
            "price": "18.72",
            "revenue": 155905
        },
        "2004-04": {
            "month": "2004-04",
            "price": "19.94",
            "revenue": 161568
        },
        "2004-05": {
            "month": "2004-05",
            "price": "19.23",
            "revenue": 157141
        },
        "2004-06": {
            "month": "2004-06",
            "price": "19.90",
            "revenue": 182723
        },
        "2004-07": {
            "month": "2004-07",
            "price": "23.94",
            "revenue": 168607
        },
        "2004-08": {
            "month": "2004-08",
            "price": "25.43",
            "revenue": 191384
        },
        "2004-09": {
            "month": "2004-09",
            "price": "33.14",
            "revenue": 167575
        },
        "2004-10": {
            "month": "2004-10",
            "price": "33.64",
            "revenue": 171977
        },
        "2004-11": {
            "month": "2004-11",
            "price": "31.68",
            "revenue": 158491
        },
        "2004-12": {
            "month": "2004-12",
            "price": "32.57",
            "revenue": 172817
        },
        "2005-01": {
            "month": "2005-01",
            "price": "31.78",
            "revenue": 155817
        },
        "2005-02": {
            "month": "2005-02",
            "price": "32.44",
            "revenue": 128981
        },
        "2005-03": {
            "month": "2005-03",
            "price": "31.27",
            "revenue": 216522
        },
        "2005-04": {
            "month": "2005-04",
            "price": "26.12",
            "revenue": 177991
        },
        "2005-05": {
            "month": "2005-05",
            "price": "24.49",
            "revenue": 170704
        },
        "2005-06": {
            "month": "2005-06",
            "price": "25.41",
            "revenue": 174128
        },
        "2005-07": {
            "month": "2005-07",
            "price": "23.76",
            "revenue": 168502
        },
        "2005-08": {
            "month": "2005-08",
            "price": "20.66",
            "revenue": 166689
        },
        "2005-09": {
            "month": "2005-09",
            "price": "20.38",
            "revenue": 176006
        },
        "2005-10": {
            "month": "2005-10",
            "price": "18.04",
            "revenue": 154670
        },
        "2005-11": {
            "month": "2005-11",
            "price": "17.17",
            "revenue": 160872
        },
        "2005-12": {
            "month": "2005-12",
            "price": "17.43",
            "revenue": 151407
        },
        "2006-01": {
            "month": "2006-01",
            "price": "21.02",
            "revenue": 138909
        },
        "2006-02": {
            "month": "2006-02",
            "price": "19.34",
            "revenue": 132327
        },
        "2006-03": {
            "month": "2006-03",
            "price": "18.14",
            "revenue": 187860
        },
        "2006-04": {
            "month": "2006-04",
            "price": "20.06",
            "revenue": 164466
        },
        "2006-05": {
            "month": "2006-05",
            "price": "19.10",
            "revenue": 197627
        },
        "2006-06": {
            "month": "2006-06",
            "price": "18.34",
            "revenue": 163121
        },
        "2006-07": {
            "month": "2006-07",
            "price": "17.26",
            "revenue": 172010
        },
        "2006-08": {
            "month": "2006-08",
            "price": "15.98",
            "revenue": 200997
        },
        "2006-09": {
            "month": "2006-09",
            "price": "16.25",
            "revenue": 179200
        },
        "2006-10": {
            "month": "2006-10",
            "price": "17.86",
            "revenue": 159337
        },
        "2006-11": {
            "month": "2006-11",
            "price": "18.24",
            "revenue": 196532
        },
        "2006-12": {
            "month": "2006-12",
            "price": "18.42",
            "revenue": 190274
        },
        "2007-01": {
            "month": "2007-01",
            "price": "18.53",
            "revenue": 189184
        },
        "2007-02": {
            "month": "2007-02",
            "price": "18.67",
            "revenue": 126638
        },
        "2007-03": {
            "month": "2007-03",
            "price": "19.23",
            "revenue": 236112
        },
        "2007-04": {
            "month": "2007-04",
            "price": "21.62",
            "revenue": 203844
        },
        "2007-05": {
            "month": "2007-05",
            "price": "20.55",
            "revenue": 206147
        },
        "2007-06": {
            "month": "2007-06",
            "price": "21.29",
            "revenue": 206768
        },
        "2007-07": {
            "month": "2007-07",
            "price": "22.90",
            "revenue": 209699
        },
        "2007-08": {
            "month": "2007-08",
            "price": "20.66",
            "revenue": 222474
        },
        "2007-09": {
            "month": "2007-09",
            "price": "20.38",
            "revenue": 194073
        },
        "2007-10": {
            "month": "2007-10",
            "price": "21.06",
            "revenue": 242822
        },
        "2007-11": {
            "month": "2007-11",
            "price": "20.25",
            "revenue": 250151
        },
        "2007-12": {
            "month": "2007-12",
            "price": "19.31",
            "revenue": 241679
        },
        "2008-01": {
            "month": "2008-01",
            "price": "18.72",
            "revenue": 232619
        },
        "2008-02": {
            "month": "2008-02",
            "price": "19.03",
            "revenue": 172279
        },
        "2008-03": {
            "month": "2008-03",
            "price": "19.53",
            "revenue": 267795
        },
        "2008-04": {
            "month": "2008-04",
            "price": "20.52",
            "revenue": 262732
        },
        "2008-05": {
            "month": "2008-05",
            "price": "23.99",
            "revenue": 300999
        },
        "2008-06": {
            "month": "2008-06",
            "price": "24.10",
            "revenue": 296355
        },
        "2008-07": {
            "month": "2008-07",
            "price": "23.61",
            "revenue": 283278
        },
        "2008-08": {
            "month": "2008-08",
            "price": "22.97",
            "revenue": 287766
        },
        "2008-09": {
            "month": "2008-09",
            "price": "24.11",
            "revenue": 256737
        },
        "2008-10": {
            "month": "2008-10",
            "price": "21.25",
            "revenue": 195739
        },
        "2008-11": {
            "month": "2008-11",
            "price": "23.05",
            "revenue": 124315
        },
        "2008-12": {
            "month": "2008-12",
            "price": "20.46",
            "revenue": 137509
        },
        "2009-01": {
            "month": "2009-01",
            "price": "20.30",
            "revenue": 85050
        },
        "2009-02": {
            "month": "2009-02",
            "price": "19.81",
            "revenue": 128499
        },
        "2009-03": {
            "month": "2009-03",
            "price": "20.73",
            "revenue": 130417
        },
        "2009-04": {
            "month": "2009-04",
            "price": "22.91",
            "revenue": 122984
        },
        "2009-05": {
            "month": "2009-05",
            "price": "21.83",
            "revenue": 154100
        },
        "2009-06": {
            "month": "2009-06",
            "price": "21.54",
            "revenue": 207673
        },
        "2009-07": {
            "month": "2009-07",
            "price": "22.22",
            "revenue": 204339
        },
        "2009-08": {
            "month": "2009-08",
            "price": "19.62",
            "revenue": 194004
        },
        "2009-09": {
            "month": "2009-09",
            "price": "18.18",
            "revenue": 202235
        },
        "2009-10": {
            "month": "2009-10",
            "price": "18.80",
            "revenue": 175990
        },
        "2009-11": {
            "month": "2009-11",
            "price": "18.81",
            "revenue": 168086
        },
        "2009-12": {
            "month": "2009-12",
            "price": "18.94",
            "revenue": 230078
        },
        "2010-01": {
            "month": "2010-01",
            "price": "19.22",
            "revenue": 210954
        },
        "2010-02": {
            "month": "2010-02",
            "price": "18.34",
            "revenue": 177389
        },
        "2010-03": {
            "month": "2010-03",
            "price": "18.57",
            "revenue": 253044
        },
        "2010-04": {
            "month": "2010-04",
            "price": "21.49",
            "revenue": 246013
        },
        "2010-05": {
            "month": "2010-05",
            "price": "24.48",
            "revenue": 269814
        },
        "2010-06": {
            "month": "2010-06",
            "price": "26.61",
            "revenue": 247207
        },
        "2010-07": {
            "month": "2010-07",
            "price": "23.78",
            "revenue": 234139
        },
        "2010-08": {
            "month": "2010-08",
            "price": "23.72",
            "revenue": 243312
        },
        "2010-09": {
            "month": "2010-09",
            "price": "27.76",
            "revenue": 214978
        },
        "2010-10": {
            "month": "2010-10",
            "price": "27.66",
            "revenue": 241453
        },
        "2010-11": {
            "month": "2010-11",
            "price": "29.22",
            "revenue": 243202
        },
        "2010-12": {
            "month": "2010-12",
            "price": "33.14",
            "revenue": 274214
        },
        "2011-01": {
            "month": "2011-01",
            "price": "40.07",
            "revenue": 243303
        },
        "2011-02": {
            "month": "2011-02",
            "price": "39.00",
            "revenue": 205690
        },
        "2011-03": {
            "month": "2011-03",
            "price": "50.62",
            "revenue": 307519
        },
        "2011-04": {
            "month": "2011-04",
            "price": "47.14",
            "revenue": 256517
        },
        "2011-05": {
            "month": "2011-05",
            "price": "43.67",
            "revenue": 282958
        },
        "2011-06": {
            "month": "2011-06",
            "price": "45.52",
            "revenue": 246294
        },
        "2011-07": {
            "month": "2011-07",
            "price": "44.96",
            "revenue": 265990
        },
        "2011-08": {
            "month": "2011-08",
            "price": "39.64",
            "revenue": 260564
        },
        "2011-09": {
            "month": "2011-09",
            "price": "38.82",
            "revenue": 237556
        },
        "2011-10": {
            "month": "2011-10",
            "price": "38.92",
            "revenue": 233132
        },
        "2011-11": {
            "month": "2011-11",
            "price": "35.60",
            "revenue": 223741
        },
        "2011-12": {
            "month": "2011-12",
            "price": "28.79",
            "revenue": 249811
        },
        "2012-01": {
            "month": "2012-01",
            "price": "30.35",
            "revenue": 178267
        },
        "2012-02": {
            "month": "2012-02",
            "price": "34.57",
            "revenue": 226790
        },
        "2012-03": {
            "month": "2012-03",
            "price": "35.43",
            "revenue": 241828
        },
        "2012-04": {
            "month": "2012-04",
            "price": "33.28",
            "revenue": 261531
        },
        "2012-05": {
            "month": "2012-05",
            "price": "30.11",
            "revenue": 245455
        },
        "2012-06": {
            "month": "2012-06",
            "price": "28.74",
            "revenue": 206939
        },
        "2012-07": {
            "month": "2012-07",
            "price": "28.88",
            "revenue": 243703
        },
        "2012-08": {
            "month": "2012-08",
            "price": "25.61",
            "revenue": 207177
        },
        "2012-09": {
            "month": "2012-09",
            "price": "24.94",
            "revenue": 180364
        },
        "2012-10": {
            "month": "2012-10",
            "price": "22.61",
            "revenue": 219132
        },
        "2012-11": {
            "month": "2012-11",
            "price": "21.34",
            "revenue": 196498
        },
        "2012-12": {
            "month": "2012-12",
            "price": "22.18",
            "revenue": 180854
        },
        "2013-01": {
            "month": "2013-01",
            "price": "23.62",
            "revenue": 258336
        },
        "2013-02": {
            "month": "2013-02",
            "price": "23.11",
            "revenue": 155100
        },
        "2013-03": {
            "month": "2013-03",
            "price": "27.64",
            "revenue": 228334
        },
        "2013-04": {
            "month": "2013-04",
            "price": "26.94",
            "revenue": 235444
        },
        "2013-05": {
            "month": "2013-05",
            "price": "25.74",
            "revenue": 216561
        },
        "2013-06": {
            "month": "2013-06",
            "price": "25.23",
            "revenue": 175087
        },
        "2013-07": {
            "month": "2013-07",
            "price": "22.69",
            "revenue": 230809
        },
        "2013-08": {
            "month": "2013-08",
            "price": "22.90",
            "revenue": 225404
        },
        "2013-09": {
            "month": "2013-09",
            "price": "23.52",
            "revenue": 208005
        },
        "2013-10": {
            "month": "2013-10",
            "price": "24.54",
            "revenue": 253539
        },
        "2013-11": {
            "month": "2013-11",
            "price": "24.99",
            "revenue": 222845
        },
        "2013-12": {
            "month": "2013-12",
            "price": "25.53",
            "revenue": 217309
        },
        "2014-01": {
            "month": "2014-01",
            "price": "25.80",
            "revenue": 234615
        },
        "2014-02": {
            "month": "2014-02",
            "price": "26.05",
            "revenue": 196535
        },
        "2014-03": {
            "month": "2014-03",
            "price": "26.80",
            "revenue": 234905
        },
        "2014-04": {
            "month": "2014-04",
            "price": "27.63",
            "revenue": 220371
        },
        "2014-05": {
            "month": "2014-05",
            "price": "28.50",
            "revenue": 226314
        },
        "2014-06": {
            "month": "2014-06",
            "price": "29.15",
            "revenue": 229729
        },
        "2014-07": {
            "month": "2014-07",
            "price": "29.01",
            "revenue": 239158
        },
        "2014-08": {
            "month": "2014-08",
            "price": "28.90",
            "revenue": 212692
        },
        "2014-09": {
            "month": "2014-09",
            "price": "28.96",
            "revenue": 243393
        },
        "2014-10": {
            "month": "2014-10",
            "price": "27.31",
            "revenue": 245435
        },
        "2014-11": {
            "month": "2014-11",
            "price": "27.63",
            "revenue": 200826
        },
        "2014-12": {
            "month": "2014-12",
            "price": "27.62",
            "revenue": 227467
        },
        "2015-01": {
            "month": "2015-01",
            "price": "28.02",
            "revenue": 223085
        },
        "2015-02": {
            "month": "2015-02",
            "price": "27.87",
            "revenue": 137171
        },
        "2015-03": {
            "month": "2015-03",
            "price": "27.68",
            "revenue": 233471
        },
        "2015-04": {
            "month": "2015-04",
            "price": "28.73",
            "revenue": 202603
        },
        "2015-05": {
            "month": "2015-05",
            "price": "28.18",
            "revenue": 188585
        },
        "2015-06": {
            "month": "2015-06",
            "price": "26.77",
            "revenue": 180502
        },
        "2015-07": {
            "month": "2015-07",
            "price": "24.57",
            "revenue": 196455
        },
        "2015-08": {
            "month": "2015-08",
            "price": "22.82",
            "revenue": 167339
        },
        "2015-09": {
            "month": "2015-09",
            "price": "23.28",
            "revenue": 163998
        },
        "2015-10": {
            "month": "2015-10",
            "price": "23.24",
            "revenue": 178282
        },
        "2015-11": {
            "month": "2015-11",
            "price": "23.86",
            "revenue": 183769
        },
        "2015-12": {
            "month": "2015-12",
            "price": "23.79",
            "revenue": 189704
        },
        "2016-01": {
            "month": "2016-01",
            "price": "23.96",
            "revenue": 175291
        },
        "2016-02": {
            "month": "2016-02",
            "price": "24.19",
            "revenue": 138871
        },
        "2016-03": {
            "month": "2016-03",
            "price": "24.10",
            "revenue": 229182
        },
        "2016-04": {
            "month": "2016-04",
            "price": "24.30",
            "revenue": 188873
        },
        "2016-05": {
            "month": "2016-05",
            "price": "24.05",
            "revenue": 217667
        },
        "2016-06": {
            "month": "2016-06",
            "price": "23.89",
            "revenue": 201387
        },
        "2016-07": {
            "month": "2016-07",
            "price": "24.01",
            "revenue": 176385
        },
        "2016-08": {
            "month": "2016-08",
            "price": "26.33",
            "revenue": 174873
        },
        "2016-09": {
            "month": "2016-09",
            "price": "26.09",
            "revenue": 171994
        },
        "2016-10": {
            "month": "2016-10",
            "price": "26.39",
            "revenue": 180314
        },
        "2016-11": {
            "month": "2016-11",
            "price": "29.18",
            "revenue": 235493
        },
        "2016-12": {
            "month": "2016-12",
            "price": "32.94",
            "revenue": 224389
        },
        "2017-01": {
            "month": "2017-01",
            "price": "33.45",
            "revenue": 201693
        },
        "2017-02": {
            "month": "2017-02",
            "price": "34.21",
            "revenue": 190600
        },
        "2017-03": {
            "month": "2017-03",
            "price": "34.61",
            "revenue": 262506
        },
        "2017-04": {
            "month": "2017-04",
            "price": "33.58",
            "revenue": 204462
        },
        "2017-05": {
            "month": "2017-05",
            "price": "33.61",
            "revenue": 179186
        },
        "2017-06": {
            "month": "2017-06",
            "price": "34.00",
            "revenue": 209039
        },
        "2017-07": {
            "month": "2017-07",
            "price": "31.91",
            "revenue": 209629
        },
        "2017-08": {
            "month": "2017-08",
            "price": "32.75",
            "revenue": 267111
        },
        "2017-09": {
            "month": "2017-09",
            "price": "33.12",
            "revenue": 206654
        },
        "2017-10": {
            "month": "2017-10",
            "price": "32.87",
            "revenue": 212546
        },
        "2017-11": {
            "month": "2017-11",
            "price": "34.78",
            "revenue": 218869
        },
        "2017-12": {
            "month": "2017-12",
            "price": "34.45",
            "revenue": 223035
        },
        "2018-01": {
            "month": "2018-01",
            "price": "35.30",
            "revenue": 220354
        },
        "2018-02": {
            "month": "2018-02",
            "price": "34.50",
            "revenue": 164542
        },
        "2018-03": {
            "month": "2018-03",
            "price": "36.71",
            "revenue": 237977
        },
        "2018-04": {
            "month": "2018-04",
            "price": "37.37",
            "revenue": 223020
        },
        "2018-05": {
            "month": "2018-05",
            "price": "37.08",
            "revenue": 232994
        },
        "2018-06": {
            "month": "2018-06",
            "price": "37.59",
            "revenue": 226850
        },
        "2018-07": {
            "month": "2018-07",
            "price": "34.25",
            "revenue": 234398
        },
        "2018-08": {
            "month": "2018-08",
            "price": "35.49",
            "revenue": 238642
        },
        "2018-09": {
            "month": "2018-09",
            "price": "35.82",
            "revenue": 225342
        },
        "2018-10": {
            "month": "2018-10",
            "price": "34.85",
            "revenue": 230845
        },
        "2018-11": {
            "month": "2018-11",
            "price": "35.40",
            "revenue": 209674
        },
        "2018-12": {
            "month": "2018-12",
            "price": "35.81",
            "revenue": 189929
        },
        "2019-01": {
            "month": "2019-01",
            "price": "35.34",
            "revenue": 224540
        },
        "2019-02": {
            "month": "2019-02",
            "price": "35.74",
            "revenue": 147258
        },
        "2019-03": {
            "month": "2019-03",
            "price": "36.17",
            "revenue": 222870
        },
        "2019-04": {
            "month": "2019-04",
            "price": "35.30",
            "revenue": 210605
        },
        "2019-05": {
            "month": "2019-05",
            "price": "34.59",
            "revenue": 222425
        },
        "2019-06": {
            "month": "2019-06",
            "price": "34.31",
            "revenue": 191655
        },
        "2019-07": {
            "month": "2019-07",
            "price": "32.27",
            "revenue": 219790
        },
        "2019-08": {
            "month": "2019-08",
            "price": "31.69",
            "revenue": 191018
        },
        "2019-09": {
            "month": "2019-09",
            "price": "30.97",
            "revenue": 179665
        },
        "2019-10": {
            "month": "2019-10",
            "price": "30.68",
            "revenue": 219369
        },
        "2019-11": {
            "month": "2019-11",
            "price": "29.66",
            "revenue": 176007
        },
        "2019-12": {
            "month": "2019-12",
            "price": "28.78",
            "revenue": 210808
        },
        "2020-01": {
            "month": "2020-01",
            "price": "28.77",
            "revenue": 182261
        },
        "2020-02": {
            "month": "2020-02",
            "price": "28.07",
            "revenue": 216205
        },
        "2020-03": {
            "month": "2020-03",
            "price": "26.47",
            "revenue": 226061
        },
        "2020-04": {
            "month": "2020-04",
            "price": "26.35",
            "revenue": 199412
        },
        "2020-05": {
            "month": "2020-05",
            "price": "28.05",
            "revenue": 176213
        },
        "2020-06": {
            "month": "2020-06",
            "price": "28.94",
            "revenue": 204690
        },
        "2020-07": {
            "month": "2020-07",
            "price": "28.51",
            "revenue": 205245
        },
        "2020-08": {
            "month": "2020-08",
            "price": "28.88",
            "revenue": 182346
        },
        "2020-09": {
            "month": "2020-09",
            "price": "29.04",
            "revenue": 196003
        },
        "2020-10": {
            "month": "2020-10",
            "price": "28.95",
            "revenue": 183643
        },
        "2020-11": {
            "month": "2020-11",
            "price": "30.34",
            "revenue": 201053
        },
        "2020-12": {
            "month": "2020-12",
            "price": "31.97",
            "revenue": 242991
        },
        "2021-01": {
            "month": "2021-01",
            "price": "31.68",
            "revenue": 229585
        },
        "2021-02": {
            "month": "2021-02",
            "price": "31.62",
            "revenue": 148758
        },
        "2021-03": {
            "month": "2021-03",
            "price": "32.67",
            "revenue": 264889
        },
        "2021-04": {
            "month": "2021-04",
            "price": "35.22",
            "revenue": 230423
        },
        "2021-05": {
            "month": "2021-05",
            "price": "34.48",
            "revenue": 259559
        },
        "2021-06": {
            "month": "2021-06",
            "price": "35.76",
            "revenue": 247133
        },
        "2021-07": {
            "month": "2021-07",
            "price": "38.37",
            "revenue": 296647
        },
        "2021-08": {
            "month": "2021-08",
            "price": "38.72",
            "revenue": 268564
        },
        "2021-09": {
            "month": "2021-09",
            "price": "37.50",
            "revenue": 262251
        },
        "2021-10": {
            "month": "2021-10",
            "price": "36.70",
            "revenue": 250345
        },
        "2021-11": {
            "month": "2021-11",
            "price": "37.84",
            "revenue": 240050
        },
        "2021-12": {
            "month": "2021-12",
            "price": "37.75",
            "revenue": 233576
        },
        "2022-01": {
            "month": "2022-01",
            "price": "37.66",
            "revenue": 239406
        },
        "2022-02": {
            "month": "2022-02",
            "price": "37.87",
            "revenue": 188760
        },
        "2022-03": {
            "month": "2022-03",
            "price": "39.36",
            "revenue": 274442
        },
        "2022-04": {
            "month": "2022-04",
            "price": "39.61",
            "revenue": 270916
        },
        "2022-05": {
            "month": "2022-05",
            "price": "37.61",
            "revenue": 223089
        },
        "2022-06": {
            "month": "2022-06",
            "price": "36.28",
            "revenue": 213143
        },
        "2022-07": {
            "month": "2022-07",
            "price": "31.17",
            "revenue": 201383
        },
        "2022-08": {
            "month": "2022-08",
            "price": "31.94",
            "revenue": 187732
        },
        "2022-09": {
            "month": "2022-09",
            "price": "31.10",
            "revenue": 172322
        },
        "2022-10": {
            "month": "2022-10",
            "price": "29.18",
            "revenue": 202005
        },
        "2022-11": {
            "month": "2022-11",
            "price": "29.17",
            "revenue": 180440
        },
        "2022-12": {
            "month": "2022-12",
            "price": "29.22",
            "revenue": 174602
        },
        "2023-01": {
            "month": "2023-01",
            "price": "29.31",
            "revenue": 150376
        },
        "2023-02": {
            "month": "2023-02",
            "price": "29.77",
            "revenue": 165236
        },
        "2023-03": {
            "month": "2023-03",
            "price": "30.08",
            "revenue": 246194
        },
        "2023-04": {
            "month": "2023-04",
            "price": "30.41",
            "revenue": 148763
        },
        "2023-05": {
            "month": "2023-05",
            "price": "29.93",
            "revenue": 177714
        },
        "2023-06": {
            "month": "2023-06",
            "price": "29.88",
            "revenue": 136798
        },
        "2023-07": {
            "month": "2023-07",
            "price": "28.83",
            "revenue": 161641
        },
        "2023-08": {
            "month": "2023-08",
            "price": "28.68",
            "revenue": 172667
        },
        "2023-09": {
            "month": "2023-09",
            "price": "28.49",
            "revenue": 169378
        },
        "2023-10": {
            "month": "2023-10",
            "price": "28.14",
            "revenue": 158647
        },
        "2023-11": {
            "month": "2023-11",
            "price": "28.08",
            "revenue": 174160
        },
        "2023-12": {
            "month": "2023-12",
            "price": "29.04",
            "revenue": 154054
        }
    }
}
