{
    "summary": {
        "stock_name": "富強",
        "stock_id": "5102",
        "category": "橡膠",
        "main_business": "各種橡膠製品及有關五金、零件之加工買賣<br>各種輪胎之翻修加工買賣<br>前各項有關產品之進出口貿易業務",
        "website_url": "http://www.fuchian.com.tw",
        "ceo": "蔡文順",
        "pe_ratio": 28,
        "report_year_from": 2001,
        "report_year_to": 2022,
        "age": 22,
        "eps_negative_percentage": 5,
        "eps_growth_avg": {
            "last_all": -11.38,
            "last_2y": -14.96,
            "last_4y": -19.62,
            "last_8y": -0.25,
            "last_12y": -4.85,
            "last_16y": -16.56,
            "last_20y": -11.38,
            "at_2006_last_3y": 9.51,
            "at_2007_last_3y": -4.76,
            "at_2008_last_3y": -1.69,
            "at_2009_last_3y": -51.69,
            "at_2010_last_3y": -62.16,
            "at_2011_last_3y": -40.2,
            "at_2012_last_3y": -38.98,
            "at_2013_last_3y": -18.65,
            "at_2014_last_3y": -0.46,
            "at_2015_last_3y": -9.27,
            "at_2016_last_3y": -1.26,
            "at_2017_last_3y": 23.95,
            "at_2018_last_3y": 4.94,
            "at_2019_last_3y": 0.05,
            "at_2020_last_3y": 7.08,
            "at_2021_last_3y": -2.05,
            "at_2022_last_3y": -19.03,
            "at_2023_last_3y": -19.03,
            "at_2006_last_all": 3.42,
            "at_2007_last_all": -4.21,
            "at_2008_last_all": -9.91,
            "at_2009_last_all": -21.17,
            "at_2010_last_all": -21.17,
            "at_2011_last_all": -16.21,
            "at_2012_last_all": -18.63,
            "at_2013_last_all": -20.49,
            "at_2014_last_all": -14.27,
            "at_2015_last_all": -14.07,
            "at_2016_last_all": -13.67,
            "at_2017_last_all": -8.64,
            "at_2018_last_all": -9.47,
            "at_2019_last_all": -10.75,
            "at_2020_last_all": -9.06,
            "at_2021_last_all": -7.25,
            "at_2022_last_all": -11.38,
            "at_2023_last_all": -11.38
        },
        "latest_eps": 0.87,
        "latest_price": 24.65,
        "latest_roe": 5.24,
        "latest_gross_margin": 14.82,
        "latest_equity": 1077325,
        "latest_revenue": 159579,
        "latest_gross_profit": 23650,
        "latest_net_income": 6418,
        "latest_debt_ratio": 30.32,
        "latest_current_ratio": 126.15,
        "latest_account_receivable_turnover_ratio": 1.18,
        "latest_inventory_turnover_ratio": 0.71,
        "latest_reinvestment_rate": 155.28,
        "latest_research_to_sale_ratio": 0.74
    },
    "eps_dividends": {
        "1998": {
            "cash": 0,
            "stock": 2,
            "eps": 0
        },
        "1999": {
            "cash": 0,
            "stock": 1,
            "eps": 0
        },
        "2000": {
            "cash": 0,
            "stock": 1,
            "eps": 0
        },
        "2001": {
            "cash": 0,
            "stock": 1,
            "eps": 0.43
        },
        "2002": {
            "cash": 0,
            "stock": 0.8,
            "eps": 0.34
        },
        "2003": {
            "cash": 0.3,
            "stock": 0,
            "eps": 0.39
        },
        "2004": {
            "cash": 0.25,
            "stock": 0,
            "eps": 0.17
        },
        "2005": {
            "cash": 0,
            "stock": 0.5,
            "eps": 0.74
        },
        "2006": {
            "cash": 0,
            "stock": 0.6,
            "eps": 0.59
        },
        "2007": {
            "cash": 0.38,
            "stock": 0,
            "eps": 0.34
        },
        "2008": {
            "cash": 0,
            "stock": 0.5,
            "eps": 0.19
        },
        "2009": {
            "cash": 0,
            "stock": 0,
            "eps": -0.1
        },
        "2010": {
            "cash": 0,
            "stock": 0,
            "eps": 1.36
        },
        "2011": {
            "cash": 0.5,
            "stock": 0.5,
            "eps": 1.68
        },
        "2012": {
            "cash": 0.7,
            "stock": 0.5,
            "eps": 1
        },
        "2013": {
            "cash": 0.7,
            "stock": 0,
            "eps": 0.61
        },
        "2014": {
            "cash": 0.55,
            "stock": 0,
            "eps": 0.94
        },
        "2015": {
            "cash": 0.7,
            "stock": 0,
            "eps": 0.83
        },
        "2016": {
            "cash": 0.7,
            "stock": 0,
            "eps": 0.76
        },
        "2017": {
            "cash": 0.7,
            "stock": 0,
            "eps": 1.23
        },
        "2018": {
            "cash": 1,
            "stock": 0,
            "eps": 0.96
        },
        "2019": {
            "cash": 0.8,
            "stock": 0,
            "eps": 0.66
        },
        "2020": {
            "cash": 0.6,
            "stock": 0,
            "eps": 0.79
        },
        "2021": {
            "cash": 0.7,
            "stock": 0,
            "eps": 0.99
        },
        "2022": {
            "cash": 0.5,
            "stock": 0,
            "eps": 0.1
        }
    },
    "dividends": {
        "1998-05-23": {
            "cash": 0,
            "stock": 2
        },
        "1999-05-29": {
            "cash": 0,
            "stock": 1
        },
        "2000-04-09": {
            "cash": 0,
            "stock": 1
        },
        "2001-04-30": {
            "cash": 0,
            "stock": 1
        },
        "2002-05-20": {
            "cash": 0,
            "stock": 0.8
        },
        "2003-06-25": {
            "cash": 0.3,
            "stock": 0
        },
        "2004-03-22": {
            "cash": 0.25,
            "stock": 0
        },
        "2005-03-21": {
            "cash": 0,
            "stock": 0.5
        },
        "2006-03-24": {
            "cash": 0,
            "stock": 0.6
        },
        "2007-04-26": {
            "cash": 0.38,
            "stock": 0
        },
        "2008-03-26": {
            "cash": 0,
            "stock": 0.5
        },
        "2011-03-09": {
            "cash": 0.5,
            "stock": 0.5
        },
        "2012-06-27": {
            "cash": 0.7,
            "stock": 0.5
        },
        "2013-06-24": {
            "cash": 0.7,
            "stock": 0
        },
        "2014-08-22": {
            "cash": 0.55,
            "stock": 0
        },
        "2015-08-21": {
            "cash": 0.7,
            "stock": 0
        },
        "2016-08-12": {
            "cash": 0.7,
            "stock": 0
        },
        "2017-07-28": {
            "cash": 0.7,
            "stock": 0
        },
        "2018-08-03": {
            "cash": 1,
            "stock": 0
        },
        "2019-08-23": {
            "cash": 0.8,
            "stock": 0
        },
        "2020-08-14": {
            "cash": 0.6,
            "stock": 0
        },
        "2021-07-23": {
            "cash": 0.7,
            "stock": 0
        },
        "2022-04-26": {
            "cash": 0.5,
            "stock": 0
        }
    },
    "prices": {
        "200101": "16.96",
        "200102": "16.96",
        "200103": "17.26",
        "200104": "17.57",
        "200105": "16.77",
        "200106": "16.90",
        "200107": "15.95",
        "200108": "14.68",
        "200109": "13.29",
        "200110": "12.86",
        "200111": "12.76",
        "200112": "13.33",
        "200201": "17.12",
        "200202": "16.69",
        "200203": "14.98",
        "200204": "15.20",
        "200205": "15.36",
        "200206": "15.25",
        "200207": "14.37",
        "200208": "13.63",
        "200209": "13.28",
        "200210": "13.13",
        "200211": "15.72",
        "200212": "17.50",
        "200301": "15.45",
        "200302": "13.97",
        "200303": "13.44",
        "200304": "12.91",
        "200305": "12.07",
        "200306": "12.43",
        "200307": "12.26",
        "200308": "12.01",
        "200309": "11.74",
        "200310": "11.46",
        "200311": "11.72",
        "200312": "12.01",
        "200401": "11.67",
        "200402": "12.34",
        "200403": "11.82",
        "200404": "11.33",
        "200405": "10.26",
        "200406": "9.89",
        "200407": "10.09",
        "200408": "10.38",
        "200409": "10.25",
        "200410": "10.43",
        "200411": "10.42",
        "200412": "10.39",
        "200501": "10.61",
        "200502": "10.75",
        "200503": "10.82",
        "200504": "10.78",
        "200505": "10.96",
        "200506": "11.22",
        "200507": "11.38",
        "200508": "11.57",
        "200509": "11.52",
        "200510": "11.46",
        "200511": "11.45",
        "200512": "11.67",
        "200601": "11.51",
        "200602": "11.61",
        "200603": "11.53",
        "200604": "11.61",
        "200605": "11.79",
        "200606": "11.87",
        "200607": "12.03",
        "200608": "12.01",
        "200609": "11.95",
        "200610": "11.87",
        "200611": "12.11",
        "200612": "12.32",
        "200701": "11.86",
        "200702": "11.72",
        "200703": "11.43",
        "200704": "11.55",
        "200705": "11.46",
        "200706": "11.46",
        "200707": "12.06",
        "200708": "11.59",
        "200709": "11.54",
        "200710": "11.41",
        "200711": "10.90",
        "200712": "10.63",
        "200801": "10.87",
        "200802": "11.00",
        "200803": "10.67",
        "200804": "11.26",
        "200805": "13.90",
        "200806": "14.16",
        "200807": "12.48",
        "200808": "12.39",
        "200809": "12.55",
        "200810": "11.75",
        "200811": "9.68",
        "200812": "9.26",
        "200901": "8.65",
        "200902": "7.94",
        "200903": "8.28",
        "200904": "9.60",
        "200905": "9.11",
        "200906": "8.83",
        "200907": "9.15",
        "200908": "10.13",
        "200909": "10.57",
        "200910": "11.25",
        "200911": "11.45",
        "200912": "11.48",
        "201001": "11.64",
        "201002": "11.43",
        "201003": "11.70",
        "201004": "12.92",
        "201005": "12.53",
        "201006": "12.76",
        "201007": "12.87",
        "201008": "13.71",
        "201009": "13.88",
        "201010": "13.67",
        "201011": "13.18",
        "201012": "13.45",
        "201101": "13.72",
        "201102": "14.22",
        "201103": "18.23",
        "201104": "22.34",
        "201105": "21.92",
        "201106": "21.57",
        "201107": "27.50",
        "201108": "26.69",
        "201109": "23.36",
        "201110": "20.96",
        "201111": "20.13",
        "201112": "17.44",
        "201201": "17.39",
        "201202": "19.92",
        "201203": "20.20",
        "201204": "18.48",
        "201205": "18.62",
        "201206": "17.94",
        "201207": "17.84",
        "201208": "18.02",
        "201209": "16.87",
        "201210": "15.86",
        "201211": "14.91",
        "201212": "14.87",
        "201301": "14.85",
        "201302": "15.08",
        "201303": "14.89",
        "201304": "15.87",
        "201305": "15.59",
        "201306": "15.54",
        "201307": "15.58",
        "201308": "14.68",
        "201309": "14.60",
        "201310": "14.51",
        "201311": "14.42",
        "201312": "14.42",
        "201401": "14.72",
        "201402": "14.51",
        "201403": "14.70",
        "201404": "15.03",
        "201405": "14.70",
        "201406": "14.84",
        "201407": "14.65",
        "201408": "14.66",
        "201409": "15.28",
        "201410": "15.04",
        "201411": "14.92",
        "201412": "14.66",
        "201501": "16.73",
        "201502": "17.42",
        "201503": "16.43",
        "201504": "15.50",
        "201505": "15.32",
        "201506": "14.84",
        "201507": "14.48",
        "201508": "14.20",
        "201509": "14.12",
        "201510": "14.32",
        "201511": "14.35",
        "201512": "14.35",
        "201601": "14.05",
        "201602": "14.17",
        "201603": "14.28",
        "201604": "14.23",
        "201605": "14.23",
        "201606": "14.19",
        "201607": "13.81",
        "201608": "13.83",
        "201609": "13.95",
        "201610": "13.95",
        "201611": "13.93",
        "201612": "14.03",
        "201701": "14.30",
        "201702": "14.44",
        "201703": "14.34",
        "201704": "14.20",
        "201705": "14.08",
        "201706": "14.18",
        "201707": "14.21",
        "201708": "14.23",
        "201709": "15.19",
        "201710": "15.42",
        "201711": "15.55",
        "201712": "15.83",
        "201801": "16.94",
        "201802": "16.55",
        "201803": "16.90",
        "201804": "16.90",
        "201805": "16.78",
        "201806": "16.74",
        "201807": "16.29",
        "201808": "16.02",
        "201809": "15.97",
        "201810": "15.13",
        "201811": "14.94",
        "201812": "14.87",
        "201901": "14.91",
        "201902": "15.02",
        "201903": "15.13",
        "201904": "15.07",
        "201905": "15.12",
        "201906": "15.27",
        "201907": "15.63",
        "201908": "15.25",
        "201909": "15.16",
        "201910": "15.24",
        "201911": "15.35",
        "201912": "15.40",
        "202001": "15.45",
        "202002": "15.39",
        "202003": "14.63",
        "202004": "15.04",
        "202005": "15.38",
        "202006": "15.55",
        "202007": "15.29",
        "202008": "15.30",
        "202009": "15.42",
        "202010": "15.57",
        "202011": "15.60",
        "202012": "15.67",
        "202101": "15.62",
        "202102": "15.77",
        "202103": "16.59",
        "202104": "19.03",
        "202105": "17.62",
        "202106": "18.97",
        "202107": "18.64",
        "202108": "19.11",
        "202109": "19.69",
        "202110": "19.88",
        "202111": "19.82",
        "202112": "20.11",
        "202201": "19.72",
        "202202": "20.67",
        "202203": "23.57",
        "202204": "24.65",
        "202205": "24.65",
        "202206": "24.65",
        "202207": "24.65",
        "202208": "無",
        "202209": "無",
        "202210": "無",
        "202211": "無",
        "202212": "無",
        "202301": "無",
        "202302": "無",
        "202303": "無",
        "202304": "無",
        "202305": "無"
    },
    "quarters": {
        "20011": {
            "year_quarter": 20011,
            "year": 2001,
            "quarter": 1,
            "eps": 0.01,
            "eps_growth_year": -83.33,
            "eps_4q": 0.82,
            "eps_4q_growth_year": null,
            "roe": 0.08,
            "roe_4q": 0.08,
            "gross_profit": 27875,
            "gross_margin": 16.68,
            "gross_margin_4q_avg": 16.68,
            "net_income": 447,
            "revenue": 167163,
            "common_shares": 358172,
            "book_valuer_per_share": 14.71,
            "book_valuer_per_share_4q_avg": 14.71,
            "equity": 526770,
            "current_ratio": 155.01,
            "debt_ratio": 44.5,
            "inventory_turnover_ratio": 0.97,
            "account_receivable_turnover_ratio": null,
            "reinvestment_rate": null,
            "research_to_sale_ratio": null,
            "price_fair": 0,
            "eps_avg_yearly": 0,
            "eps_latest_yearly": 0,
            "eps_growth_yearly": 0
        },
        "20012": {
            "year_quarter": 20012,
            "year": 2001,
            "quarter": 2,
            "eps": 0.19,
            "eps_growth_year": -67.24,
            "eps_4q": 0.69,
            "eps_4q_growth_year": -44.18,
            "roe": 1.26,
            "roe_4q": 1.34,
            "gross_profit": 30490,
            "gross_margin": 14.54,
            "gross_margin_4q_avg": 15.61,
            "net_income": 6674,
            "revenue": 209668,
            "common_shares": 358172,
            "book_valuer_per_share": 14.88,
            "book_valuer_per_share_4q_avg": 14.8,
            "equity": 532859,
            "current_ratio": 150.83,
            "debt_ratio": 45.24,
            "inventory_turnover_ratio": 1.28,
            "account_receivable_turnover_ratio": null,
            "reinvestment_rate": null,
            "research_to_sale_ratio": null,
            "price_fair": 0,
            "eps_avg_yearly": 0,
            "eps_latest_yearly": 0,
            "eps_growth_yearly": 0
        },
        "20013": {
            "year_quarter": 20013,
            "year": 2001,
            "quarter": 3,
            "eps": 0.1,
            "eps_growth_year": -52.38,
            "eps_4q": 0.55,
            "eps_4q_growth_year": -50.66,
            "roe": 0.71,
            "roe_4q": 2.05,
            "gross_profit": 29312,
            "gross_margin": 15.09,
            "gross_margin_4q_avg": 15.44,
            "net_income": 3782,
            "revenue": 194258,
            "common_shares": 393989,
            "book_valuer_per_share": 13.62,
            "book_valuer_per_share_4q_avg": 14.4,
            "equity": 536641,
            "current_ratio": 147.57,
            "debt_ratio": 46.29,
            "inventory_turnover_ratio": 1.07,
            "account_receivable_turnover_ratio": null,
            "reinvestment_rate": null,
            "research_to_sale_ratio": null,
            "price_fair": 0,
            "eps_avg_yearly": 0,
            "eps_latest_yearly": 0,
            "eps_growth_yearly": 0
        },
        "20014": {
            "year_quarter": 20014,
            "year": 2001,
            "quarter": 4,
            "eps": 0.13,
            "eps_growth_year": -51.85,
            "eps_4q": 0.4,
            "eps_4q_growth_year": -62.09,
            "roe": 0.98,
            "roe_4q": 3.0300000000000002,
            "gross_profit": 34922,
            "gross_margin": 15.26,
            "gross_margin_4q_avg": 15.39,
            "net_income": 5288,
            "revenue": 228904,
            "common_shares": 393989,
            "book_valuer_per_share": 13.81,
            "book_valuer_per_share_4q_avg": 14.26,
            "equity": 544028,
            "current_ratio": 154.3,
            "debt_ratio": 44.09,
            "inventory_turnover_ratio": 1.49,
            "account_receivable_turnover_ratio": null,
            "reinvestment_rate": null,
            "research_to_sale_ratio": null,
            "price_fair": 0,
            "eps_avg_yearly": 0,
            "eps_latest_yearly": 0,
            "eps_growth_yearly": 0
        },
        "20021": {
            "year_quarter": 20021,
            "year": 2002,
            "quarter": 1,
            "eps": 0.17,
            "eps_growth_year": 1600,
            "eps_4q": 0.58,
            "eps_4q_growth_year": -29.37,
            "roe": 1.21,
            "roe_4q": 4.16,
            "gross_profit": 30752,
            "gross_margin": 19.7,
            "gross_margin_4q_avg": 16.15,
            "net_income": 6597,
            "revenue": 156099,
            "common_shares": 393989,
            "book_valuer_per_share": 13.98,
            "book_valuer_per_share_4q_avg": 14.07,
            "equity": 550625,
            "current_ratio": 144.63,
            "debt_ratio": 46.67,
            "inventory_turnover_ratio": 1.13,
            "account_receivable_turnover_ratio": null,
            "reinvestment_rate": null,
            "research_to_sale_ratio": null,
            "price_fair": 23.8,
            "eps_avg_yearly": 0.68,
            "eps_latest_yearly": 0.68,
            "eps_growth_yearly": 123.08
        },
        "20022": {
            "year_quarter": 20022,
            "year": 2002,
            "quarter": 2,
            "eps": 0.3,
            "eps_growth_year": 57.89,
            "eps_4q": 0.67,
            "eps_4q_growth_year": -2.73,
            "roe": 2.27,
            "roe_4q": 5.17,
            "gross_profit": 40279,
            "gross_margin": 18.79,
            "gross_margin_4q_avg": 17.21,
            "net_income": 12623,
            "revenue": 214328,
            "common_shares": 425509,
            "book_valuer_per_share": 13.2,
            "book_valuer_per_share_4q_avg": 13.65,
            "equity": 561517,
            "current_ratio": 145.52,
            "debt_ratio": 47.56,
            "inventory_turnover_ratio": 1.37,
            "account_receivable_turnover_ratio": null,
            "reinvestment_rate": null,
            "research_to_sale_ratio": null,
            "price_fair": 32.9,
            "eps_avg_yearly": 0.94,
            "eps_latest_yearly": 1.2,
            "eps_growth_yearly": 214.48
        },
        "20023": {
            "year_quarter": 20023,
            "year": 2002,
            "quarter": 3,
            "eps": 0.17,
            "eps_growth_year": 70,
            "eps_4q": 0.76,
            "eps_4q_growth_year": 38.96,
            "roe": 1.25,
            "roe_4q": 5.710000000000001,
            "gross_profit": 41206,
            "gross_margin": 19,
            "gross_margin_4q_avg": 18.19,
            "net_income": 7048,
            "revenue": 216869,
            "common_shares": 425509,
            "book_valuer_per_share": 13.39,
            "book_valuer_per_share_4q_avg": 13.6,
            "equity": 569943,
            "current_ratio": 145.83,
            "debt_ratio": 47.26,
            "inventory_turnover_ratio": 1.3,
            "account_receivable_turnover_ratio": null,
            "reinvestment_rate": null,
            "research_to_sale_ratio": null,
            "price_fair": 29.87,
            "eps_avg_yearly": 0.85,
            "eps_latest_yearly": 0.68,
            "eps_growth_yearly": 85.21
        },
        "20024": {
            "year_quarter": 20024,
            "year": 2002,
            "quarter": 4,
            "eps": -0.3,
            "eps_growth_year": -330.77,
            "eps_4q": 0.32,
            "eps_4q_growth_year": -20.3,
            "roe": -2.22,
            "roe_4q": 2.51,
            "gross_profit": 33647,
            "gross_margin": 16.86,
            "gross_margin_4q_avg": 18.59,
            "net_income": -12634,
            "revenue": 199567,
            "common_shares": 425509,
            "book_valuer_per_share": 13.09,
            "book_valuer_per_share_4q_avg": 13.42,
            "equity": 568037,
            "current_ratio": 144.3,
            "debt_ratio": 48.46,
            "inventory_turnover_ratio": 1.11,
            "account_receivable_turnover_ratio": null,
            "reinvestment_rate": null,
            "research_to_sale_ratio": null,
            "price_fair": 29.87,
            "eps_avg_yearly": 0.85,
            "eps_latest_yearly": 0.68,
            "eps_growth_yearly": 85.21
        },
        "20031": {
            "year_quarter": 20031,
            "year": 2003,
            "quarter": 1,
            "eps": 0,
            "eps_growth_year": -100,
            "eps_4q": 0.17,
            "eps_4q_growth_year": -70.84,
            "roe": 0.02,
            "roe_4q": 1.3199999999999998,
            "gross_profit": 22612,
            "gross_margin": 12.54,
            "gross_margin_4q_avg": 16.8,
            "net_income": 106,
            "revenue": 180340,
            "common_shares": 425509,
            "book_valuer_per_share": 13.09,
            "book_valuer_per_share_4q_avg": 13.19,
            "equity": 557025,
            "current_ratio": 152.43,
            "debt_ratio": 43.7,
            "inventory_turnover_ratio": 1.08,
            "account_receivable_turnover_ratio": null,
            "reinvestment_rate": null,
            "research_to_sale_ratio": null,
            "price_fair": 29.87,
            "eps_avg_yearly": 0.85,
            "eps_latest_yearly": 0.68,
            "eps_growth_yearly": 85.21
        },
        "20032": {
            "year_quarter": 20032,
            "year": 2003,
            "quarter": 2,
            "eps": 0.11,
            "eps_growth_year": -63.33,
            "eps_4q": -0.01,
            "eps_4q_growth_year": -102.04,
            "roe": 0.88,
            "roe_4q": -0.07000000000000028,
            "gross_profit": 26416,
            "gross_margin": 14.43,
            "gross_margin_4q_avg": 15.71,
            "net_income": 4873,
            "revenue": 183056,
            "common_shares": 425509,
            "book_valuer_per_share": 12.9,
            "book_valuer_per_share_4q_avg": 13.12,
            "equity": 548717,
            "current_ratio": 153.3,
            "debt_ratio": 42.31,
            "inventory_turnover_ratio": 1.38,
            "account_receivable_turnover_ratio": null,
            "reinvestment_rate": 408.63,
            "research_to_sale_ratio": null,
            "price_fair": 29.87,
            "eps_avg_yearly": 0.85,
            "eps_latest_yearly": 0.68,
            "eps_growth_yearly": 85.21
        },
        "20033": {
            "year_quarter": 20033,
            "year": 2003,
            "quarter": 3,
            "eps": 0.08,
            "eps_growth_year": -52.94,
            "eps_4q": -0.11,
            "eps_4q_growth_year": -114.35,
            "roe": 0.59,
            "roe_4q": -0.7300000000000002,
            "gross_profit": 24193,
            "gross_margin": 14.59,
            "gross_margin_4q_avg": 14.61,
            "net_income": 3237,
            "revenue": 165767,
            "common_shares": 425509,
            "book_valuer_per_share": 12.97,
            "book_valuer_per_share_4q_avg": 13.01,
            "equity": 551819,
            "current_ratio": 155.81,
            "debt_ratio": 41.05,
            "inventory_turnover_ratio": 1.41,
            "account_receivable_turnover_ratio": null,
            "reinvestment_rate": 5.63,
            "research_to_sale_ratio": null,
            "price_fair": 25.2,
            "eps_avg_yearly": 0.72,
            "eps_latest_yearly": 0.32,
            "eps_growth_yearly": 36.63
        },
        "20034": {
            "year_quarter": 20034,
            "year": 2003,
            "quarter": 4,
            "eps": 0.2,
            "eps_growth_year": null,
            "eps_4q": 0.39,
            "eps_4q_growth_year": 22.61,
            "roe": 1.57,
            "roe_4q": 3.06,
            "gross_profit": 30268,
            "gross_margin": 17.54,
            "gross_margin_4q_avg": 14.78,
            "net_income": 8696,
            "revenue": 172583,
            "common_shares": 425509,
            "book_valuer_per_share": 12.98,
            "book_valuer_per_share_4q_avg": 12.99,
            "equity": 554693,
            "current_ratio": 151.45,
            "debt_ratio": 46.02,
            "inventory_turnover_ratio": 1.13,
            "account_receivable_turnover_ratio": null,
            "reinvestment_rate": -63.94,
            "research_to_sale_ratio": null,
            "price_fair": 25.76,
            "eps_avg_yearly": 0.74,
            "eps_latest_yearly": 0.8,
            "eps_growth_yearly": 149.31
        },
        "20041": {
            "year_quarter": 20041,
            "year": 2004,
            "quarter": 1,
            "eps": -0.01,
            "eps_growth_year": null,
            "eps_4q": 0.58,
            "eps_4q_growth_year": 246.55,
            "roe": -0.05,
            "roe_4q": 2.9899999999999998,
            "gross_profit": 20946,
            "gross_margin": 13.88,
            "gross_margin_4q_avg": 15.11,
            "net_income": -284,
            "revenue": 150902,
            "common_shares": 425509,
            "book_valuer_per_share": 12.96,
            "book_valuer_per_share_4q_avg": 12.95,
            "equity": 551368,
            "current_ratio": 150.57,
            "debt_ratio": 41.37,
            "inventory_turnover_ratio": 0.87,
            "account_receivable_turnover_ratio": null,
            "reinvestment_rate": -68.01,
            "research_to_sale_ratio": null,
            "price_fair": 25.76,
            "eps_avg_yearly": 0.74,
            "eps_latest_yearly": 0.8,
            "eps_growth_yearly": 149.31
        },
        "20042": {
            "year_quarter": 20042,
            "year": 2004,
            "quarter": 2,
            "eps": 0.09,
            "eps_growth_year": -18.18,
            "eps_4q": 0.37,
            "eps_4q_growth_year": null,
            "roe": 0.69,
            "roe_4q": 2.8,
            "gross_profit": 32938,
            "gross_margin": 16.09,
            "gross_margin_4q_avg": 15.53,
            "net_income": 3795,
            "revenue": 204655,
            "common_shares": 425509,
            "book_valuer_per_share": 12.8,
            "book_valuer_per_share_4q_avg": 12.93,
            "equity": 544796,
            "current_ratio": 135.99,
            "debt_ratio": 46.95,
            "inventory_turnover_ratio": 1.05,
            "account_receivable_turnover_ratio": null,
            "reinvestment_rate": -89.68,
            "research_to_sale_ratio": null,
            "price_fair": 25.76,
            "eps_avg_yearly": 0.74,
            "eps_latest_yearly": 0.8,
            "eps_growth_yearly": 149.31
        },
        "20043": {
            "year_quarter": 20043,
            "year": 2004,
            "quarter": 3,
            "eps": 0.25,
            "eps_growth_year": 212.5,
            "eps_4q": 0.54,
            "eps_4q_growth_year": null,
            "roe": 1.92,
            "roe_4q": 4.13,
            "gross_profit": 31430,
            "gross_margin": 14.93,
            "gross_margin_4q_avg": 15.61,
            "net_income": 10565,
            "revenue": 210468,
            "common_shares": 425509,
            "book_valuer_per_share": 13.06,
            "book_valuer_per_share_4q_avg": 12.95,
            "equity": 555593,
            "current_ratio": 141.19,
            "debt_ratio": 44.64,
            "inventory_turnover_ratio": 0.96,
            "account_receivable_turnover_ratio": null,
            "reinvestment_rate": -74.59,
            "research_to_sale_ratio": null,
            "price_fair": 27.3,
            "eps_avg_yearly": 0.78,
            "eps_latest_yearly": 1,
            "eps_growth_yearly": 242.94
        },
        "20044": {
            "year_quarter": 20044,
            "year": 2004,
            "quarter": 4,
            "eps": -0.16,
            "eps_growth_year": -180,
            "eps_4q": 0.17,
            "eps_4q_growth_year": -56.45,
            "roe": -1.22,
            "roe_4q": 1.3399999999999999,
            "gross_profit": 29278,
            "gross_margin": 13.46,
            "gross_margin_4q_avg": 14.59,
            "net_income": -6722,
            "revenue": 217518,
            "common_shares": 425509,
            "book_valuer_per_share": 12.81,
            "book_valuer_per_share_4q_avg": 12.91,
            "equity": 546289,
            "current_ratio": 135.16,
            "debt_ratio": 50.76,
            "inventory_turnover_ratio": 0.9,
            "account_receivable_turnover_ratio": null,
            "reinvestment_rate": -64.14,
            "research_to_sale_ratio": null,
            "price_fair": 27.3,
            "eps_avg_yearly": 0.78,
            "eps_latest_yearly": 1,
            "eps_growth_yearly": 242.94
        },
        "20051": {
            "year_quarter": 20051,
            "year": 2005,
            "quarter": 1,
            "eps": 0.2,
            "eps_growth_year": null,
            "eps_4q": 0.38,
            "eps_4q_growth_year": -35.49,
            "roe": 1.58,
            "roe_4q": 2.97,
            "gross_profit": 26327,
            "gross_margin": 13.58,
            "gross_margin_4q_avg": 14.52,
            "net_income": 8714,
            "revenue": 193852,
            "common_shares": 425509,
            "book_valuer_per_share": 13.16,
            "book_valuer_per_share_4q_avg": 12.96,
            "equity": 560065,
            "current_ratio": 133.27,
            "debt_ratio": 43.19,
            "inventory_turnover_ratio": 0.79,
            "account_receivable_turnover_ratio": null,
            "reinvestment_rate": -3.04,
            "research_to_sale_ratio": null,
            "price_fair": 27.3,
            "eps_avg_yearly": 0.78,
            "eps_latest_yearly": 1,
            "eps_growth_yearly": 242.94
        },
        "20052": {
            "year_quarter": 20052,
            "year": 2005,
            "quarter": 2,
            "eps": 0.13,
            "eps_growth_year": 44.44,
            "eps_4q": 0.42,
            "eps_4q_growth_year": 15.5,
            "roe": 0.99,
            "roe_4q": 3.2700000000000005,
            "gross_profit": 36193,
            "gross_margin": 14.7,
            "gross_margin_4q_avg": 14.17,
            "net_income": 5571,
            "revenue": 246178,
            "common_shares": 425509,
            "book_valuer_per_share": 13.29,
            "book_valuer_per_share_4q_avg": 13.08,
            "equity": 565653,
            "current_ratio": 134.73,
            "debt_ratio": 42.47,
            "inventory_turnover_ratio": 1.15,
            "account_receivable_turnover_ratio": null,
            "reinvestment_rate": 20.98,
            "research_to_sale_ratio": null,
            "price_fair": 26,
            "eps_avg_yearly": 0.74,
            "eps_latest_yearly": 0.52,
            "eps_growth_yearly": 188.24
        },
        "20053": {
            "year_quarter": 20053,
            "year": 2005,
            "quarter": 3,
            "eps": 0.13,
            "eps_growth_year": -48,
            "eps_4q": 0.29,
            "eps_4q_growth_year": -45.49,
            "roe": 1.05,
            "roe_4q": 2.4000000000000004,
            "gross_profit": 23400,
            "gross_margin": 12.37,
            "gross_margin_4q_avg": 13.53,
            "net_income": 6005,
            "revenue": 189101,
            "common_shares": 446784,
            "book_valuer_per_share": 12.83,
            "book_valuer_per_share_4q_avg": 13.02,
            "equity": 573338,
            "current_ratio": 132.29,
            "debt_ratio": 40.51,
            "inventory_turnover_ratio": 0.97,
            "account_receivable_turnover_ratio": null,
            "reinvestment_rate": 71.61,
            "research_to_sale_ratio": null,
            "price_fair": 25.03,
            "eps_avg_yearly": 0.72,
            "eps_latest_yearly": 0.52,
            "eps_growth_yearly": 164.71
        },
        "20054": {
            "year_quarter": 20054,
            "year": 2005,
            "quarter": 4,
            "eps": 0.28,
            "eps_growth_year": null,
            "eps_4q": 0.74,
            "eps_4q_growth_year": 337.37,
            "roe": 2.12,
            "roe_4q": 5.74,
            "gross_profit": 30090,
            "gross_margin": 12.74,
            "gross_margin_4q_avg": 13.35,
            "net_income": 12326,
            "revenue": 236248,
            "common_shares": 446784,
            "book_valuer_per_share": 13.21,
            "book_valuer_per_share_4q_avg": 13.12,
            "equity": 591491,
            "current_ratio": 141.18,
            "debt_ratio": 47.72,
            "inventory_turnover_ratio": 1.11,
            "account_receivable_turnover_ratio": null,
            "reinvestment_rate": 109.76,
            "research_to_sale_ratio": null,
            "price_fair": 26.6,
            "eps_avg_yearly": 0.76,
            "eps_latest_yearly": 1.12,
            "eps_growth_yearly": 197.69
        },
        "20061": {
            "year_quarter": 20061,
            "year": 2006,
            "quarter": 1,
            "eps": 0.25,
            "eps_growth_year": 25,
            "eps_4q": 0.79,
            "eps_4q_growth_year": 109.77,
            "roe": 1.87,
            "roe_4q": 6.03,
            "gross_profit": 31394,
            "gross_margin": 11.73,
            "gross_margin_4q_avg": 12.89,
            "net_income": 11122,
            "revenue": 267611,
            "common_shares": 446784,
            "book_valuer_per_share": 13.45,
            "book_valuer_per_share_4q_avg": 13.2,
            "equity": 601043,
            "current_ratio": 135.57,
            "debt_ratio": 47.4,
            "inventory_turnover_ratio": 0.99,
            "account_receivable_turnover_ratio": null,
            "reinvestment_rate": 92.13,
            "research_to_sale_ratio": null,
            "price_fair": 27.84,
            "eps_avg_yearly": 0.8,
            "eps_latest_yearly": 1,
            "eps_growth_yearly": 179.25
        },
        "20062": {
            "year_quarter": 20062,
            "year": 2006,
            "quarter": 2,
            "eps": 0.13,
            "eps_growth_year": 0,
            "eps_4q": 0.77,
            "eps_4q_growth_year": 81.06,
            "roe": 1,
            "roe_4q": 6.04,
            "gross_profit": 35504,
            "gross_margin": 12.62,
            "gross_margin_4q_avg": 12.37,
            "net_income": 6021,
            "revenue": 281287,
            "common_shares": 446784,
            "book_valuer_per_share": 13.57,
            "book_valuer_per_share_4q_avg": 13.27,
            "equity": 606442,
            "current_ratio": 133.69,
            "debt_ratio": 48.59,
            "inventory_turnover_ratio": 0.81,
            "account_receivable_turnover_ratio": null,
            "reinvestment_rate": 93.78,
            "research_to_sale_ratio": null,
            "price_fair": 25.2,
            "eps_avg_yearly": 0.72,
            "eps_latest_yearly": 0.52,
            "eps_growth_yearly": 123.93
        },
        "20063": {
            "year_quarter": 20063,
            "year": 2006,
            "quarter": 3,
            "eps": 0.23,
            "eps_growth_year": 76.92,
            "eps_4q": 0.86,
            "eps_4q_growth_year": 191.88,
            "roe": 1.76,
            "roe_4q": 6.75,
            "gross_profit": 30840,
            "gross_margin": 10.77,
            "gross_margin_4q_avg": 11.97,
            "net_income": 10804,
            "revenue": 286334,
            "common_shares": 473591,
            "book_valuer_per_share": 13.05,
            "book_valuer_per_share_4q_avg": 13.32,
            "equity": 617832,
            "current_ratio": 128.51,
            "debt_ratio": 50.63,
            "inventory_turnover_ratio": 0.74,
            "account_receivable_turnover_ratio": null,
            "reinvestment_rate": 92.63,
            "research_to_sale_ratio": null,
            "price_fair": 26.13,
            "eps_avg_yearly": 0.75,
            "eps_latest_yearly": 0.92,
            "eps_growth_yearly": 177.38
        },
        "20064": {
            "year_quarter": 20064,
            "year": 2006,
            "quarter": 4,
            "eps": -0.02,
            "eps_growth_year": -107.14,
            "eps_4q": 0.55,
            "eps_4q_growth_year": -25.16,
            "roe": -0.16,
            "roe_4q": 4.470000000000001,
            "gross_profit": 20103,
            "gross_margin": 7.37,
            "gross_margin_4q_avg": 10.62,
            "net_income": -1085,
            "revenue": 272842,
            "common_shares": 553591,
            "book_valuer_per_share": 12.7,
            "book_valuer_per_share_4q_avg": 13.19,
            "equity": 704130,
            "current_ratio": 158.47,
            "debt_ratio": 43.18,
            "inventory_turnover_ratio": 0.76,
            "account_receivable_turnover_ratio": null,
            "reinvestment_rate": 74.2,
            "research_to_sale_ratio": null,
            "price_fair": 26.13,
            "eps_avg_yearly": 0.75,
            "eps_latest_yearly": 0.92,
            "eps_growth_yearly": 177.38
        },
        "20071": {
            "year_quarter": 20071,
            "year": 2007,
            "quarter": 1,
            "eps": -0.01,
            "eps_growth_year": -104,
            "eps_4q": 0.22,
            "eps_4q_growth_year": -71.95,
            "roe": -0.1,
            "roe_4q": 2.5,
            "gross_profit": 14402,
            "gross_margin": 5.76,
            "gross_margin_4q_avg": 9.13,
            "net_income": -682,
            "revenue": 249934,
            "common_shares": 553591,
            "book_valuer_per_share": 12.7,
            "book_valuer_per_share_4q_avg": 13.01,
            "equity": 702802,
            "current_ratio": 148.34,
            "debt_ratio": 42.57,
            "inventory_turnover_ratio": 0.88,
            "account_receivable_turnover_ratio": null,
            "reinvestment_rate": 86.93,
            "research_to_sale_ratio": null,
            "price_fair": 26.13,
            "eps_avg_yearly": 0.75,
            "eps_latest_yearly": 0.92,
            "eps_growth_yearly": 177.38
        },
        "20072": {
            "year_quarter": 20072,
            "year": 2007,
            "quarter": 2,
            "eps": 0.04,
            "eps_growth_year": -69.23,
            "eps_4q": 0.22,
            "eps_4q_growth_year": -71.45,
            "roe": 0.29,
            "roe_4q": 1.79,
            "gross_profit": 22977,
            "gross_margin": 8.76,
            "gross_margin_4q_avg": 8.17,
            "net_income": 2023,
            "revenue": 262283,
            "common_shares": 553591,
            "book_valuer_per_share": 12.34,
            "book_valuer_per_share_4q_avg": 12.7,
            "equity": 683121,
            "current_ratio": 150.54,
            "debt_ratio": 41.48,
            "inventory_turnover_ratio": 1.06,
            "account_receivable_turnover_ratio": null,
            "reinvestment_rate": 85.58,
            "research_to_sale_ratio": null,
            "price_fair": 26.13,
            "eps_avg_yearly": 0.75,
            "eps_latest_yearly": 0.92,
            "eps_growth_yearly": 177.38
        },
        "20073": {
            "year_quarter": 20073,
            "year": 2007,
            "quarter": 3,
            "eps": 0.08,
            "eps_growth_year": -65.22,
            "eps_4q": 0.08,
            "eps_4q_growth_year": -90.14,
            "roe": 0.66,
            "roe_4q": 0.69,
            "gross_profit": 22212,
            "gross_margin": 7.41,
            "gross_margin_4q_avg": 7.33,
            "net_income": 4548,
            "revenue": 299791,
            "common_shares": 553591,
            "book_valuer_per_share": 12.42,
            "book_valuer_per_share_4q_avg": 12.54,
            "equity": 687390,
            "current_ratio": 152.09,
            "debt_ratio": 40.38,
            "inventory_turnover_ratio": 1.26,
            "account_receivable_turnover_ratio": null,
            "reinvestment_rate": 103.39,
            "research_to_sale_ratio": null,
            "price_fair": 26.13,
            "eps_avg_yearly": 0.75,
            "eps_latest_yearly": 0.32,
            "eps_growth_yearly": 233.94
        },
        "20074": {
            "year_quarter": 20074,
            "year": 2007,
            "quarter": 4,
            "eps": 0.23,
            "eps_growth_year": null,
            "eps_4q": 0.33,
            "eps_4q_growth_year": -39.7,
            "roe": 1.88,
            "roe_4q": 2.73,
            "gross_profit": 39257,
            "gross_margin": 10.17,
            "gross_margin_4q_avg": 8.03,
            "net_income": 12980,
            "revenue": 386177,
            "common_shares": 553591,
            "book_valuer_per_share": 12.53,
            "book_valuer_per_share_4q_avg": 12.5,
            "equity": 694634,
            "current_ratio": 145.8,
            "debt_ratio": 48.27,
            "inventory_turnover_ratio": 1.11,
            "account_receivable_turnover_ratio": null,
            "reinvestment_rate": 59.21,
            "research_to_sale_ratio": null,
            "price_fair": 26.6,
            "eps_avg_yearly": 0.76,
            "eps_latest_yearly": 0.92,
            "eps_growth_yearly": 250.61
        },
        "20081": {
            "year_quarter": 20081,
            "year": 2008,
            "quarter": 1,
            "eps": 0.37,
            "eps_growth_year": null,
            "eps_4q": 0.73,
            "eps_4q_growth_year": 228.79,
            "roe": 2.89,
            "roe_4q": 5.72,
            "gross_profit": 50901,
            "gross_margin": 14.98,
            "gross_margin_4q_avg": 10.33,
            "net_income": 20335,
            "revenue": 339711,
            "common_shares": 553591,
            "book_valuer_per_share": 12.86,
            "book_valuer_per_share_4q_avg": 12.54,
            "equity": 712480,
            "current_ratio": 142.24,
            "debt_ratio": 48.27,
            "inventory_turnover_ratio": 0.69,
            "account_receivable_turnover_ratio": null,
            "reinvestment_rate": 79.72,
            "research_to_sale_ratio": null,
            "price_fair": 29.12,
            "eps_avg_yearly": 0.83,
            "eps_latest_yearly": 1.48,
            "eps_growth_yearly": 249.9
        },
        "20082": {
            "year_quarter": 20082,
            "year": 2008,
            "quarter": 2,
            "eps": 0.69,
            "eps_growth_year": 1625,
            "eps_4q": 1.39,
            "eps_4q_growth_year": 534.53,
            "roe": 5.16,
            "roe_4q": 10.59,
            "gross_profit": 81034,
            "gross_margin": 17.78,
            "gross_margin_4q_avg": 12.59,
            "net_income": 37717,
            "revenue": 455784,
            "common_shares": 553591,
            "book_valuer_per_share": 13.55,
            "book_valuer_per_share_4q_avg": 12.84,
            "equity": 750132,
            "current_ratio": 141.7,
            "debt_ratio": 51.55,
            "inventory_turnover_ratio": 0.8,
            "account_receivable_turnover_ratio": null,
            "reinvestment_rate": 81.18,
            "research_to_sale_ratio": null,
            "price_fair": 35.25,
            "eps_avg_yearly": 1.01,
            "eps_latest_yearly": 2.76,
            "eps_growth_yearly": 258.63
        },
        "20083": {
            "year_quarter": 20083,
            "year": 2008,
            "quarter": 3,
            "eps": 0.37,
            "eps_growth_year": 362.5,
            "eps_4q": 1.59,
            "eps_4q_growth_year": 1780.77,
            "roe": 2.84,
            "roe_4q": 12.77,
            "gross_profit": 56169,
            "gross_margin": 14.51,
            "gross_margin_4q_avg": 14.36,
            "net_income": 21637,
            "revenue": 386998,
            "common_shares": 581270,
            "book_valuer_per_share": 13.34,
            "book_valuer_per_share_4q_avg": 13.07,
            "equity": 775462,
            "current_ratio": 138.93,
            "debt_ratio": 51.91,
            "inventory_turnover_ratio": 0.64,
            "account_receivable_turnover_ratio": null,
            "reinvestment_rate": 122.89,
            "research_to_sale_ratio": null,
            "price_fair": 36.78,
            "eps_avg_yearly": 1.05,
            "eps_latest_yearly": 1.48,
            "eps_growth_yearly": 177.12
        },
        "20084": {
            "year_quarter": 20084,
            "year": 2008,
            "quarter": 4,
            "eps": -1.24,
            "eps_growth_year": -639.13,
            "eps_4q": 0.13,
            "eps_4q_growth_year": -60.58,
            "roe": -9.66,
            "roe_4q": 1.23,
            "gross_profit": -63189,
            "gross_margin": -26.21,
            "gross_margin_4q_avg": 5.27,
            "net_income": -71962,
            "revenue": 241067,
            "common_shares": 581271,
            "book_valuer_per_share": 12.28,
            "book_valuer_per_share_4q_avg": 13.01,
            "equity": 713906,
            "current_ratio": 146.6,
            "debt_ratio": 46.94,
            "inventory_turnover_ratio": 0.68,
            "account_receivable_turnover_ratio": 2.41,
            "reinvestment_rate": 189.49,
            "research_to_sale_ratio": null,
            "price_fair": 36.78,
            "eps_avg_yearly": 1.05,
            "eps_latest_yearly": 1.48,
            "eps_growth_yearly": 177.12
        },
        "20091": {
            "year_quarter": 20091,
            "year": 2009,
            "quarter": 1,
            "eps": -0.31,
            "eps_growth_year": -183.78,
            "eps_4q": -0.52,
            "eps_4q_growth_year": -172.12,
            "roe": -2.54,
            "roe_4q": -4.199999999999999,
            "gross_profit": -5349,
            "gross_margin": -3.24,
            "gross_margin_4q_avg": 0.71,
            "net_income": -17922,
            "revenue": 165043,
            "common_shares": 581271,
            "book_valuer_per_share": 12,
            "book_valuer_per_share_4q_avg": 12.79,
            "equity": 697631,
            "current_ratio": 150.32,
            "debt_ratio": 43.47,
            "inventory_turnover_ratio": 0.54,
            "account_receivable_turnover_ratio": 0.92,
            "reinvestment_rate": 217.9,
            "research_to_sale_ratio": null,
            "price_fair": 36.78,
            "eps_avg_yearly": 1.05,
            "eps_latest_yearly": 1.48,
            "eps_growth_yearly": 177.12
        },
        "20092": {
            "year_quarter": 20092,
            "year": 2009,
            "quarter": 2,
            "eps": -0.02,
            "eps_growth_year": -102.9,
            "eps_4q": -1.2,
            "eps_4q_growth_year": -186.44,
            "roe": -0.19,
            "roe_4q": -9.55,
            "gross_profit": 29895,
            "gross_margin": 16.39,
            "gross_margin_4q_avg": 0.36,
            "net_income": -1345,
            "revenue": 182381,
            "common_shares": 581271,
            "book_valuer_per_share": 11.95,
            "book_valuer_per_share_4q_avg": 12.39,
            "equity": 694667,
            "current_ratio": 148.09,
            "debt_ratio": 43.09,
            "inventory_turnover_ratio": 0.55,
            "account_receivable_turnover_ratio": 1.05,
            "reinvestment_rate": 224.3,
            "research_to_sale_ratio": null,
            "price_fair": 38.64,
            "eps_avg_yearly": 1.1,
            "eps_latest_yearly": 1.48,
            "eps_growth_yearly": 208.83
        },
        "20093": {
            "year_quarter": 20093,
            "year": 2009,
            "quarter": 3,
            "eps": 0.14,
            "eps_growth_year": -62.16,
            "eps_4q": -1.42,
            "eps_4q_growth_year": -189.05,
            "roe": 1.18,
            "roe_4q": -11.21,
            "gross_profit": 31887,
            "gross_margin": 14.3,
            "gross_margin_4q_avg": 0.31,
            "net_income": 8224,
            "revenue": 223026,
            "common_shares": 581270,
            "book_valuer_per_share": 12.07,
            "book_valuer_per_share_4q_avg": 12.08,
            "equity": 702171,
            "current_ratio": 153.2,
            "debt_ratio": 43.19,
            "inventory_turnover_ratio": 0.72,
            "account_receivable_turnover_ratio": 1.05,
            "reinvestment_rate": 153.72,
            "research_to_sale_ratio": null,
            "price_fair": 40.91,
            "eps_avg_yearly": 1.17,
            "eps_latest_yearly": 1.48,
            "eps_growth_yearly": 232.03
        },
        "20094": {
            "year_quarter": 20094,
            "year": 2009,
            "quarter": 4,
            "eps": 0.09,
            "eps_growth_year": null,
            "eps_4q": -0.1,
            "eps_4q_growth_year": -174.91,
            "roe": 0.79,
            "roe_4q": -0.76,
            "gross_profit": 26201,
            "gross_margin": 9.92,
            "gross_margin_4q_avg": 9.34,
            "net_income": 5546,
            "revenue": 264057,
            "common_shares": 581271,
            "book_valuer_per_share": 11.93,
            "book_valuer_per_share_4q_avg": 11.99,
            "equity": 694570,
            "current_ratio": 152.24,
            "debt_ratio": 43.75,
            "inventory_turnover_ratio": 0.92,
            "account_receivable_turnover_ratio": 2.16,
            "reinvestment_rate": 435.32,
            "research_to_sale_ratio": null,
            "price_fair": 37.96,
            "eps_avg_yearly": 1.08,
            "eps_latest_yearly": 0.36,
            "eps_growth_yearly": 164.88
        },
        "20101": {
            "year_quarter": 20101,
            "year": 2010,
            "quarter": 1,
            "eps": 0.23,
            "eps_growth_year": null,
            "eps_4q": 0.44,
            "eps_4q_growth_year": null,
            "roe": 1.94,
            "roe_4q": 3.72,
            "gross_profit": 36488,
            "gross_margin": 12.34,
            "gross_margin_4q_avg": 13.24,
            "net_income": 13594,
            "revenue": 295745,
            "common_shares": 581271,
            "book_valuer_per_share": 12.16,
            "book_valuer_per_share_4q_avg": 12.03,
            "equity": 707814,
            "current_ratio": 155.44,
            "debt_ratio": 44.26,
            "inventory_turnover_ratio": 1.02,
            "account_receivable_turnover_ratio": 1.06,
            "reinvestment_rate": 415.99,
            "research_to_sale_ratio": 0.48,
            "price_fair": 37.64,
            "eps_avg_yearly": 1.08,
            "eps_latest_yearly": 0.92,
            "eps_growth_yearly": 238.77
        },
        "20102": {
            "year_quarter": 20102,
            "year": 2010,
            "quarter": 2,
            "eps": 0.3,
            "eps_growth_year": null,
            "eps_4q": 0.77,
            "eps_4q_growth_year": null,
            "roe": 2.45,
            "roe_4q": 6.36,
            "gross_profit": 45420,
            "gross_margin": 14.12,
            "gross_margin_4q_avg": 12.67,
            "net_income": 17600,
            "revenue": 321758,
            "common_shares": 581271,
            "book_valuer_per_share": 12.48,
            "book_valuer_per_share_4q_avg": 12.16,
            "equity": 726199,
            "current_ratio": 145.67,
            "debt_ratio": 48.63,
            "inventory_turnover_ratio": 0.9,
            "account_receivable_turnover_ratio": 1.02,
            "reinvestment_rate": 342.87,
            "research_to_sale_ratio": 0.48,
            "price_fair": 40.29,
            "eps_avg_yearly": 1.15,
            "eps_latest_yearly": 1.2,
            "eps_growth_yearly": 273.63
        },
        "20103": {
            "year_quarter": 20103,
            "year": 2010,
            "quarter": 3,
            "eps": 0.29,
            "eps_growth_year": 110.57,
            "eps_4q": 0.92,
            "eps_4q_growth_year": null,
            "roe": 2.34,
            "roe_4q": 7.5200000000000005,
            "gross_profit": 40862,
            "gross_margin": 12.32,
            "gross_margin_4q_avg": 12.18,
            "net_income": 17162,
            "revenue": 331576,
            "common_shares": 581271,
            "book_valuer_per_share": 12.74,
            "book_valuer_per_share_4q_avg": 12.33,
            "equity": 741727,
            "current_ratio": 156.07,
            "debt_ratio": 46.1,
            "inventory_turnover_ratio": 0.86,
            "account_receivable_turnover_ratio": 0.99,
            "reinvestment_rate": 296.97,
            "research_to_sale_ratio": 0.46,
            "price_fair": 41.22,
            "eps_avg_yearly": 1.18,
            "eps_latest_yearly": 1.16,
            "eps_growth_yearly": 237.97
        },
        "20104": {
            "year_quarter": 20104,
            "year": 2010,
            "quarter": 4,
            "eps": 0.54,
            "eps_growth_year": 505.51,
            "eps_4q": 1.38,
            "eps_4q_growth_year": null,
            "roe": 4.22,
            "roe_4q": 10.95,
            "gross_profit": 48710,
            "gross_margin": 13.72,
            "gross_margin_4q_avg": 13.13,
            "net_income": 31856,
            "revenue": 354901,
            "common_shares": 581271,
            "book_valuer_per_share": 13.18,
            "book_valuer_per_share_4q_avg": 12.64,
            "equity": 767221,
            "current_ratio": 165.36,
            "debt_ratio": 45.09,
            "inventory_turnover_ratio": 0.92,
            "account_receivable_turnover_ratio": 1.04,
            "reinvestment_rate": 200.29,
            "research_to_sale_ratio": 0.52,
            "price_fair": 44.66,
            "eps_avg_yearly": 1.28,
            "eps_latest_yearly": 2.16,
            "eps_growth_yearly": 248.65
        },
        "20111": {
            "year_quarter": 20111,
            "year": 2011,
            "quarter": 1,
            "eps": 0.67,
            "eps_growth_year": 191.3,
            "eps_4q": 1.82,
            "eps_4q_growth_year": 310.12,
            "roe": 4.98,
            "roe_4q": 13.989999999999998,
            "gross_profit": 68778,
            "gross_margin": 16.77,
            "gross_margin_4q_avg": 14.23,
            "net_income": 39172,
            "revenue": 410093,
            "common_shares": 581271,
            "book_valuer_per_share": 13.86,
            "book_valuer_per_share_4q_avg": 13.07,
            "equity": 806859,
            "current_ratio": 155.46,
            "debt_ratio": 49.75,
            "inventory_turnover_ratio": 0.74,
            "account_receivable_turnover_ratio": 1.21,
            "reinvestment_rate": 141.52,
            "research_to_sale_ratio": 0.37,
            "price_fair": 49.13,
            "eps_avg_yearly": 1.4,
            "eps_latest_yearly": 2.68,
            "eps_growth_yearly": 234.8
        },
        "20112": {
            "year_quarter": 20112,
            "year": 2011,
            "quarter": 2,
            "eps": 0.81,
            "eps_growth_year": 168.22,
            "eps_4q": 2.25,
            "eps_4q_growth_year": 193.26,
            "roe": 6.09,
            "roe_4q": 17.63,
            "gross_profit": 78782,
            "gross_margin": 15.96,
            "gross_margin_4q_avg": 14.69,
            "net_income": 49735,
            "revenue": 493775,
            "common_shares": 581271,
            "book_valuer_per_share": 14.2,
            "book_valuer_per_share_4q_avg": 13.5,
            "equity": 826374,
            "current_ratio": 163.53,
            "debt_ratio": 47.7,
            "inventory_turnover_ratio": 0.79,
            "account_receivable_turnover_ratio": 1.37,
            "reinvestment_rate": 106.69,
            "research_to_sale_ratio": 0.31,
            "price_fair": 54.48,
            "eps_avg_yearly": 1.56,
            "eps_latest_yearly": 3.24,
            "eps_growth_yearly": 222.2
        },
        "20113": {
            "year_quarter": 20113,
            "year": 2011,
            "quarter": 3,
            "eps": 0.6,
            "eps_growth_year": 104.27,
            "eps_4q": 2.58,
            "eps_4q_growth_year": 179.35,
            "roe": 4.35,
            "roe_4q": 19.64,
            "gross_profit": 65948,
            "gross_margin": 13.51,
            "gross_margin_4q_avg": 14.99,
            "net_income": 36813,
            "revenue": 488285,
            "common_shares": 610334,
            "book_valuer_per_share": 14.17,
            "book_valuer_per_share_4q_avg": 13.85,
            "equity": 866214,
            "current_ratio": 161.99,
            "debt_ratio": 48.95,
            "inventory_turnover_ratio": 0.81,
            "account_receivable_turnover_ratio": 1.25,
            "reinvestment_rate": 87.8,
            "research_to_sale_ratio": 0.31,
            "price_fair": 60.55,
            "eps_avg_yearly": 1.73,
            "eps_latest_yearly": 2.4,
            "eps_growth_yearly": 180.22
        },
        "20114": {
            "year_quarter": 20114,
            "year": 2011,
            "quarter": 4,
            "eps": -0.4,
            "eps_growth_year": -173.1,
            "eps_4q": 1.66,
            "eps_4q_growth_year": 20.5,
            "roe": -2.83,
            "roe_4q": 12.59,
            "gross_profit": -14763,
            "gross_margin": -3.4,
            "gross_margin_4q_avg": 10.71,
            "net_income": -24115,
            "revenue": 434200,
            "common_shares": 610334,
            "book_valuer_per_share": 13.73,
            "book_valuer_per_share_4q_avg": 13.99,
            "equity": 839184,
            "current_ratio": 181.57,
            "debt_ratio": 42.77,
            "inventory_turnover_ratio": 0.97,
            "account_receivable_turnover_ratio": 1.09,
            "reinvestment_rate": 120.41,
            "research_to_sale_ratio": 0.38,
            "price_fair": 63.13,
            "eps_avg_yearly": 1.8,
            "eps_latest_yearly": 2.4,
            "eps_growth_yearly": 128.43
        },
        "20121": {
            "year_quarter": 20121,
            "year": 2012,
            "quarter": 1,
            "eps": 0.49,
            "eps_growth_year": -26.87,
            "eps_4q": 1.51,
            "eps_4q_growth_year": -16.86,
            "roe": 3.53,
            "roe_4q": 11.139999999999999,
            "gross_profit": 55539,
            "gross_margin": 15.74,
            "gross_margin_4q_avg": 10.45,
            "net_income": 30108,
            "revenue": 352844,
            "common_shares": 610334,
            "book_valuer_per_share": 14.2,
            "book_valuer_per_share_4q_avg": 14.08,
            "equity": 868433,
            "current_ratio": 181.71,
            "debt_ratio": 43.18,
            "inventory_turnover_ratio": 0.69,
            "account_receivable_turnover_ratio": 0.96,
            "reinvestment_rate": 89.78,
            "research_to_sale_ratio": 0.37,
            "price_fair": 64.26,
            "eps_avg_yearly": 1.84,
            "eps_latest_yearly": 2.4,
            "eps_growth_yearly": 116.92
        },
        "20122": {
            "year_quarter": 20122,
            "year": 2012,
            "quarter": 2,
            "eps": 0.26,
            "eps_growth_year": -68.37,
            "eps_4q": 0.92,
            "eps_4q_growth_year": -59.17,
            "roe": 1.93,
            "roe_4q": 6.9799999999999995,
            "gross_profit": 34620,
            "gross_margin": 9.2,
            "gross_margin_4q_avg": 8.76,
            "net_income": 16529,
            "revenue": 376168,
            "common_shares": 610334,
            "book_valuer_per_share": 13.79,
            "book_valuer_per_share_4q_avg": 13.97,
            "equity": 842879,
            "current_ratio": 170.64,
            "debt_ratio": 45.53,
            "inventory_turnover_ratio": 0.69,
            "account_receivable_turnover_ratio": 1.05,
            "reinvestment_rate": 83.3,
            "research_to_sale_ratio": 0.4,
            "price_fair": 58.24,
            "eps_avg_yearly": 1.66,
            "eps_latest_yearly": 1.04,
            "eps_growth_yearly": 63.55
        },
        "20123": {
            "year_quarter": 20123,
            "year": 2012,
            "quarter": 3,
            "eps": -0.06,
            "eps_growth_year": -109.47,
            "eps_4q": 0.29,
            "eps_4q_growth_year": -88.74,
            "roe": -0.43,
            "roe_4q": 2.1999999999999993,
            "gross_profit": 6378,
            "gross_margin": 1.82,
            "gross_margin_4q_avg": 5.84,
            "net_income": -3639,
            "revenue": 350807,
            "common_shares": 640851,
            "book_valuer_per_share": 13.06,
            "book_valuer_per_share_4q_avg": 13.7,
            "equity": 838227,
            "current_ratio": 173.46,
            "debt_ratio": 44.42,
            "inventory_turnover_ratio": 0.68,
            "account_receivable_turnover_ratio": 1.02,
            "reinvestment_rate": 42.63,
            "research_to_sale_ratio": 0.45,
            "price_fair": 58.96,
            "eps_avg_yearly": 1.68,
            "eps_latest_yearly": 1.04,
            "eps_growth_yearly": 91.22
        },
        "20124": {
            "year_quarter": 20124,
            "year": 2012,
            "quarter": 4,
            "eps": 0.31,
            "eps_growth_year": null,
            "eps_4q": 0.98,
            "eps_4q_growth_year": -40.92,
            "roe": 2.35,
            "roe_4q": 7.38,
            "gross_profit": 39601,
            "gross_margin": 10.99,
            "gross_margin_4q_avg": 9.44,
            "net_income": 19862,
            "revenue": 360321,
            "common_shares": 640851,
            "book_valuer_per_share": 13.32,
            "book_valuer_per_share_4q_avg": 13.59,
            "equity": 854849,
            "current_ratio": 170.95,
            "debt_ratio": 40.97,
            "inventory_turnover_ratio": 0.65,
            "account_receivable_turnover_ratio": 1.09,
            "reinvestment_rate": 28.19,
            "research_to_sale_ratio": 0.47,
            "price_fair": 58.96,
            "eps_avg_yearly": 1.68,
            "eps_latest_yearly": 1.04,
            "eps_growth_yearly": 91.22
        },
        "20131": {
            "year_quarter": 20131,
            "year": 2013,
            "quarter": 1,
            "eps": 0.09,
            "eps_growth_year": -81.63,
            "eps_4q": 0.6,
            "eps_4q_growth_year": -60.27,
            "roe": 0.67,
            "roe_4q": 4.52,
            "gross_profit": 17419,
            "gross_margin": 6.38,
            "gross_margin_4q_avg": 7.1,
            "net_income": 5691,
            "revenue": 273061,
            "common_shares": 640851,
            "book_valuer_per_share": 13.29,
            "book_valuer_per_share_4q_avg": 13.37,
            "equity": 853055,
            "current_ratio": 171.7,
            "debt_ratio": 41.46,
            "inventory_turnover_ratio": 0.52,
            "account_receivable_turnover_ratio": 0.94,
            "reinvestment_rate": -11.1,
            "research_to_sale_ratio": 0.57,
            "price_fair": 54.32,
            "eps_avg_yearly": 1.55,
            "eps_latest_yearly": 0.36,
            "eps_growth_yearly": 53.71
        },
        "20132": {
            "year_quarter": 20132,
            "year": 2013,
            "quarter": 2,
            "eps": 0.15,
            "eps_growth_year": -41.72,
            "eps_4q": 0.5,
            "eps_4q_growth_year": -46.18,
            "roe": 1.17,
            "roe_4q": 3.7599999999999993,
            "gross_profit": 19562,
            "gross_margin": 7.23,
            "gross_margin_4q_avg": 6.61,
            "net_income": 9797,
            "revenue": 270672,
            "common_shares": 640851,
            "book_valuer_per_share": 12.75,
            "book_valuer_per_share_4q_avg": 13.11,
            "equity": 818543,
            "current_ratio": 157,
            "debt_ratio": 44.25,
            "inventory_turnover_ratio": 0.5,
            "account_receivable_turnover_ratio": 1.1,
            "reinvestment_rate": 0.44,
            "research_to_sale_ratio": 0.42,
            "price_fair": 51.29,
            "eps_avg_yearly": 1.47,
            "eps_latest_yearly": 0.6,
            "eps_growth_yearly": 73.07
        },
        "20133": {
            "year_quarter": 20133,
            "year": 2013,
            "quarter": 3,
            "eps": 0.21,
            "eps_growth_year": null,
            "eps_4q": 0.76,
            "eps_4q_growth_year": 161.37,
            "roe": 1.6,
            "roe_4q": 5.79,
            "gross_profit": 17456,
            "gross_margin": 6.32,
            "gross_margin_4q_avg": 7.73,
            "net_income": 13188,
            "revenue": 276113,
            "common_shares": 640851,
            "book_valuer_per_share": 12.94,
            "book_valuer_per_share_4q_avg": 13.08,
            "equity": 830764,
            "current_ratio": 161.3,
            "debt_ratio": 43.38,
            "inventory_turnover_ratio": 0.52,
            "account_receivable_turnover_ratio": 1.16,
            "reinvestment_rate": -0.62,
            "research_to_sale_ratio": 0.47,
            "price_fair": 49.47,
            "eps_avg_yearly": 1.41,
            "eps_latest_yearly": 0.84,
            "eps_growth_yearly": 80.32
        },
        "20134": {
            "year_quarter": 20134,
            "year": 2013,
            "quarter": 4,
            "eps": 0.16,
            "eps_growth_year": -48.03,
            "eps_4q": 0.61,
            "eps_4q_growth_year": -37.85,
            "roe": 1.24,
            "roe_4q": 4.68,
            "gross_profit": 19371,
            "gross_margin": 6.92,
            "gross_margin_4q_avg": 6.71,
            "net_income": 10361,
            "revenue": 280009,
            "common_shares": 640851,
            "book_valuer_per_share": 13.12,
            "book_valuer_per_share_4q_avg": 13.03,
            "equity": 842188,
            "current_ratio": 172.48,
            "debt_ratio": 40.38,
            "inventory_turnover_ratio": 0.55,
            "account_receivable_turnover_ratio": 1.18,
            "reinvestment_rate": -54.48,
            "research_to_sale_ratio": 0.41,
            "price_fair": 50.28,
            "eps_avg_yearly": 1.44,
            "eps_latest_yearly": 0.64,
            "eps_growth_yearly": 84.29
        },
        "20141": {
            "year_quarter": 20141,
            "year": 2014,
            "quarter": 1,
            "eps": 0.06,
            "eps_growth_year": -33.33,
            "eps_4q": 0.58,
            "eps_4q_growth_year": -2.56,
            "roe": 0.49,
            "roe_4q": 4.5,
            "gross_profit": 14732,
            "gross_margin": 7.44,
            "gross_margin_4q_avg": 6.98,
            "net_income": 4122,
            "revenue": 198120,
            "common_shares": 640851,
            "book_valuer_per_share": 13.21,
            "book_valuer_per_share_4q_avg": 13.01,
            "equity": 848126,
            "current_ratio": 171.86,
            "debt_ratio": 39.79,
            "inventory_turnover_ratio": 0.42,
            "account_receivable_turnover_ratio": 0.87,
            "reinvestment_rate": -52.95,
            "research_to_sale_ratio": 0.68,
            "price_fair": 29.81,
            "eps_avg_yearly": 1.38,
            "eps_latest_yearly": 0.24,
            "eps_growth_yearly": 11.6
        },
        "20142": {
            "year_quarter": 20142,
            "year": 2014,
            "quarter": 2,
            "eps": 0.24,
            "eps_growth_year": 60,
            "eps_4q": 0.67,
            "eps_4q_growth_year": 34.44,
            "roe": 1.79,
            "roe_4q": 5.120000000000001,
            "gross_profit": 28666,
            "gross_margin": 11.7,
            "gross_margin_4q_avg": 8.1,
            "net_income": 15021,
            "revenue": 244974,
            "common_shares": 640851,
            "book_valuer_per_share": 12.88,
            "book_valuer_per_share_4q_avg": 13.04,
            "equity": 826697,
            "current_ratio": 152.75,
            "debt_ratio": 42.87,
            "inventory_turnover_ratio": 0.49,
            "account_receivable_turnover_ratio": 1.12,
            "reinvestment_rate": -54.19,
            "research_to_sale_ratio": 0.46,
            "price_fair": 47.6,
            "eps_avg_yearly": 1.36,
            "eps_latest_yearly": 0.96,
            "eps_growth_yearly": 101.46
        },
        "20143": {
            "year_quarter": 20143,
            "year": 2014,
            "quarter": 3,
            "eps": 0.36,
            "eps_growth_year": 71.43,
            "eps_4q": 0.82,
            "eps_4q_growth_year": 7.81,
            "roe": 2.72,
            "roe_4q": 6.24,
            "gross_profit": 33804,
            "gross_margin": 12.61,
            "gross_margin_4q_avg": 9.67,
            "net_income": 22885,
            "revenue": 268030,
            "common_shares": 640851,
            "book_valuer_per_share": 13.29,
            "book_valuer_per_share_4q_avg": 13.13,
            "equity": 852967,
            "current_ratio": 162.86,
            "debt_ratio": 39.86,
            "inventory_turnover_ratio": 0.56,
            "account_receivable_turnover_ratio": 1.16,
            "reinvestment_rate": -46.41,
            "research_to_sale_ratio": 0.47,
            "price_fair": 48.42,
            "eps_avg_yearly": 1.38,
            "eps_latest_yearly": 1.44,
            "eps_growth_yearly": 119.23
        },
        "20144": {
            "year_quarter": 20144,
            "year": 2014,
            "quarter": 4,
            "eps": 0.28,
            "eps_growth_year": 76.25,
            "eps_4q": 0.94,
            "eps_4q_growth_year": 54.4,
            "roe": 2.12,
            "roe_4q": 7.12,
            "gross_profit": 35197,
            "gross_margin": 10.44,
            "gross_margin_4q_avg": 10.55,
            "net_income": 18241,
            "revenue": 337225,
            "common_shares": 640851,
            "book_valuer_per_share": 13.47,
            "book_valuer_per_share_4q_avg": 13.21,
            "equity": 864811,
            "current_ratio": 171.18,
            "debt_ratio": 38.41,
            "inventory_turnover_ratio": 0.85,
            "account_receivable_turnover_ratio": 1.37,
            "reinvestment_rate": -46.64,
            "research_to_sale_ratio": 0.41,
            "price_fair": 45.38,
            "eps_avg_yearly": 1.3,
            "eps_latest_yearly": 1.12,
            "eps_growth_yearly": 83.09
        },
        "20151": {
            "year_quarter": 20151,
            "year": 2015,
            "quarter": 1,
            "eps": 0.13,
            "eps_growth_year": 116.67,
            "eps_4q": 1,
            "eps_4q_growth_year": 71.32,
            "roe": 0.93,
            "roe_4q": 7.5600000000000005,
            "gross_profit": 18216,
            "gross_margin": 9.47,
            "gross_margin_4q_avg": 11.06,
            "net_income": 8045,
            "revenue": 192352,
            "common_shares": 640851,
            "book_valuer_per_share": 13.56,
            "book_valuer_per_share_4q_avg": 13.3,
            "equity": 870678,
            "current_ratio": 184.58,
            "debt_ratio": 35.17,
            "inventory_turnover_ratio": 0.53,
            "account_receivable_turnover_ratio": 0.84,
            "reinvestment_rate": -51.27,
            "research_to_sale_ratio": 0.63,
            "price_fair": 39.08,
            "eps_avg_yearly": 1.12,
            "eps_latest_yearly": 0.52,
            "eps_growth_yearly": 57.21
        },
        "20152": {
            "year_quarter": 20152,
            "year": 2015,
            "quarter": 2,
            "eps": 0.23,
            "eps_growth_year": -4.17,
            "eps_4q": 0.99,
            "eps_4q_growth_year": 49.1,
            "roe": 1.69,
            "roe_4q": 7.460000000000001,
            "gross_profit": 29340,
            "gross_margin": 16.12,
            "gross_margin_4q_avg": 12.16,
            "net_income": 14475,
            "revenue": 181991,
            "common_shares": 640851,
            "book_valuer_per_share": 13.05,
            "book_valuer_per_share_4q_avg": 13.34,
            "equity": 838114,
            "current_ratio": 175.15,
            "debt_ratio": 36.11,
            "inventory_turnover_ratio": 0.44,
            "account_receivable_turnover_ratio": 1.04,
            "reinvestment_rate": -54.18,
            "research_to_sale_ratio": 0.72,
            "price_fair": 32.32,
            "eps_avg_yearly": 0.92,
            "eps_latest_yearly": 0.92,
            "eps_growth_yearly": 75.88
        },
        "20153": {
            "year_quarter": 20153,
            "year": 2015,
            "quarter": 3,
            "eps": 0.24,
            "eps_growth_year": -33.33,
            "eps_4q": 0.88,
            "eps_4q_growth_year": 7.76,
            "roe": 1.86,
            "roe_4q": 6.6,
            "gross_profit": 31920,
            "gross_margin": 20.15,
            "gross_margin_4q_avg": 14.05,
            "net_income": 15712,
            "revenue": 158449,
            "common_shares": 640851,
            "book_valuer_per_share": 13.31,
            "book_valuer_per_share_4q_avg": 13.35,
            "equity": 854703,
            "current_ratio": 195.97,
            "debt_ratio": 31.87,
            "inventory_turnover_ratio": 0.4,
            "account_receivable_turnover_ratio": 1.03,
            "reinvestment_rate": -59.94,
            "research_to_sale_ratio": 0.75,
            "price_fair": 28.12,
            "eps_avg_yearly": 0.8,
            "eps_latest_yearly": 0.96,
            "eps_growth_yearly": 85.98
        },
        "20154": {
            "year_quarter": 20154,
            "year": 2015,
            "quarter": 4,
            "eps": 0.23,
            "eps_growth_year": -17.72,
            "eps_4q": 0.83,
            "eps_4q_growth_year": -11.69,
            "roe": 1.74,
            "roe_4q": 6.22,
            "gross_profit": 35047,
            "gross_margin": 20.82,
            "gross_margin_4q_avg": 16.64,
            "net_income": 14986,
            "revenue": 168294,
            "common_shares": 640851,
            "book_valuer_per_share": 13.51,
            "book_valuer_per_share_4q_avg": 13.36,
            "equity": 867429,
            "current_ratio": 191.65,
            "debt_ratio": 33.15,
            "inventory_turnover_ratio": 0.44,
            "account_receivable_turnover_ratio": 1.06,
            "reinvestment_rate": -49.21,
            "research_to_sale_ratio": 0.72,
            "price_fair": 28.43,
            "eps_avg_yearly": 0.81,
            "eps_latest_yearly": 0.92,
            "eps_growth_yearly": 78.08
        },
        "20161": {
            "year_quarter": 20161,
            "year": 2016,
            "quarter": 1,
            "eps": 0.1,
            "eps_growth_year": -23.08,
            "eps_4q": 0.8,
            "eps_4q_growth_year": -19.77,
            "roe": 0.72,
            "roe_4q": 6.01,
            "gross_profit": 20121,
            "gross_margin": 14.7,
            "gross_margin_4q_avg": 17.95,
            "net_income": 6295,
            "revenue": 136861,
            "common_shares": 640851,
            "book_valuer_per_share": 13.64,
            "book_valuer_per_share_4q_avg": 13.38,
            "equity": 875829,
            "current_ratio": 200.63,
            "debt_ratio": 31.77,
            "inventory_turnover_ratio": 0.39,
            "account_receivable_turnover_ratio": 0.98,
            "reinvestment_rate": -50.04,
            "research_to_sale_ratio": 0.88,
            "price_fair": 27.4,
            "eps_avg_yearly": 0.78,
            "eps_latest_yearly": 0.4,
            "eps_growth_yearly": 56.35
        },
        "20162": {
            "year_quarter": 20162,
            "year": 2016,
            "quarter": 2,
            "eps": 0.24,
            "eps_growth_year": 4.35,
            "eps_4q": 0.81,
            "eps_4q_growth_year": -18.18,
            "roe": 1.75,
            "roe_4q": 6.07,
            "gross_profit": 28601,
            "gross_margin": 18.74,
            "gross_margin_4q_avg": 18.6,
            "net_income": 15063,
            "revenue": 152600,
            "common_shares": 640851,
            "book_valuer_per_share": 13.18,
            "book_valuer_per_share_4q_avg": 13.41,
            "equity": 845942,
            "current_ratio": 183.14,
            "debt_ratio": 32.39,
            "inventory_turnover_ratio": 0.43,
            "account_receivable_turnover_ratio": 1.15,
            "reinvestment_rate": -48.97,
            "research_to_sale_ratio": 0.77,
            "price_fair": 27.2,
            "eps_avg_yearly": 0.78,
            "eps_latest_yearly": 0.96,
            "eps_growth_yearly": 109.77
        },
        "20163": {
            "year_quarter": 20163,
            "year": 2016,
            "quarter": 3,
            "eps": 0.21,
            "eps_growth_year": -12.5,
            "eps_4q": 0.78,
            "eps_4q_growth_year": -11.61,
            "roe": 1.58,
            "roe_4q": 5.79,
            "gross_profit": 26162,
            "gross_margin": 15.76,
            "gross_margin_4q_avg": 17.51,
            "net_income": 13493,
            "revenue": 166022,
            "common_shares": 640851,
            "book_valuer_per_share": 13.36,
            "book_valuer_per_share_4q_avg": 13.42,
            "equity": 857668,
            "current_ratio": 204.43,
            "debt_ratio": 29.04,
            "inventory_turnover_ratio": 0.54,
            "account_receivable_turnover_ratio": 1.1,
            "reinvestment_rate": -43.21,
            "research_to_sale_ratio": 0.76,
            "price_fair": 27.35,
            "eps_avg_yearly": 0.78,
            "eps_latest_yearly": 0.84,
            "eps_growth_yearly": 99.11
        },
        "20164": {
            "year_quarter": 20164,
            "year": 2016,
            "quarter": 4,
            "eps": 0.21,
            "eps_growth_year": -9.72,
            "eps_4q": 0.76,
            "eps_4q_growth_year": -8.98,
            "roe": 1.57,
            "roe_4q": 5.62,
            "gross_profit": 30327,
            "gross_margin": 15.09,
            "gross_margin_4q_avg": 16.07,
            "net_income": 13550,
            "revenue": 200980,
            "common_shares": 640851,
            "book_valuer_per_share": 13.57,
            "book_valuer_per_share_4q_avg": 13.44,
            "equity": 871121,
            "current_ratio": 199.35,
            "debt_ratio": 30.4,
            "inventory_turnover_ratio": 0.71,
            "account_receivable_turnover_ratio": 1.17,
            "reinvestment_rate": -38.77,
            "research_to_sale_ratio": 0.6,
            "price_fair": 27.48,
            "eps_avg_yearly": 0.79,
            "eps_latest_yearly": 0.84,
            "eps_growth_yearly": 92.92
        },
        "20171": {
            "year_quarter": 20171,
            "year": 2017,
            "quarter": 1,
            "eps": 0.27,
            "eps_growth_year": 170,
            "eps_4q": 0.92,
            "eps_4q_growth_year": 14.81,
            "roe": 1.94,
            "roe_4q": 6.84,
            "gross_profit": 30198,
            "gross_margin": 19.75,
            "gross_margin_4q_avg": 17.34,
            "net_income": 16990,
            "revenue": 152921,
            "common_shares": 640851,
            "book_valuer_per_share": 13.78,
            "book_valuer_per_share_4q_avg": 13.47,
            "equity": 884456,
            "current_ratio": 209.87,
            "debt_ratio": 28.84,
            "inventory_turnover_ratio": 0.51,
            "account_receivable_turnover_ratio": 0.94,
            "reinvestment_rate": 9.71,
            "research_to_sale_ratio": 0.79,
            "price_fair": 29.05,
            "eps_avg_yearly": 0.83,
            "eps_latest_yearly": 1.08,
            "eps_growth_yearly": 117.8
        },
        "20172": {
            "year_quarter": 20172,
            "year": 2017,
            "quarter": 2,
            "eps": 0.32,
            "eps_growth_year": 33.33,
            "eps_4q": 1,
            "eps_4q_growth_year": 23.47,
            "roe": 2.32,
            "roe_4q": 7.41,
            "gross_profit": 33621,
            "gross_margin": 21.27,
            "gross_margin_4q_avg": 17.97,
            "net_income": 20220,
            "revenue": 158071,
            "common_shares": 640851,
            "book_valuer_per_share": 13.4,
            "book_valuer_per_share_4q_avg": 13.53,
            "equity": 859998,
            "current_ratio": 198.7,
            "debt_ratio": 29.89,
            "inventory_turnover_ratio": 0.52,
            "account_receivable_turnover_ratio": 1.18,
            "reinvestment_rate": -2.73,
            "research_to_sale_ratio": 0.75,
            "price_fair": 30.54,
            "eps_avg_yearly": 0.87,
            "eps_latest_yearly": 1.28,
            "eps_growth_yearly": 105.77
        },
        "20173": {
            "year_quarter": 20173,
            "year": 2017,
            "quarter": 3,
            "eps": 0.35,
            "eps_growth_year": 66.67,
            "eps_4q": 1.14,
            "eps_4q_growth_year": 46.22,
            "roe": 2.54,
            "roe_4q": 8.37,
            "gross_profit": 33377,
            "gross_margin": 19.09,
            "gross_margin_4q_avg": 18.8,
            "net_income": 22163,
            "revenue": 174808,
            "common_shares": 640851,
            "book_valuer_per_share": 13.74,
            "book_valuer_per_share_4q_avg": 13.62,
            "equity": 882068,
            "current_ratio": 219.37,
            "debt_ratio": 27.31,
            "inventory_turnover_ratio": 0.64,
            "account_receivable_turnover_ratio": 1.25,
            "reinvestment_rate": 3.66,
            "research_to_sale_ratio": 0.74,
            "price_fair": 31.76,
            "eps_avg_yearly": 0.91,
            "eps_latest_yearly": 1.4,
            "eps_growth_yearly": 98.11
        },
        "20174": {
            "year_quarter": 20174,
            "year": 2017,
            "quarter": 4,
            "eps": 0.29,
            "eps_growth_year": 39.19,
            "eps_4q": 1.22,
            "eps_4q_growth_year": 61.57,
            "roe": 2.11,
            "roe_4q": 8.91,
            "gross_profit": 38538,
            "gross_margin": 19.25,
            "gross_margin_4q_avg": 19.84,
            "net_income": 18830,
            "revenue": 200169,
            "common_shares": 640851,
            "book_valuer_per_share": 14.04,
            "book_valuer_per_share_4q_avg": 13.74,
            "equity": 901442,
            "current_ratio": 216.03,
            "debt_ratio": 28.45,
            "inventory_turnover_ratio": 0.77,
            "account_receivable_turnover_ratio": 1.17,
            "reinvestment_rate": 0.22,
            "research_to_sale_ratio": 0.65,
            "price_fair": 32.9,
            "eps_avg_yearly": 0.94,
            "eps_latest_yearly": 1.16,
            "eps_growth_yearly": 99.78
        },
        "20181": {
            "year_quarter": 20181,
            "year": 2018,
            "quarter": 1,
            "eps": 0.28,
            "eps_growth_year": 3.7,
            "eps_4q": 1.24,
            "eps_4q_growth_year": 34.16,
            "roe": 1.87,
            "roe_4q": 8.84,
            "gross_profit": 33499,
            "gross_margin": 22.47,
            "gross_margin_4q_avg": 20.52,
            "net_income": 18015,
            "revenue": 149085,
            "common_shares": 640851,
            "book_valuer_per_share": 15.98,
            "book_valuer_per_share_4q_avg": 14.29,
            "equity": 1025739,
            "current_ratio": 223.12,
            "debt_ratio": 26.26,
            "inventory_turnover_ratio": 0.53,
            "account_receivable_turnover_ratio": 0.88,
            "reinvestment_rate": -26.22,
            "research_to_sale_ratio": 0.8,
            "price_fair": 34.83,
            "eps_avg_yearly": 1,
            "eps_latest_yearly": 1.12,
            "eps_growth_yearly": 114.54
        },
        "20182": {
            "year_quarter": 20182,
            "year": 2018,
            "quarter": 2,
            "eps": 0.35,
            "eps_growth_year": 9.38,
            "eps_4q": 1.28,
            "eps_4q_growth_year": 27.12,
            "roe": 2.25,
            "roe_4q": 8.77,
            "gross_profit": 38674,
            "gross_margin": 21.61,
            "gross_margin_4q_avg": 20.61,
            "net_income": 22636,
            "revenue": 178998,
            "common_shares": 640851,
            "book_valuer_per_share": 15.34,
            "book_valuer_per_share_4q_avg": 14.78,
            "equity": 984280,
            "current_ratio": 171.39,
            "debt_ratio": 31.23,
            "inventory_turnover_ratio": 0.6,
            "account_receivable_turnover_ratio": 1.14,
            "reinvestment_rate": -3.26,
            "research_to_sale_ratio": 0.66,
            "price_fair": 35.79,
            "eps_avg_yearly": 1.02,
            "eps_latest_yearly": 1.4,
            "eps_growth_yearly": 45.79
        },
        "20183": {
            "year_quarter": 20183,
            "year": 2018,
            "quarter": 3,
            "eps": 0.2,
            "eps_growth_year": -42.86,
            "eps_4q": 1.13,
            "eps_4q_growth_year": -0.75,
            "roe": 1.31,
            "roe_4q": 7.539999999999999,
            "gross_profit": 22833,
            "gross_margin": 13.98,
            "gross_margin_4q_avg": 19.33,
            "net_income": 12848,
            "revenue": 163284,
            "common_shares": 640851,
            "book_valuer_per_share": 15.32,
            "book_valuer_per_share_4q_avg": 15.17,
            "equity": 982880,
            "current_ratio": 200.57,
            "debt_ratio": 26.39,
            "inventory_turnover_ratio": 0.6,
            "account_receivable_turnover_ratio": 1.05,
            "reinvestment_rate": 17.41,
            "research_to_sale_ratio": 0.75,
            "price_fair": 32.01,
            "eps_avg_yearly": 0.98,
            "eps_latest_yearly": 0.8,
            "eps_growth_yearly": 22.58
        },
        "20184": {
            "year_quarter": 20184,
            "year": 2018,
            "quarter": 4,
            "eps": 0.13,
            "eps_growth_year": -54.81,
            "eps_4q": 0.97,
            "eps_4q_growth_year": -20.68,
            "roe": 0.86,
            "roe_4q": 6.29,
            "gross_profit": 20421,
            "gross_margin": 12.92,
            "gross_margin_4q_avg": 17.75,
            "net_income": 8503,
            "revenue": 158033,
            "common_shares": 640851,
            "book_valuer_per_share": 15.5,
            "book_valuer_per_share_4q_avg": 15.54,
            "equity": 994773,
            "current_ratio": 199.35,
            "debt_ratio": 26.75,
            "inventory_turnover_ratio": 0.59,
            "account_receivable_turnover_ratio": 1.13,
            "reinvestment_rate": 19.85,
            "research_to_sale_ratio": 0.76,
            "price_fair": 27.77,
            "eps_avg_yearly": 0.95,
            "eps_latest_yearly": 0.52,
            "eps_growth_yearly": 19.38
        },
        "20191": {
            "year_quarter": 20191,
            "year": 2019,
            "quarter": 1,
            "eps": 0.12,
            "eps_growth_year": -57.14,
            "eps_4q": 0.81,
            "eps_4q_growth_year": -34.52,
            "roe": 0.78,
            "roe_4q": 5.2,
            "gross_profit": 21308,
            "gross_margin": 16.13,
            "gross_margin_4q_avg": 16.16,
            "net_income": 7879,
            "revenue": 132109,
            "common_shares": 640851,
            "book_valuer_per_share": 15.82,
            "book_valuer_per_share_4q_avg": 15.5,
            "equity": 1014869,
            "current_ratio": 211.95,
            "debt_ratio": 26.47,
            "inventory_turnover_ratio": 0.5,
            "account_receivable_turnover_ratio": 0.98,
            "reinvestment_rate": 19.16,
            "research_to_sale_ratio": 0.89,
            "price_fair": 32.99,
            "eps_avg_yearly": 0.94,
            "eps_latest_yearly": 0.48,
            "eps_growth_yearly": 30.85
        },
        "20192": {
            "year_quarter": 20192,
            "year": 2019,
            "quarter": 2,
            "eps": 0.16,
            "eps_growth_year": -54.29,
            "eps_4q": 0.62,
            "eps_4q_growth_year": -51.64,
            "roe": 1.03,
            "roe_4q": 3.98,
            "gross_profit": 24342,
            "gross_margin": 14.41,
            "gross_margin_4q_avg": 14.36,
            "net_income": 10241,
            "revenue": 168963,
            "common_shares": 640851,
            "book_valuer_per_share": 15.08,
            "book_valuer_per_share_4q_avg": 15.43,
            "equity": 967668,
            "current_ratio": 141.15,
            "debt_ratio": 36.98,
            "inventory_turnover_ratio": 0.7,
            "account_receivable_turnover_ratio": 1.17,
            "reinvestment_rate": 43.95,
            "research_to_sale_ratio": 0.71,
            "price_fair": 27.71,
            "eps_avg_yearly": 0.93,
            "eps_latest_yearly": 0.64,
            "eps_growth_yearly": 19.95
        },
        "20193": {
            "year_quarter": 20193,
            "year": 2019,
            "quarter": 3,
            "eps": 0.17,
            "eps_growth_year": -15,
            "eps_4q": 0.59,
            "eps_4q_growth_year": -48,
            "roe": 1.13,
            "roe_4q": 3.8000000000000003,
            "gross_profit": 25203,
            "gross_margin": 16.93,
            "gross_margin_4q_avg": 15.1,
            "net_income": 10983,
            "revenue": 148902,
            "common_shares": 640851,
            "book_valuer_per_share": 15.19,
            "book_valuer_per_share_4q_avg": 15.4,
            "equity": 974928,
            "current_ratio": 113.26,
            "debt_ratio": 35,
            "inventory_turnover_ratio": 0.58,
            "account_receivable_turnover_ratio": 1.06,
            "reinvestment_rate": 105.77,
            "research_to_sale_ratio": 0.83,
            "price_fair": 27.62,
            "eps_avg_yearly": 0.91,
            "eps_latest_yearly": 0.68,
            "eps_growth_yearly": 20.43
        },
        "20194": {
            "year_quarter": 20194,
            "year": 2019,
            "quarter": 4,
            "eps": 0.21,
            "eps_growth_year": 56.58,
            "eps_4q": 0.66,
            "eps_4q_growth_year": -31.59,
            "roe": 1.37,
            "roe_4q": 4.3100000000000005,
            "gross_profit": 28282,
            "gross_margin": 17.28,
            "gross_margin_4q_avg": 16.19,
            "net_income": 13324,
            "revenue": 163695,
            "common_shares": 640851,
            "book_valuer_per_share": 15.17,
            "book_valuer_per_share_4q_avg": 15.32,
            "equity": 973534,
            "current_ratio": 115.77,
            "debt_ratio": 36.12,
            "inventory_turnover_ratio": 0.62,
            "account_receivable_turnover_ratio": 1.24,
            "reinvestment_rate": 107.62,
            "research_to_sale_ratio": 0.71,
            "price_fair": 31.59,
            "eps_avg_yearly": 0.9,
            "eps_latest_yearly": 0.84,
            "eps_growth_yearly": 27.35
        },
        "20201": {
            "year_quarter": 20201,
            "year": 2020,
            "quarter": 1,
            "eps": 0.18,
            "eps_growth_year": 50,
            "eps_4q": 0.72,
            "eps_4q_growth_year": -10.97,
            "roe": 1.2,
            "roe_4q": 4.73,
            "gross_profit": 22399,
            "gross_margin": 16.24,
            "gross_margin_4q_avg": 16.22,
            "net_income": 11643,
            "revenue": 137963,
            "common_shares": 640851,
            "book_valuer_per_share": 15.1,
            "book_valuer_per_share_4q_avg": 15.14,
            "equity": 968838,
            "current_ratio": 119.86,
            "debt_ratio": 34.44,
            "inventory_turnover_ratio": 0.55,
            "account_receivable_turnover_ratio": 1.11,
            "reinvestment_rate": 100.88,
            "research_to_sale_ratio": 0.88,
            "price_fair": 32.29,
            "eps_avg_yearly": 0.92,
            "eps_latest_yearly": 0.72,
            "eps_growth_yearly": 37.91
        },
        "20202": {
            "year_quarter": 20202,
            "year": 2020,
            "quarter": 2,
            "eps": -0.05,
            "eps_growth_year": -131.25,
            "eps_4q": 0.52,
            "eps_4q_growth_year": -16.37,
            "roe": -0.3,
            "roe_4q": 3.4,
            "gross_profit": 6416,
            "gross_margin": 5.47,
            "gross_margin_4q_avg": 13.98,
            "net_income": -2916,
            "revenue": 117343,
            "common_shares": 640851,
            "book_valuer_per_share": 14.75,
            "book_valuer_per_share_4q_avg": 15.05,
            "equity": 946347,
            "current_ratio": 108.48,
            "debt_ratio": 36.47,
            "inventory_turnover_ratio": 0.56,
            "account_receivable_turnover_ratio": 1.15,
            "reinvestment_rate": 110,
            "research_to_sale_ratio": 1.18,
            "price_fair": 12.06,
            "eps_avg_yearly": 0.92,
            "eps_latest_yearly": 0.72,
            "eps_growth_yearly": 3.11
        },
        "20203": {
            "year_quarter": 20203,
            "year": 2020,
            "quarter": 3,
            "eps": 0.35,
            "eps_growth_year": 105.88,
            "eps_4q": 0.69,
            "eps_4q_growth_year": 18.05,
            "roe": 2.31,
            "roe_4q": 4.58,
            "gross_profit": 28111,
            "gross_margin": 18.22,
            "gross_margin_4q_avg": 14.3,
            "net_income": 22318,
            "revenue": 154284,
            "common_shares": 640851,
            "book_valuer_per_share": 15.33,
            "book_valuer_per_share_4q_avg": 15.09,
            "equity": 983779,
            "current_ratio": 114.86,
            "debt_ratio": 34.35,
            "inventory_turnover_ratio": 0.69,
            "account_receivable_turnover_ratio": 1.52,
            "reinvestment_rate": 106.61,
            "research_to_sale_ratio": 0.79,
            "price_fair": 15.64,
            "eps_avg_yearly": 0.93,
            "eps_latest_yearly": 0.72,
            "eps_growth_yearly": 6.9
        },
        "20204": {
            "year_quarter": 20204,
            "year": 2020,
            "quarter": 4,
            "eps": 0.31,
            "eps_growth_year": 47.73,
            "eps_4q": 0.79,
            "eps_4q_growth_year": 19.64,
            "roe": 1.96,
            "roe_4q": 5.17,
            "gross_profit": 37075,
            "gross_margin": 22.96,
            "gross_margin_4q_avg": 15.72,
            "net_income": 19750,
            "revenue": 161460,
            "common_shares": 640851,
            "book_valuer_per_share": 16.04,
            "book_valuer_per_share_4q_avg": 15.31,
            "equity": 1029160,
            "current_ratio": 116.86,
            "debt_ratio": 32.99,
            "inventory_turnover_ratio": 0.68,
            "account_receivable_turnover_ratio": 1.42,
            "reinvestment_rate": 109.62,
            "research_to_sale_ratio": 0.75,
            "price_fair": 13.01,
            "eps_avg_yearly": 0.95,
            "eps_latest_yearly": 1.24,
            "eps_growth_yearly": 3.64
        },
        "20211": {
            "year_quarter": 20211,
            "year": 2021,
            "quarter": 1,
            "eps": 0.22,
            "eps_growth_year": 22.22,
            "eps_4q": 0.83,
            "eps_4q_growth_year": 15.41,
            "roe": 1.36,
            "roe_4q": 5.330000000000001,
            "gross_profit": 28576,
            "gross_margin": 16.26,
            "gross_margin_4q_avg": 15.73,
            "net_income": 14204,
            "revenue": 175691,
            "common_shares": 640851,
            "book_valuer_per_share": 16.47,
            "book_valuer_per_share_4q_avg": 15.65,
            "equity": 1056917,
            "current_ratio": 118.51,
            "debt_ratio": 33.77,
            "inventory_turnover_ratio": 0.8,
            "account_receivable_turnover_ratio": 1.5,
            "reinvestment_rate": 112.05,
            "research_to_sale_ratio": 0.73,
            "price_fair": 2.82,
            "eps_avg_yearly": 0.94,
            "eps_latest_yearly": 0.88,
            "eps_growth_yearly": -12.82
        },
        "20212": {
            "year_quarter": 20212,
            "year": 2021,
            "quarter": 2,
            "eps": 0.3,
            "eps_growth_year": null,
            "eps_4q": 1.18,
            "eps_4q_growth_year": 128.4,
            "roe": 1.85,
            "roe_4q": 7.48,
            "gross_profit": 32729,
            "gross_margin": 19.38,
            "gross_margin_4q_avg": 19.21,
            "net_income": 19295,
            "revenue": 168911,
            "common_shares": 640851,
            "book_valuer_per_share": 16.09,
            "book_valuer_per_share_4q_avg": 15.98,
            "equity": 1032791,
            "current_ratio": 113.43,
            "debt_ratio": 34.52,
            "inventory_turnover_ratio": 0.76,
            "account_receivable_turnover_ratio": 1.23,
            "reinvestment_rate": 111.07,
            "research_to_sale_ratio": 0.73,
            "price_fair": 2.8,
            "eps_avg_yearly": 0.93,
            "eps_latest_yearly": 1.2,
            "eps_growth_yearly": -7.72
        },
        "20213": {
            "year_quarter": 20213,
            "year": 2021,
            "quarter": 3,
            "eps": 0.25,
            "eps_growth_year": -28.57,
            "eps_4q": 1.08,
            "eps_4q_growth_year": 55.66,
            "roe": 1.55,
            "roe_4q": 6.720000000000001,
            "gross_profit": 30301,
            "gross_margin": 17.7,
            "gross_margin_4q_avg": 19.08,
            "net_income": 16096,
            "revenue": 171150,
            "common_shares": 640851,
            "book_valuer_per_share": 16.25,
            "book_valuer_per_share_4q_avg": 16.21,
            "equity": 1042600,
            "current_ratio": 119.35,
            "debt_ratio": 32.82,
            "inventory_turnover_ratio": 0.82,
            "account_receivable_turnover_ratio": 1.22,
            "reinvestment_rate": 111.26,
            "research_to_sale_ratio": 0.68,
            "price_fair": 2.72,
            "eps_avg_yearly": 0.91,
            "eps_latest_yearly": 1,
            "eps_growth_yearly": -15.16
        },
        "20214": {
            "year_quarter": 20214,
            "year": 2021,
            "quarter": 4,
            "eps": 0.22,
            "eps_growth_year": -28.83,
            "eps_4q": 0.99,
            "eps_4q_growth_year": 24.99,
            "roe": 1.34,
            "roe_4q": 6.1000000000000005,
            "gross_profit": 30913,
            "gross_margin": 16.24,
            "gross_margin_4q_avg": 17.4,
            "net_income": 14057,
            "revenue": 190331,
            "common_shares": 640851,
            "book_valuer_per_share": 16.55,
            "book_valuer_per_share_4q_avg": 16.34,
            "equity": 1062083,
            "current_ratio": 122.9,
            "debt_ratio": 33.2,
            "inventory_turnover_ratio": 0.89,
            "account_receivable_turnover_ratio": 1.35,
            "reinvestment_rate": 114.66,
            "research_to_sale_ratio": 0.62,
            "price_fair": 2.66,
            "eps_avg_yearly": 0.89,
            "eps_latest_yearly": 0.88,
            "eps_growth_yearly": -13.7
        },
        "20221": {
            "year_quarter": 20221,
            "year": 2022,
            "quarter": 1,
            "eps": 0.1,
            "eps_growth_year": -54.55,
            "eps_4q": 0.87,
            "eps_4q_growth_year": 4.46,
            "roe": 0.6,
            "roe_4q": 5.34,
            "gross_profit": 23650,
            "gross_margin": 14.82,
            "gross_margin_4q_avg": 17.04,
            "net_income": 6418,
            "revenue": 159579,
            "common_shares": 640851,
            "book_valuer_per_share": 16.79,
            "book_valuer_per_share_4q_avg": 16.42,
            "equity": 1077325,
            "current_ratio": 126.15,
            "debt_ratio": 30.32,
            "inventory_turnover_ratio": 0.71,
            "account_receivable_turnover_ratio": 1.18,
            "reinvestment_rate": 155.28,
            "research_to_sale_ratio": 0.74,
            "price_fair": 2.5,
            "eps_avg_yearly": 0.83,
            "eps_latest_yearly": 0.4,
            "eps_growth_yearly": -28.29
        }
    },
    "months": {
        "2001-06": {
            "month": "2001-06",
            "price": "16.90",
            "revenue": 75609
        },
        "2001-07": {
            "month": "2001-07",
            "price": "15.95",
            "revenue": 68152
        },
        "2001-08": {
            "month": "2001-08",
            "price": "14.68",
            "revenue": 71744
        },
        "2001-09": {
            "month": "2001-09",
            "price": "13.29",
            "revenue": 54361
        },
        "2001-10": {
            "month": "2001-10",
            "price": "12.86",
            "revenue": 68346
        },
        "2001-11": {
            "month": "2001-11",
            "price": "12.76",
            "revenue": 67895
        },
        "2001-12": {
            "month": "2001-12",
            "price": "13.33",
            "revenue": 92663
        },
        "2002-01": {
            "month": "2002-01",
            "price": "17.12",
            "revenue": 55401
        },
        "2002-02": {
            "month": "2002-02",
            "price": "16.69",
            "revenue": 44218
        },
        "2002-03": {
            "month": "2002-03",
            "price": "14.98",
            "revenue": 56480
        },
        "2002-04": {
            "month": "2002-04",
            "price": "15.20",
            "revenue": 69253
        },
        "2002-05": {
            "month": "2002-05",
            "price": "15.36",
            "revenue": 75542
        },
        "2002-06": {
            "month": "2002-06",
            "price": "15.25",
            "revenue": 69533
        },
        "2002-07": {
            "month": "2002-07",
            "price": "14.37",
            "revenue": 76174
        },
        "2002-08": {
            "month": "2002-08",
            "price": "13.63",
            "revenue": 70923
        },
        "2002-09": {
            "month": "2002-09",
            "price": "13.28",
            "revenue": 69771
        },
        "2002-10": {
            "month": "2002-10",
            "price": "13.13",
            "revenue": 81898
        },
        "2002-11": {
            "month": "2002-11",
            "price": "15.72",
            "revenue": 61575
        },
        "2002-12": {
            "month": "2002-12",
            "price": "17.50",
            "revenue": 56095
        },
        "2003-01": {
            "month": "2003-01",
            "price": "15.45",
            "revenue": 59230
        },
        "2003-02": {
            "month": "2003-02",
            "price": "13.97",
            "revenue": 45172
        },
        "2003-03": {
            "month": "2003-03",
            "price": "13.44",
            "revenue": 75890
        },
        "2003-04": {
            "month": "2003-04",
            "price": "12.91",
            "revenue": 62744
        },
        "2003-05": {
            "month": "2003-05",
            "price": "12.07",
            "revenue": 64390
        },
        "2003-06": {
            "month": "2003-06",
            "price": "12.43",
            "revenue": 55922
        },
        "2003-07": {
            "month": "2003-07",
            "price": "12.26",
            "revenue": 49139
        },
        "2003-08": {
            "month": "2003-08",
            "price": "12.01",
            "revenue": 63809
        },
        "2003-09": {
            "month": "2003-09",
            "price": "11.74",
            "revenue": 52819
        },
        "2003-10": {
            "month": "2003-10",
            "price": "11.46",
            "revenue": 70445
        },
        "2003-11": {
            "month": "2003-11",
            "price": "11.72",
            "revenue": 51148
        },
        "2003-12": {
            "month": "2003-12",
            "price": "12.01",
            "revenue": 50990
        },
        "2004-01": {
            "month": "2004-01",
            "price": "11.67",
            "revenue": 32827
        },
        "2004-02": {
            "month": "2004-02",
            "price": "12.34",
            "revenue": 58317
        },
        "2004-03": {
            "month": "2004-03",
            "price": "11.82",
            "revenue": 59758
        },
        "2004-04": {
            "month": "2004-04",
            "price": "11.33",
            "revenue": 67822
        },
        "2004-05": {
            "month": "2004-05",
            "price": "10.26",
            "revenue": 62522
        },
        "2004-06": {
            "month": "2004-06",
            "price": "9.89",
            "revenue": 74311
        },
        "2004-07": {
            "month": "2004-07",
            "price": "10.09",
            "revenue": 67401
        },
        "2004-08": {
            "month": "2004-08",
            "price": "10.38",
            "revenue": 65046
        },
        "2004-09": {
            "month": "2004-09",
            "price": "10.25",
            "revenue": 78023
        },
        "2004-10": {
            "month": "2004-10",
            "price": "10.43",
            "revenue": 75251
        },
        "2004-11": {
            "month": "2004-11",
            "price": "10.42",
            "revenue": 71385
        },
        "2004-12": {
            "month": "2004-12",
            "price": "10.39",
            "revenue": 70882
        },
        "2005-01": {
            "month": "2005-01",
            "price": "10.61",
            "revenue": 64329
        },
        "2005-02": {
            "month": "2005-02",
            "price": "10.75",
            "revenue": 50886
        },
        "2005-03": {
            "month": "2005-03",
            "price": "10.82",
            "revenue": 78636
        },
        "2005-04": {
            "month": "2005-04",
            "price": "10.78",
            "revenue": 74376
        },
        "2005-05": {
            "month": "2005-05",
            "price": "10.96",
            "revenue": 90382
        },
        "2005-06": {
            "month": "2005-06",
            "price": "11.22",
            "revenue": 81419
        },
        "2005-07": {
            "month": "2005-07",
            "price": "11.38",
            "revenue": 64428
        },
        "2005-08": {
            "month": "2005-08",
            "price": "11.57",
            "revenue": 68941
        },
        "2005-09": {
            "month": "2005-09",
            "price": "11.52",
            "revenue": 55733
        },
        "2005-10": {
            "month": "2005-10",
            "price": "11.46",
            "revenue": 64914
        },
        "2005-11": {
            "month": "2005-11",
            "price": "11.45",
            "revenue": 85540
        },
        "2005-12": {
            "month": "2005-12",
            "price": "11.67",
            "revenue": 85795
        },
        "2006-01": {
            "month": "2006-01",
            "price": "11.51",
            "revenue": 79289
        },
        "2006-02": {
            "month": "2006-02",
            "price": "11.61",
            "revenue": 80255
        },
        "2006-03": {
            "month": "2006-03",
            "price": "11.53",
            "revenue": 108067
        },
        "2006-04": {
            "month": "2006-04",
            "price": "11.61",
            "revenue": 94058
        },
        "2006-05": {
            "month": "2006-05",
            "price": "11.79",
            "revenue": 89880
        },
        "2006-06": {
            "month": "2006-06",
            "price": "11.87",
            "revenue": 97349
        },
        "2006-07": {
            "month": "2006-07",
            "price": "12.03",
            "revenue": 88937
        },
        "2006-08": {
            "month": "2006-08",
            "price": "12.01",
            "revenue": 103769
        },
        "2006-09": {
            "month": "2006-09",
            "price": "11.95",
            "revenue": 93628
        },
        "2006-10": {
            "month": "2006-10",
            "price": "11.87",
            "revenue": 88614
        },
        "2006-11": {
            "month": "2006-11",
            "price": "12.11",
            "revenue": 89978
        },
        "2006-12": {
            "month": "2006-12",
            "price": "12.32",
            "revenue": 93503
        },
        "2007-01": {
            "month": "2007-01",
            "price": "11.86",
            "revenue": 95534
        },
        "2007-02": {
            "month": "2007-02",
            "price": "11.72",
            "revenue": 69144
        },
        "2007-03": {
            "month": "2007-03",
            "price": "11.43",
            "revenue": 85256
        },
        "2007-04": {
            "month": "2007-04",
            "price": "11.55",
            "revenue": 83039
        },
        "2007-05": {
            "month": "2007-05",
            "price": "11.46",
            "revenue": 96746
        },
        "2007-06": {
            "month": "2007-06",
            "price": "11.46",
            "revenue": 82436
        },
        "2007-07": {
            "month": "2007-07",
            "price": "12.06",
            "revenue": 86534
        },
        "2007-08": {
            "month": "2007-08",
            "price": "11.59",
            "revenue": 115965
        },
        "2007-09": {
            "month": "2007-09",
            "price": "11.54",
            "revenue": 97353
        },
        "2007-10": {
            "month": "2007-10",
            "price": "11.41",
            "revenue": 135563
        },
        "2007-11": {
            "month": "2007-11",
            "price": "10.90",
            "revenue": 136615
        },
        "2007-12": {
            "month": "2007-12",
            "price": "10.63",
            "revenue": 113938
        },
        "2008-01": {
            "month": "2008-01",
            "price": "10.87",
            "revenue": 116719
        },
        "2008-02": {
            "month": "2008-02",
            "price": "11.00",
            "revenue": 87343
        },
        "2008-03": {
            "month": "2008-03",
            "price": "10.67",
            "revenue": 128550
        },
        "2008-04": {
            "month": "2008-04",
            "price": "11.26",
            "revenue": 144571
        },
        "2008-05": {
            "month": "2008-05",
            "price": "13.90",
            "revenue": 161559
        },
        "2008-06": {
            "month": "2008-06",
            "price": "14.16",
            "revenue": 145210
        },
        "2008-07": {
            "month": "2008-07",
            "price": "12.48",
            "revenue": 146005
        },
        "2008-08": {
            "month": "2008-08",
            "price": "12.39",
            "revenue": 136999
        },
        "2008-09": {
            "month": "2008-09",
            "price": "12.55",
            "revenue": 102727
        },
        "2008-10": {
            "month": "2008-10",
            "price": "11.75",
            "revenue": 110034
        },
        "2008-11": {
            "month": "2008-11",
            "price": "9.68",
            "revenue": 65832
        },
        "2008-12": {
            "month": "2008-12",
            "price": "9.26",
            "revenue": 55402
        },
        "2009-01": {
            "month": "2009-01",
            "price": "8.65",
            "revenue": 33700
        },
        "2009-02": {
            "month": "2009-02",
            "price": "7.94",
            "revenue": 62173
        },
        "2009-03": {
            "month": "2009-03",
            "price": "8.28",
            "revenue": 60165
        },
        "2009-04": {
            "month": "2009-04",
            "price": "9.60",
            "revenue": 55417
        },
        "2009-05": {
            "month": "2009-05",
            "price": "9.11",
            "revenue": 57683
        },
        "2009-06": {
            "month": "2009-06",
            "price": "8.83",
            "revenue": 62917
        },
        "2009-07": {
            "month": "2009-07",
            "price": "9.15",
            "revenue": 66749
        },
        "2009-08": {
            "month": "2009-08",
            "price": "10.13",
            "revenue": 83938
        },
        "2009-09": {
            "month": "2009-09",
            "price": "10.57",
            "revenue": 66579
        },
        "2009-10": {
            "month": "2009-10",
            "price": "11.25",
            "revenue": 73478
        },
        "2009-11": {
            "month": "2009-11",
            "price": "11.45",
            "revenue": 77904
        },
        "2009-12": {
            "month": "2009-12",
            "price": "11.48",
            "revenue": 106371
        },
        "2010-01": {
            "month": "2010-01",
            "price": "11.64",
            "revenue": 96901
        },
        "2010-02": {
            "month": "2010-02",
            "price": "11.43",
            "revenue": 66503
        },
        "2010-03": {
            "month": "2010-03",
            "price": "11.70",
            "revenue": 125146
        },
        "2010-04": {
            "month": "2010-04",
            "price": "12.92",
            "revenue": 109210
        },
        "2010-05": {
            "month": "2010-05",
            "price": "12.53",
            "revenue": 100496
        },
        "2010-06": {
            "month": "2010-06",
            "price": "12.76",
            "revenue": 107238
        },
        "2010-07": {
            "month": "2010-07",
            "price": "12.87",
            "revenue": 108239
        },
        "2010-08": {
            "month": "2010-08",
            "price": "13.71",
            "revenue": 102262
        },
        "2010-09": {
            "month": "2010-09",
            "price": "13.88",
            "revenue": 114898
        },
        "2010-10": {
            "month": "2010-10",
            "price": "13.67",
            "revenue": 106716
        },
        "2010-11": {
            "month": "2010-11",
            "price": "13.18",
            "revenue": 119579
        },
        "2010-12": {
            "month": "2010-12",
            "price": "13.45",
            "revenue": 118157
        },
        "2011-01": {
            "month": "2011-01",
            "price": "13.72",
            "revenue": 127056
        },
        "2011-02": {
            "month": "2011-02",
            "price": "14.22",
            "revenue": 134986
        },
        "2011-03": {
            "month": "2011-03",
            "price": "18.23",
            "revenue": 148858
        },
        "2011-04": {
            "month": "2011-04",
            "price": "22.34",
            "revenue": 151538
        },
        "2011-05": {
            "month": "2011-05",
            "price": "21.92",
            "revenue": 131926
        },
        "2011-06": {
            "month": "2011-06",
            "price": "21.57",
            "revenue": 205221
        },
        "2011-07": {
            "month": "2011-07",
            "price": "27.50",
            "revenue": 182550
        },
        "2011-08": {
            "month": "2011-08",
            "price": "26.69",
            "revenue": 157905
        },
        "2011-09": {
            "month": "2011-09",
            "price": "23.36",
            "revenue": 140662
        },
        "2011-10": {
            "month": "2011-10",
            "price": "20.96",
            "revenue": 154431
        },
        "2011-11": {
            "month": "2011-11",
            "price": "20.13",
            "revenue": 141177
        },
        "2011-12": {
            "month": "2011-12",
            "price": "17.44",
            "revenue": 134670
        },
        "2012-01": {
            "month": "2012-01",
            "price": "17.39",
            "revenue": 75962
        },
        "2012-02": {
            "month": "2012-02",
            "price": "19.92",
            "revenue": 133804
        },
        "2012-03": {
            "month": "2012-03",
            "price": "20.20",
            "revenue": 139510
        },
        "2012-04": {
            "month": "2012-04",
            "price": "18.48",
            "revenue": 136173
        },
        "2012-05": {
            "month": "2012-05",
            "price": "18.62",
            "revenue": 135742
        },
        "2012-06": {
            "month": "2012-06",
            "price": "17.94",
            "revenue": 99456
        },
        "2012-07": {
            "month": "2012-07",
            "price": "17.84",
            "revenue": 111225
        },
        "2012-08": {
            "month": "2012-08",
            "price": "18.02",
            "revenue": 134026
        },
        "2012-09": {
            "month": "2012-09",
            "price": "16.87",
            "revenue": 98173
        },
        "2012-10": {
            "month": "2012-10",
            "price": "15.86",
            "revenue": 108800
        },
        "2012-11": {
            "month": "2012-11",
            "price": "14.91",
            "revenue": 124596
        },
        "2012-12": {
            "month": "2012-12",
            "price": "14.87",
            "revenue": 119421
        },
        "2013-01": {
            "month": "2013-01",
            "price": "14.85",
            "revenue": 112448
        },
        "2013-02": {
            "month": "2013-02",
            "price": "15.08",
            "revenue": 73564
        },
        "2013-03": {
            "month": "2013-03",
            "price": "14.89",
            "revenue": 87049
        },
        "2013-04": {
            "month": "2013-04",
            "price": "15.87",
            "revenue": 82098
        },
        "2013-05": {
            "month": "2013-05",
            "price": "15.59",
            "revenue": 86590
        },
        "2013-06": {
            "month": "2013-06",
            "price": "15.54",
            "revenue": 102974
        },
        "2013-07": {
            "month": "2013-07",
            "price": "15.58",
            "revenue": 103756
        },
        "2013-08": {
            "month": "2013-08",
            "price": "14.68",
            "revenue": 85869
        },
        "2013-09": {
            "month": "2013-09",
            "price": "14.60",
            "revenue": 86488
        },
        "2013-10": {
            "month": "2013-10",
            "price": "14.51",
            "revenue": 71893
        },
        "2013-11": {
            "month": "2013-11",
            "price": "14.42",
            "revenue": 97940
        },
        "2013-12": {
            "month": "2013-12",
            "price": "14.42",
            "revenue": 110176
        },
        "2014-01": {
            "month": "2014-01",
            "price": "14.72",
            "revenue": 63302
        },
        "2014-02": {
            "month": "2014-02",
            "price": "14.51",
            "revenue": 60284
        },
        "2014-03": {
            "month": "2014-03",
            "price": "14.70",
            "revenue": 74534
        },
        "2014-04": {
            "month": "2014-04",
            "price": "15.03",
            "revenue": 87639
        },
        "2014-05": {
            "month": "2014-05",
            "price": "14.70",
            "revenue": 85217
        },
        "2014-06": {
            "month": "2014-06",
            "price": "14.84",
            "revenue": 72117
        },
        "2014-07": {
            "month": "2014-07",
            "price": "14.65",
            "revenue": 85750
        },
        "2014-08": {
            "month": "2014-08",
            "price": "14.66",
            "revenue": 88569
        },
        "2014-09": {
            "month": "2014-09",
            "price": "15.28",
            "revenue": 93710
        },
        "2014-10": {
            "month": "2014-10",
            "price": "15.04",
            "revenue": 90305
        },
        "2014-11": {
            "month": "2014-11",
            "price": "14.92",
            "revenue": 108741
        },
        "2014-12": {
            "month": "2014-12",
            "price": "14.66",
            "revenue": 138180
        },
        "2015-01": {
            "month": "2015-01",
            "price": "16.73",
            "revenue": 82480
        },
        "2015-02": {
            "month": "2015-02",
            "price": "17.42",
            "revenue": 48093
        },
        "2015-03": {
            "month": "2015-03",
            "price": "16.43",
            "revenue": 61401
        },
        "2015-04": {
            "month": "2015-04",
            "price": "15.50",
            "revenue": 62143
        },
        "2015-05": {
            "month": "2015-05",
            "price": "15.32",
            "revenue": 60966
        },
        "2015-06": {
            "month": "2015-06",
            "price": "14.84",
            "revenue": 59259
        },
        "2015-07": {
            "month": "2015-07",
            "price": "14.48",
            "revenue": 49136
        },
        "2015-08": {
            "month": "2015-08",
            "price": "14.20",
            "revenue": 50518
        },
        "2015-09": {
            "month": "2015-09",
            "price": "14.12",
            "revenue": 58794
        },
        "2015-10": {
            "month": "2015-10",
            "price": "14.32",
            "revenue": 52723
        },
        "2015-11": {
            "month": "2015-11",
            "price": "14.35",
            "revenue": 56541
        },
        "2015-12": {
            "month": "2015-12",
            "price": "14.35",
            "revenue": 59030
        },
        "2016-01": {
            "month": "2016-01",
            "price": "14.05",
            "revenue": 43492
        },
        "2016-02": {
            "month": "2016-02",
            "price": "14.17",
            "revenue": 35277
        },
        "2016-03": {
            "month": "2016-03",
            "price": "14.28",
            "revenue": 58092
        },
        "2016-04": {
            "month": "2016-04",
            "price": "14.23",
            "revenue": 50707
        },
        "2016-05": {
            "month": "2016-05",
            "price": "14.23",
            "revenue": 60943
        },
        "2016-06": {
            "month": "2016-06",
            "price": "14.19",
            "revenue": 40950
        },
        "2016-07": {
            "month": "2016-07",
            "price": "13.81",
            "revenue": 58225
        },
        "2016-08": {
            "month": "2016-08",
            "price": "13.83",
            "revenue": 59851
        },
        "2016-09": {
            "month": "2016-09",
            "price": "13.95",
            "revenue": 47946
        },
        "2016-10": {
            "month": "2016-10",
            "price": "13.95",
            "revenue": 63228
        },
        "2016-11": {
            "month": "2016-11",
            "price": "13.93",
            "revenue": 66055
        },
        "2016-12": {
            "month": "2016-12",
            "price": "14.03",
            "revenue": 71697
        },
        "2017-01": {
            "month": "2017-01",
            "price": "14.30",
            "revenue": 30465
        },
        "2017-02": {
            "month": "2017-02",
            "price": "14.44",
            "revenue": 50072
        },
        "2017-03": {
            "month": "2017-03",
            "price": "14.34",
            "revenue": 72384
        },
        "2017-04": {
            "month": "2017-04",
            "price": "14.20",
            "revenue": 48176
        },
        "2017-05": {
            "month": "2017-05",
            "price": "14.08",
            "revenue": 55832
        },
        "2017-06": {
            "month": "2017-06",
            "price": "14.18",
            "revenue": 54062
        },
        "2017-07": {
            "month": "2017-07",
            "price": "14.21",
            "revenue": 55539
        },
        "2017-08": {
            "month": "2017-08",
            "price": "14.23",
            "revenue": 63717
        },
        "2017-09": {
            "month": "2017-09",
            "price": "15.19",
            "revenue": 55552
        },
        "2017-10": {
            "month": "2017-10",
            "price": "15.42",
            "revenue": 60769
        },
        "2017-11": {
            "month": "2017-11",
            "price": "15.55",
            "revenue": 63769
        },
        "2017-12": {
            "month": "2017-12",
            "price": "15.83",
            "revenue": 75630
        },
        "2018-01": {
            "month": "2018-01",
            "price": "16.94",
            "revenue": 57438
        },
        "2018-02": {
            "month": "2018-02",
            "price": "16.55",
            "revenue": 28251
        },
        "2018-03": {
            "month": "2018-03",
            "price": "16.90",
            "revenue": 63396
        },
        "2018-04": {
            "month": "2018-04",
            "price": "16.90",
            "revenue": 56797
        },
        "2018-05": {
            "month": "2018-05",
            "price": "16.78",
            "revenue": 64678
        },
        "2018-06": {
            "month": "2018-06",
            "price": "16.74",
            "revenue": 57523
        },
        "2018-07": {
            "month": "2018-07",
            "price": "16.29",
            "revenue": 64373
        },
        "2018-08": {
            "month": "2018-08",
            "price": "16.02",
            "revenue": 54309
        },
        "2018-09": {
            "month": "2018-09",
            "price": "15.97",
            "revenue": 44602
        },
        "2018-10": {
            "month": "2018-10",
            "price": "15.13",
            "revenue": 52193
        },
        "2018-11": {
            "month": "2018-11",
            "price": "14.94",
            "revenue": 56515
        },
        "2018-12": {
            "month": "2018-12",
            "price": "14.87",
            "revenue": 49325
        },
        "2019-01": {
            "month": "2019-01",
            "price": "14.91",
            "revenue": 40200
        },
        "2019-02": {
            "month": "2019-02",
            "price": "15.02",
            "revenue": 42438
        },
        "2019-03": {
            "month": "2019-03",
            "price": "15.13",
            "revenue": 49471
        },
        "2019-04": {
            "month": "2019-04",
            "price": "15.07",
            "revenue": 57413
        },
        "2019-05": {
            "month": "2019-05",
            "price": "15.12",
            "revenue": 56747
        },
        "2019-06": {
            "month": "2019-06",
            "price": "15.27",
            "revenue": 54802
        },
        "2019-07": {
            "month": "2019-07",
            "price": "15.63",
            "revenue": 44420
        },
        "2019-08": {
            "month": "2019-08",
            "price": "15.25",
            "revenue": 51274
        },
        "2019-09": {
            "month": "2019-09",
            "price": "15.16",
            "revenue": 53208
        },
        "2019-10": {
            "month": "2019-10",
            "price": "15.24",
            "revenue": 59858
        },
        "2019-11": {
            "month": "2019-11",
            "price": "15.35",
            "revenue": 53879
        },
        "2019-12": {
            "month": "2019-12",
            "price": "15.40",
            "revenue": 49959
        },
        "2020-01": {
            "month": "2020-01",
            "price": "15.45",
            "revenue": 47469
        },
        "2020-02": {
            "month": "2020-02",
            "price": "15.39",
            "revenue": 40484
        },
        "2020-03": {
            "month": "2020-03",
            "price": "14.63",
            "revenue": 50010
        },
        "2020-04": {
            "month": "2020-04",
            "price": "15.04",
            "revenue": 51841
        },
        "2020-05": {
            "month": "2020-05",
            "price": "15.38",
            "revenue": 34190
        },
        "2020-06": {
            "month": "2020-06",
            "price": "15.55",
            "revenue": 31312
        },
        "2020-07": {
            "month": "2020-07",
            "price": "15.29",
            "revenue": 45984
        },
        "2020-08": {
            "month": "2020-08",
            "price": "15.30",
            "revenue": 48442
        },
        "2020-09": {
            "month": "2020-09",
            "price": "15.42",
            "revenue": 59862
        },
        "2020-10": {
            "month": "2020-10",
            "price": "15.57",
            "revenue": 48186
        },
        "2020-11": {
            "month": "2020-11",
            "price": "15.60",
            "revenue": 56572
        },
        "2020-12": {
            "month": "2020-12",
            "price": "15.67",
            "revenue": 56698
        },
        "2021-01": {
            "month": "2021-01",
            "price": "15.62",
            "revenue": 60601
        },
        "2021-02": {
            "month": "2021-02",
            "price": "15.77",
            "revenue": 40365
        },
        "2021-03": {
            "month": "2021-03",
            "price": "16.59",
            "revenue": 74724
        },
        "2021-04": {
            "month": "2021-04",
            "price": "19.03",
            "revenue": 50308
        },
        "2021-05": {
            "month": "2021-05",
            "price": "17.62",
            "revenue": 52359
        },
        "2021-06": {
            "month": "2021-06",
            "price": "18.97",
            "revenue": 66244
        },
        "2021-07": {
            "month": "2021-07",
            "price": "18.64",
            "revenue": 62529
        },
        "2021-08": {
            "month": "2021-08",
            "price": "19.11",
            "revenue": 61928
        },
        "2021-09": {
            "month": "2021-09",
            "price": "19.69",
            "revenue": 46693
        },
        "2021-10": {
            "month": "2021-10",
            "price": "19.88",
            "revenue": 61047
        },
        "2021-11": {
            "month": "2021-11",
            "price": "19.82",
            "revenue": 53332
        },
        "2021-12": {
            "month": "2021-12",
            "price": "20.11",
            "revenue": 75952
        },
        "2022-01": {
            "month": "2022-01",
            "price": "19.72",
            "revenue": 47029
        },
        "2022-02": {
            "month": "2022-02",
            "price": "20.67",
            "revenue": 60131
        },
        "2022-03": {
            "month": "2022-03",
            "price": "23.57",
            "revenue": 52418
        },
        "2022-04": {
            "month": "2022-04",
            "price": "24.65",
            "revenue": 40723
        },
        "2022-05": {
            "month": "2022-05",
            "price": "24.65",
            "revenue": 45012
        },
        "2022-06": {
            "month": "2022-06",
            "price": "24.65",
            "revenue": 52100
        }
    }
}
