{
    "summary": {
        "stock_name": "凱衛",
        "stock_id": "5201",
        "category": "資訊服務",
        "main_business": "軟硬體系統整合收入<br>勞務及維修收入<br>授權收入",
        "website_url": "http://www.kway.com.tw",
        "ceo": "馮國書",
        "pe_ratio": 16,
        "report_year_from": 2001,
        "report_year_to": 2023,
        "age": 22,
        "eps_negative_percentage": 49,
        "eps_growth_avg": {
            "last_all": 4.18,
            "last_2y": -4.77,
            "last_4y": 16.69,
            "last_8y": -2.93,
            "last_12y": 10.37,
            "last_16y": 4.18,
            "last_20y": 4.18,
            "at_2006_last_3y": -100,
            "at_2007_last_3y": -100,
            "at_2008_last_3y": -32.56,
            "at_2009_last_3y": -20.56,
            "at_2010_last_3y": 34.44,
            "at_2011_last_3y": 7.65,
            "at_2012_last_3y": 12.82,
            "at_2013_last_3y": 36.96,
            "at_2014_last_3y": 17.95,
            "at_2015_last_3y": 37.16,
            "at_2016_last_3y": -1.72,
            "at_2017_last_3y": -35.63,
            "at_2018_last_3y": 1.38,
            "at_2019_last_3y": -0.74,
            "at_2020_last_3y": 65.93,
            "at_2021_last_3y": 37.11,
            "at_2022_last_3y": -4.13,
            "at_2023_last_3y": -4.13,
            "at_2006_last_all": -100,
            "at_2007_last_all": -100,
            "at_2008_last_all": -32.56,
            "at_2009_last_all": -20.56,
            "at_2010_last_all": 0.83,
            "at_2011_last_all": -13.88,
            "at_2012_last_all": -2.31,
            "at_2013_last_all": 12.31,
            "at_2014_last_all": 9.39,
            "at_2015_last_all": 8.81,
            "at_2016_last_all": -2.07,
            "at_2017_last_all": -2.07,
            "at_2018_last_all": 7.21,
            "at_2019_last_all": 6.42,
            "at_2020_last_all": 13.62,
            "at_2021_last_all": 9.12,
            "at_2022_last_all": 4.18,
            "at_2023_last_all": 4.18
        },
        "latest_eps": 1.77,
        "latest_price": 28.4,
        "latest_roe": 14.71,
        "latest_gross_margin": 44.6,
        "latest_equity": 387061,
        "latest_revenue": 52471,
        "latest_gross_profit": 23403,
        "latest_net_income": 38002,
        "latest_debt_ratio": 19.2,
        "latest_current_ratio": 521.32,
        "latest_account_receivable_turnover_ratio": 1.96,
        "latest_inventory_turnover_ratio": 22.72,
        "latest_reinvestment_rate": -2.02,
        "latest_research_to_sale_ratio": 12.72
    },
    "eps_dividends": {
        "1999": {
            "cash": 0,
            "stock": 2,
            "eps": 0
        },
        "2000": {
            "cash": 0,
            "stock": 2,
            "eps": 0
        },
        "2001": {
            "cash": 0,
            "stock": 1,
            "eps": -1.82
        },
        "2002": {
            "cash": 0,
            "stock": 0,
            "eps": -2.19
        },
        "2003": {
            "cash": 0,
            "stock": 0,
            "eps": -0.97
        },
        "2004": {
            "cash": 0,
            "stock": 0,
            "eps": -2.22
        },
        "2005": {
            "cash": 0,
            "stock": 0,
            "eps": 0.17
        },
        "2006": {
            "cash": 0,
            "stock": 0,
            "eps": -0.85
        },
        "2007": {
            "cash": 0,
            "stock": 0,
            "eps": 0.43
        },
        "2008": {
            "cash": 0,
            "stock": 0,
            "eps": 0.58
        },
        "2009": {
            "cash": 0,
            "stock": 0,
            "eps": 0.6
        },
        "2010": {
            "cash": 0,
            "stock": 0,
            "eps": 0.99
        },
        "2011": {
            "cash": 0,
            "stock": 0,
            "eps": 0.27
        },
        "2012": {
            "cash": 0,
            "stock": 0,
            "eps": 0.42
        },
        "2013": {
            "cash": 0,
            "stock": 0,
            "eps": 1.36
        },
        "2014": {
            "cash": 1,
            "stock": 0,
            "eps": 1.21
        },
        "2015": {
            "cash": 1,
            "stock": 0,
            "eps": 1.26
        },
        "2016": {
            "cash": 1,
            "stock": 0,
            "eps": -0.04
        },
        "2017": {
            "cash": 0,
            "stock": 0,
            "eps": 0.2
        },
        "2018": {
            "cash": 0,
            "stock": 0,
            "eps": 1.36
        },
        "2019": {
            "cash": 1,
            "stock": 0,
            "eps": 1.33
        },
        "2020": {
            "cash": 0,
            "stock": 0,
            "eps": 3.1
        },
        "2021": {
            "cash": 3,
            "stock": 0,
            "eps": 1.57
        },
        "2022": {
            "cash": 2,
            "stock": 0,
            "eps": 0.55
        },
        "2023": {
            "cash": 0,
            "stock": 0,
            "eps": 1.24
        }
    },
    "dividends": {
        "1999-06-25": {
            "cash": 0,
            "stock": 1.5
        },
        "2000-06-05": {
            "cash": 0,
            "stock": 1.8
        },
        "2001-06-15": {
            "cash": 0.1,
            "stock": 0.5
        },
        "2013-06-20": {
            "cash": 0.05,
            "stock": 0
        },
        "2014-09-12": {
            "cash": 1,
            "stock": 0
        },
        "2015-09-18": {
            "cash": 1.1,
            "stock": 0
        },
        "2016-09-21": {
            "cash": 1.1,
            "stock": 0
        },
        "2018-09-20": {
            "cash": 0.3,
            "stock": 0
        },
        "2019-09-20": {
            "cash": 1.4,
            "stock": 0
        },
        "2020-09-15": {
            "cash": 0.3,
            "stock": 0
        },
        "2021-07-22": {
            "cash": 2.8,
            "stock": 0
        },
        "2022-04-28": {
            "cash": 1.5,
            "stock": 0
        },
        "2023-05-12": {
            "cash": 0.45,
            "stock": 0
        }
    },
    "prices": {
        "200101": "12.55",
        "200102": "15.76",
        "200103": "17.22",
        "200104": "17.00",
        "200105": "12.07",
        "200106": "10.62",
        "200107": "7.40",
        "200108": "6.50",
        "200109": "4.71",
        "200110": "4.07",
        "200111": "4.86",
        "200112": "6.46",
        "200201": "7.77",
        "200202": "8.77",
        "200203": "8.39",
        "200204": "12.47",
        "200205": "10.01",
        "200206": "8.28",
        "200207": "7.43",
        "200208": "7.15",
        "200209": "6.07",
        "200210": "5.16",
        "200211": "5.08",
        "200212": "4.49",
        "200301": "4.41",
        "200302": "4.23",
        "200303": "4.01",
        "200304": "3.90",
        "200305": "3.17",
        "200306": "4.23",
        "200307": "4.09",
        "200308": "3.83",
        "200309": "3.01",
        "200310": "3.26",
        "200311": "3.66",
        "200312": "3.65",
        "200401": "4.78",
        "200402": "4.95",
        "200403": "4.60",
        "200404": "4.83",
        "200405": "7.46",
        "200406": "7.29",
        "200407": "7.55",
        "200408": "9.13",
        "200409": "10.30",
        "200410": "14.04",
        "200411": "11.70",
        "200412": "15.48",
        "200501": "18.99",
        "200502": "15.53",
        "200503": "18.77",
        "200504": "23.46",
        "200505": "24.92",
        "200506": "25.80",
        "200507": "27.02",
        "200508": "26.09",
        "200509": "26.66",
        "200510": "26.28",
        "200511": "24.50",
        "200512": "22.64",
        "200601": "25.06",
        "200602": "27.96",
        "200603": "28.13",
        "200604": "23.14",
        "200605": "12.81",
        "200606": "14.14",
        "200607": "12.62",
        "200608": "11.66",
        "200609": "8.98",
        "200610": "11.07",
        "200611": "11.35",
        "200612": "14.74",
        "200701": "15.12",
        "200702": "14.10",
        "200703": "14.61",
        "200704": "16.01",
        "200705": "16.22",
        "200706": "21.66",
        "200707": "21.70",
        "200708": "21.42",
        "200709": "22.07",
        "200710": "26.53",
        "200711": "29.36",
        "200712": "25.52",
        "200801": "34.69",
        "200802": "45.16",
        "200803": "45.45",
        "200804": "43.11",
        "200805": "44.85",
        "200806": "41.76",
        "200807": "32.70",
        "200808": "31.92",
        "200809": "31.63",
        "200810": "27.84",
        "200811": "28.74",
        "200812": "31.54",
        "200901": "33.91",
        "200902": "29.45",
        "200903": "23.46",
        "200904": "29.88",
        "200905": "23.44",
        "200906": "19.28",
        "200907": "21.42",
        "200908": "20.60",
        "200909": "19.54",
        "200910": "18.88",
        "200911": "16.18",
        "200912": "15.42",
        "201001": "17.26",
        "201002": "15.07",
        "201003": "16.42",
        "201004": "20.47",
        "201005": "21.52",
        "201006": "17.25",
        "201007": "19.01",
        "201008": "20.24",
        "201009": "18.23",
        "201010": "17.28",
        "201011": "16.10",
        "201012": "17.31",
        "201101": "16.36",
        "201102": "15.36",
        "201103": "14.09",
        "201104": "13.34",
        "201105": "13.18",
        "201106": "13.17",
        "201107": "13.55",
        "201108": "11.21",
        "201109": "11.14",
        "201110": "10.44",
        "201111": "10.51",
        "201112": "9.53",
        "201201": "9.10",
        "201202": "10.05",
        "201203": "10.04",
        "201204": "9.73",
        "201205": "8.75",
        "201206": "8.43",
        "201207": "7.91",
        "201208": "7.86",
        "201209": "8.71",
        "201210": "9.27",
        "201211": "8.95",
        "201212": "9.15",
        "201301": "9.50",
        "201302": "9.48",
        "201303": "9.64",
        "201304": "11.03",
        "201305": "12.90",
        "201306": "14.76",
        "201307": "14.95",
        "201308": "13.37",
        "201309": "12.76",
        "201310": "13.75",
        "201311": "13.04",
        "201312": "14.47",
        "201401": "14.89",
        "201402": "15.19",
        "201403": "16.76",
        "201404": "16.73",
        "201405": "16.19",
        "201406": "16.37",
        "201407": "16.21",
        "201408": "15.93",
        "201409": "14.48",
        "201410": "14.15",
        "201411": "14.06",
        "201412": "13.90",
        "201501": "14.27",
        "201502": "14.55",
        "201503": "15.34",
        "201504": "15.40",
        "201505": "14.91",
        "201506": "14.44",
        "201507": "13.99",
        "201508": "12.40",
        "201509": "11.67",
        "201510": "12.14",
        "201511": "13.00",
        "201512": "12.73",
        "201601": "12.75",
        "201602": "12.51",
        "201603": "12.64",
        "201604": "12.95",
        "201605": "12.57",
        "201606": "12.64",
        "201607": "12.61",
        "201608": "13.61",
        "201609": "15.81",
        "201610": "25.16",
        "201611": "37.54",
        "201612": "37.60",
        "201701": "26.45",
        "201702": "19.69",
        "201703": "20.91",
        "201704": "18.64",
        "201705": "16.11",
        "201706": "17.12",
        "201707": "16.35",
        "201708": "15.89",
        "201709": "17.96",
        "201710": "18.13",
        "201711": "19.47",
        "201712": "18.36",
        "201801": "24.47",
        "201802": "26.36",
        "201803": "34.65",
        "201804": "36.74",
        "201805": "35.72",
        "201806": "37.32",
        "201807": "32.16",
        "201808": "29.98",
        "201809": "32.24",
        "201810": "31.18",
        "201811": "26.40",
        "201812": "28.29",
        "201901": "27.56",
        "201902": "27.98",
        "201903": "27.22",
        "201904": "28.08",
        "201905": "27.95",
        "201906": "29.11",
        "201907": "29.74",
        "201908": "28.90",
        "201909": "28.05",
        "201910": "27.94",
        "201911": "27.72",
        "201912": "28.73",
        "202001": "33.85",
        "202002": "30.24",
        "202003": "27.64",
        "202004": "30.83",
        "202005": "32.92",
        "202006": "32.06",
        "202007": "32.84",
        "202008": "32.46",
        "202009": "33.33",
        "202010": "33.96",
        "202011": "33.90",
        "202012": "33.53",
        "202101": "32.38",
        "202102": "31.80",
        "202103": "36.02",
        "202104": "36.79",
        "202105": "33.63",
        "202106": "32.69",
        "202107": "28.97",
        "202108": "27.34",
        "202109": "26.86",
        "202110": "26.12",
        "202111": "25.97",
        "202112": "26.72",
        "202201": "27.29",
        "202202": "27.84",
        "202203": "31.09",
        "202204": "31.44",
        "202205": "28.39",
        "202206": "28.54",
        "202207": "30.10",
        "202208": "30.39",
        "202209": "29.94",
        "202210": "28.86",
        "202211": "28.69",
        "202212": "28.03",
        "202301": "27.00",
        "202302": "26.71",
        "202303": "26.96",
        "202304": "27.35",
        "202305": "28.02"
    },
    "quarters": {
        "20011": {
            "year_quarter": 20011,
            "year": 2001,
            "quarter": 1,
            "eps": -0.45,
            "eps_growth_year": -200,
            "eps_4q": 0.01,
            "eps_4q_growth_year": null,
            "roe": -4.18,
            "gross_profit": 10515,
            "gross_margin": 13.19,
            "net_income": -17134,
            "revenue": 79713,
            "common_shares": 409100,
            "equity": 395542,
            "current_ratio": 206.65,
            "debt_ratio": 33.72,
            "inventory_turnover_ratio": 1.69,
            "account_receivable_turnover_ratio": null,
            "reinvestment_rate": null,
            "research_to_sale_ratio": null,
            "price_fair": 0,
            "eps_avg_yearly": 0,
            "eps_latest_yearly": 0,
            "eps_growth_yearly": 0
        },
        "20012": {
            "year_quarter": 20012,
            "year": 2001,
            "quarter": 2,
            "eps": -0.34,
            "eps_growth_year": -217.24,
            "eps_4q": -0.58,
            "eps_4q_growth_year": null,
            "roe": -3.62,
            "gross_profit": 21996,
            "gross_margin": 17.49,
            "net_income": -13977,
            "revenue": 125748,
            "common_shares": 409100,
            "equity": 376930,
            "current_ratio": 196.05,
            "debt_ratio": 25.8,
            "inventory_turnover_ratio": 2.08,
            "account_receivable_turnover_ratio": null,
            "reinvestment_rate": null,
            "research_to_sale_ratio": null,
            "price_fair": 0,
            "eps_avg_yearly": 0,
            "eps_latest_yearly": 0,
            "eps_growth_yearly": 0
        },
        "20013": {
            "year_quarter": 20013,
            "year": 2001,
            "quarter": 3,
            "eps": -0.43,
            "eps_growth_year": -259.26,
            "eps_4q": -1.2,
            "eps_4q_growth_year": -154.7,
            "roe": -4.69,
            "gross_profit": 18455,
            "gross_margin": 9.95,
            "net_income": -16936,
            "revenue": 185390,
            "common_shares": 431000,
            "equity": 344777,
            "current_ratio": 134.5,
            "debt_ratio": 44.71,
            "inventory_turnover_ratio": 3.54,
            "account_receivable_turnover_ratio": null,
            "reinvestment_rate": null,
            "research_to_sale_ratio": null,
            "price_fair": 0,
            "eps_avg_yearly": 0,
            "eps_latest_yearly": 0,
            "eps_growth_yearly": 0
        },
        "20014": {
            "year_quarter": 20014,
            "year": 2001,
            "quarter": 4,
            "eps": -0.6,
            "eps_growth_year": null,
            "eps_4q": -1.77,
            "eps_4q_growth_year": -318.24,
            "roe": -6.79,
            "gross_profit": 18672,
            "gross_margin": 12.65,
            "net_income": -24067,
            "revenue": 147582,
            "common_shares": 431000,
            "equity": 363906,
            "current_ratio": 175.64,
            "debt_ratio": 39.63,
            "inventory_turnover_ratio": 2.98,
            "account_receivable_turnover_ratio": null,
            "reinvestment_rate": null,
            "research_to_sale_ratio": null,
            "price_fair": 0,
            "eps_avg_yearly": 0,
            "eps_latest_yearly": 0,
            "eps_growth_yearly": 0
        },
        "20021": {
            "year_quarter": 20021,
            "year": 2002,
            "quarter": 1,
            "eps": -0.5,
            "eps_growth_year": null,
            "eps_4q": -1.89,
            "eps_4q_growth_year": -22560.05,
            "roe": -5.83,
            "gross_profit": 11367,
            "gross_margin": 14.84,
            "net_income": -19812,
            "revenue": 76597,
            "common_shares": 431000,
            "equity": 316115,
            "current_ratio": 152.24,
            "debt_ratio": 37.47,
            "inventory_turnover_ratio": 1.64,
            "account_receivable_turnover_ratio": null,
            "reinvestment_rate": null,
            "research_to_sale_ratio": null,
            "price_fair": 0,
            "eps_avg_yearly": 0,
            "eps_latest_yearly": 0,
            "eps_growth_yearly": 0
        },
        "20022": {
            "year_quarter": 20022,
            "year": 2002,
            "quarter": 2,
            "eps": -0.18,
            "eps_growth_year": null,
            "eps_4q": -1.58,
            "eps_4q_growth_year": null,
            "roe": -2.3,
            "gross_profit": 33927,
            "gross_margin": 25.1,
            "net_income": -7195,
            "revenue": 135163,
            "common_shares": 431000,
            "equity": 308291,
            "current_ratio": 134.92,
            "debt_ratio": 46.7,
            "inventory_turnover_ratio": 2.07,
            "account_receivable_turnover_ratio": null,
            "reinvestment_rate": null,
            "research_to_sale_ratio": null,
            "price_fair": 0,
            "eps_avg_yearly": 0,
            "eps_latest_yearly": 0,
            "eps_growth_yearly": 0
        },
        "20023": {
            "year_quarter": 20023,
            "year": 2002,
            "quarter": 3,
            "eps": -0.82,
            "eps_growth_year": null,
            "eps_4q": -1.94,
            "eps_4q_growth_year": null,
            "roe": -11.3,
            "gross_profit": 17425,
            "gross_margin": 13.89,
            "net_income": -32687,
            "revenue": 125436,
            "common_shares": 431000,
            "equity": 270182,
            "current_ratio": 132.35,
            "debt_ratio": 45.46,
            "inventory_turnover_ratio": 1.54,
            "account_receivable_turnover_ratio": null,
            "reinvestment_rate": null,
            "research_to_sale_ratio": null,
            "price_fair": 0,
            "eps_avg_yearly": 0,
            "eps_latest_yearly": 0,
            "eps_growth_yearly": 0
        },
        "20024": {
            "year_quarter": 20024,
            "year": 2002,
            "quarter": 4,
            "eps": -0.69,
            "eps_growth_year": null,
            "eps_4q": -1.89,
            "eps_4q_growth_year": null,
            "roe": -10.49,
            "gross_profit": 13799,
            "gross_margin": 10.66,
            "net_income": -27531,
            "revenue": 129463,
            "common_shares": 431000,
            "equity": 254753,
            "current_ratio": 139.3,
            "debt_ratio": 46.05,
            "inventory_turnover_ratio": 1.39,
            "account_receivable_turnover_ratio": null,
            "reinvestment_rate": null,
            "research_to_sale_ratio": null,
            "price_fair": 0,
            "eps_avg_yearly": 0,
            "eps_latest_yearly": 0,
            "eps_growth_yearly": 0
        },
        "20031": {
            "year_quarter": 20031,
            "year": 2003,
            "quarter": 1,
            "eps": -0.35,
            "eps_growth_year": null,
            "eps_4q": -2.03,
            "eps_4q_growth_year": null,
            "roe": -5.85,
            "gross_profit": 17024,
            "gross_margin": 25.51,
            "net_income": -14042,
            "revenue": 66728,
            "common_shares": 431000,
            "equity": 225160,
            "current_ratio": 127.59,
            "debt_ratio": 35.56,
            "inventory_turnover_ratio": 0.8,
            "account_receivable_turnover_ratio": null,
            "reinvestment_rate": null,
            "research_to_sale_ratio": null,
            "price_fair": 0,
            "eps_avg_yearly": 0,
            "eps_latest_yearly": 0,
            "eps_growth_yearly": 0
        },
        "20032": {
            "year_quarter": 20032,
            "year": 2003,
            "quarter": 2,
            "eps": -0.47,
            "eps_growth_year": null,
            "eps_4q": -2.16,
            "eps_4q_growth_year": null,
            "roe": -8.66,
            "gross_profit": 12300,
            "gross_margin": 17.85,
            "net_income": -18699,
            "revenue": 68923,
            "common_shares": 431000,
            "equity": 206520,
            "current_ratio": 123.65,
            "debt_ratio": 34.52,
            "inventory_turnover_ratio": 2.65,
            "account_receivable_turnover_ratio": null,
            "reinvestment_rate": null,
            "research_to_sale_ratio": null,
            "price_fair": 0,
            "eps_avg_yearly": 0,
            "eps_latest_yearly": 0,
            "eps_growth_yearly": 0
        },
        "20033": {
            "year_quarter": 20033,
            "year": 2003,
            "quarter": 3,
            "eps": -0.1,
            "eps_growth_year": null,
            "eps_4q": -1.49,
            "eps_4q_growth_year": null,
            "roe": -1.88,
            "gross_profit": 18860,
            "gross_margin": 49.72,
            "net_income": -3831,
            "revenue": 37930,
            "common_shares": 431000,
            "equity": 201727,
            "current_ratio": 126.12,
            "debt_ratio": 32.24,
            "inventory_turnover_ratio": 18.83,
            "account_receivable_turnover_ratio": null,
            "reinvestment_rate": null,
            "research_to_sale_ratio": null,
            "price_fair": 0,
            "eps_avg_yearly": 0,
            "eps_latest_yearly": 0,
            "eps_growth_yearly": 0
        },
        "20034": {
            "year_quarter": 20034,
            "year": 2003,
            "quarter": 4,
            "eps": -0.05,
            "eps_growth_year": null,
            "eps_4q": -1.39,
            "eps_4q_growth_year": null,
            "roe": -0.58,
            "gross_profit": 16010,
            "gross_margin": 42.3,
            "net_income": -1207,
            "revenue": 37847,
            "common_shares": 226746,
            "equity": 211289,
            "current_ratio": 152.22,
            "debt_ratio": 29.86,
            "inventory_turnover_ratio": 3.91,
            "account_receivable_turnover_ratio": null,
            "reinvestment_rate": null,
            "research_to_sale_ratio": null,
            "price_fair": 0,
            "eps_avg_yearly": 0,
            "eps_latest_yearly": 0,
            "eps_growth_yearly": 0
        },
        "20041": {
            "year_quarter": 20041,
            "year": 2004,
            "quarter": 1,
            "eps": -0.88,
            "eps_growth_year": null,
            "eps_4q": -1.89,
            "eps_4q_growth_year": null,
            "roe": -9.84,
            "gross_profit": 3331,
            "gross_margin": 22.75,
            "net_income": -20733,
            "revenue": 14643,
            "common_shares": 256746,
            "equity": 209946,
            "current_ratio": 185.17,
            "debt_ratio": 18.61,
            "inventory_turnover_ratio": 1.78,
            "account_receivable_turnover_ratio": null,
            "reinvestment_rate": null,
            "research_to_sale_ratio": null,
            "price_fair": 0,
            "eps_avg_yearly": 0,
            "eps_latest_yearly": 0,
            "eps_growth_yearly": 0
        },
        "20042": {
            "year_quarter": 20042,
            "year": 2004,
            "quarter": 2,
            "eps": -0.45,
            "eps_growth_year": null,
            "eps_4q": -1.43,
            "eps_4q_growth_year": null,
            "roe": -5.48,
            "gross_profit": 15928,
            "gross_margin": 47.57,
            "net_income": -11040,
            "revenue": 33480,
            "common_shares": 256746,
            "equity": 193149,
            "current_ratio": 190.14,
            "debt_ratio": 19.42,
            "inventory_turnover_ratio": 9.64,
            "account_receivable_turnover_ratio": null,
            "reinvestment_rate": null,
            "research_to_sale_ratio": null,
            "price_fair": 0,
            "eps_avg_yearly": 0,
            "eps_latest_yearly": 0,
            "eps_growth_yearly": 0
        },
        "20043": {
            "year_quarter": 20043,
            "year": 2004,
            "quarter": 3,
            "eps": -0.32,
            "eps_growth_year": null,
            "eps_4q": -1.59,
            "eps_4q_growth_year": null,
            "roe": -4.28,
            "gross_profit": 18159,
            "gross_margin": 56.95,
            "net_income": -7923,
            "revenue": 31886,
            "common_shares": 256746,
            "equity": 176774,
            "current_ratio": 178.15,
            "debt_ratio": 22.36,
            "inventory_turnover_ratio": 9.98,
            "account_receivable_turnover_ratio": null,
            "reinvestment_rate": null,
            "research_to_sale_ratio": null,
            "price_fair": 0,
            "eps_avg_yearly": 0,
            "eps_latest_yearly": 0,
            "eps_growth_yearly": 0
        },
        "20044": {
            "year_quarter": 20044,
            "year": 2004,
            "quarter": 4,
            "eps": -0.57,
            "eps_growth_year": null,
            "eps_4q": -2.01,
            "eps_4q_growth_year": null,
            "roe": -8.44,
            "gross_profit": 8410,
            "gross_margin": 35.38,
            "net_income": -14410,
            "revenue": 23773,
            "common_shares": 256746,
            "equity": 164722,
            "current_ratio": 182.13,
            "debt_ratio": 22.7,
            "inventory_turnover_ratio": 3.84,
            "account_receivable_turnover_ratio": null,
            "reinvestment_rate": null,
            "research_to_sale_ratio": null,
            "price_fair": 0,
            "eps_avg_yearly": 0,
            "eps_latest_yearly": 0,
            "eps_growth_yearly": 0
        },
        "20051": {
            "year_quarter": 20051,
            "year": 2005,
            "quarter": 1,
            "eps": -0.85,
            "eps_growth_year": null,
            "eps_4q": -2.15,
            "eps_4q_growth_year": null,
            "roe": -14.04,
            "gross_profit": -543,
            "gross_margin": -3.08,
            "net_income": -21900,
            "revenue": 17610,
            "common_shares": 256746,
            "equity": 147297,
            "current_ratio": 145.33,
            "debt_ratio": 22.25,
            "inventory_turnover_ratio": 4.73,
            "account_receivable_turnover_ratio": null,
            "reinvestment_rate": null,
            "research_to_sale_ratio": null,
            "price_fair": 0,
            "eps_avg_yearly": 0,
            "eps_latest_yearly": 0,
            "eps_growth_yearly": 0
        },
        "20052": {
            "year_quarter": 20052,
            "year": 2005,
            "quarter": 2,
            "eps": 0.47,
            "eps_growth_year": null,
            "eps_4q": -1.26,
            "eps_4q_growth_year": null,
            "roe": 7.75,
            "gross_profit": 31841,
            "gross_margin": 55.33,
            "net_income": 12026,
            "revenue": 57549,
            "common_shares": 256746,
            "equity": 163039,
            "current_ratio": 188.58,
            "debt_ratio": 20.76,
            "inventory_turnover_ratio": 30.75,
            "account_receivable_turnover_ratio": null,
            "reinvestment_rate": null,
            "research_to_sale_ratio": null,
            "price_fair": 0,
            "eps_avg_yearly": 0,
            "eps_latest_yearly": 0,
            "eps_growth_yearly": 0
        },
        "20053": {
            "year_quarter": 20053,
            "year": 2005,
            "quarter": 3,
            "eps": 0.42,
            "eps_growth_year": null,
            "eps_4q": -0.52,
            "eps_4q_growth_year": null,
            "roe": 6.56,
            "gross_profit": 25638,
            "gross_margin": 43.65,
            "net_income": 10905,
            "revenue": 58735,
            "common_shares": 256746,
            "equity": 169263,
            "current_ratio": 210.96,
            "debt_ratio": 23.35,
            "inventory_turnover_ratio": 26.68,
            "account_receivable_turnover_ratio": null,
            "reinvestment_rate": null,
            "research_to_sale_ratio": null,
            "price_fair": 5.04,
            "eps_avg_yearly": 1.68,
            "eps_latest_yearly": 1.68,
            "eps_growth_yearly": -42.55
        },
        "20054": {
            "year_quarter": 20054,
            "year": 2005,
            "quarter": 4,
            "eps": 0.13,
            "eps_growth_year": null,
            "eps_4q": 0.17,
            "eps_4q_growth_year": null,
            "roe": 1.89,
            "gross_profit": 16313,
            "gross_margin": 33.35,
            "net_income": 3212,
            "revenue": 48916,
            "common_shares": 256746,
            "equity": 170069,
            "current_ratio": 223.33,
            "debt_ratio": 23.36,
            "inventory_turnover_ratio": 33.27,
            "account_receivable_turnover_ratio": null,
            "reinvestment_rate": null,
            "research_to_sale_ratio": null,
            "price_fair": 3.3,
            "eps_avg_yearly": 1.1,
            "eps_latest_yearly": 0.52,
            "eps_growth_yearly": -159.37
        },
        "20061": {
            "year_quarter": 20061,
            "year": 2006,
            "quarter": 1,
            "eps": -0.49,
            "eps_growth_year": null,
            "eps_4q": 0.53,
            "eps_4q_growth_year": null,
            "roe": -7.68,
            "gross_profit": 2620,
            "gross_margin": 13.58,
            "net_income": -12543,
            "revenue": 19299,
            "common_shares": 256746,
            "equity": 156553,
            "current_ratio": 248.32,
            "debt_ratio": 19.48,
            "inventory_turnover_ratio": 52.7,
            "account_receivable_turnover_ratio": null,
            "reinvestment_rate": null,
            "research_to_sale_ratio": null,
            "price_fair": 3.3,
            "eps_avg_yearly": 1.1,
            "eps_latest_yearly": 0.52,
            "eps_growth_yearly": -159.37
        },
        "20062": {
            "year_quarter": 20062,
            "year": 2006,
            "quarter": 2,
            "eps": -0.38,
            "eps_growth_year": -180.85,
            "eps_4q": -0.31,
            "eps_4q_growth_year": null,
            "roe": -6.3,
            "gross_profit": 6813,
            "gross_margin": 29.1,
            "net_income": -9639,
            "revenue": 23416,
            "common_shares": 256746,
            "equity": 149562,
            "current_ratio": 222.38,
            "debt_ratio": 20.08,
            "inventory_turnover_ratio": 51.64,
            "account_receivable_turnover_ratio": null,
            "reinvestment_rate": null,
            "research_to_sale_ratio": null,
            "price_fair": 3.3,
            "eps_avg_yearly": 1.1,
            "eps_latest_yearly": 0.52,
            "eps_growth_yearly": -159.37
        },
        "20063": {
            "year_quarter": 20063,
            "year": 2006,
            "quarter": 3,
            "eps": -0.32,
            "eps_growth_year": -176.19,
            "eps_4q": -1.06,
            "eps_4q_growth_year": null,
            "roe": -5.75,
            "gross_profit": 6802,
            "gross_margin": 32.11,
            "net_income": -8286,
            "revenue": 21185,
            "common_shares": 256746,
            "equity": 138605,
            "current_ratio": 199.32,
            "debt_ratio": 22.03,
            "inventory_turnover_ratio": 43.98,
            "account_receivable_turnover_ratio": null,
            "reinvestment_rate": null,
            "research_to_sale_ratio": null,
            "price_fair": 3.3,
            "eps_avg_yearly": 1.1,
            "eps_latest_yearly": 0.52,
            "eps_growth_yearly": -159.37
        },
        "20064": {
            "year_quarter": 20064,
            "year": 2006,
            "quarter": 4,
            "eps": 0.34,
            "eps_growth_year": 161.54,
            "eps_4q": -0.86,
            "eps_4q_growth_year": -600.36,
            "roe": 5.94,
            "gross_profit": 23087,
            "gross_margin": 58.66,
            "net_income": 8638,
            "revenue": 39358,
            "common_shares": 256746,
            "equity": 152102,
            "current_ratio": 255.83,
            "debt_ratio": 18.9,
            "inventory_turnover_ratio": 49.76,
            "account_receivable_turnover_ratio": null,
            "reinvestment_rate": null,
            "research_to_sale_ratio": null,
            "price_fair": 3.3,
            "eps_avg_yearly": 1.1,
            "eps_latest_yearly": 0.52,
            "eps_growth_yearly": -159.37
        },
        "20071": {
            "year_quarter": 20071,
            "year": 2007,
            "quarter": 1,
            "eps": -0.04,
            "eps_growth_year": null,
            "eps_4q": -0.44,
            "eps_4q_growth_year": -183.69,
            "roe": -0.61,
            "gross_profit": 9553,
            "gross_margin": 36.42,
            "net_income": -918,
            "revenue": 26229,
            "common_shares": 256746,
            "equity": 150818,
            "current_ratio": 209.69,
            "debt_ratio": 21.72,
            "inventory_turnover_ratio": 52.44,
            "account_receivable_turnover_ratio": null,
            "reinvestment_rate": null,
            "research_to_sale_ratio": null,
            "price_fair": 3.3,
            "eps_avg_yearly": 1.1,
            "eps_latest_yearly": 0.52,
            "eps_growth_yearly": -159.37
        },
        "20072": {
            "year_quarter": 20072,
            "year": 2007,
            "quarter": 2,
            "eps": -0.08,
            "eps_growth_year": null,
            "eps_4q": -0.11,
            "eps_4q_growth_year": null,
            "roe": -1.41,
            "gross_profit": 7047,
            "gross_margin": 27.01,
            "net_income": -2167,
            "revenue": 26089,
            "common_shares": 256746,
            "equity": 156426,
            "current_ratio": 221.49,
            "debt_ratio": 18.54,
            "inventory_turnover_ratio": 61.62,
            "account_receivable_turnover_ratio": null,
            "reinvestment_rate": null,
            "research_to_sale_ratio": null,
            "price_fair": 3.3,
            "eps_avg_yearly": 1.1,
            "eps_latest_yearly": 0.52,
            "eps_growth_yearly": -159.37
        },
        "20073": {
            "year_quarter": 20073,
            "year": 2007,
            "quarter": 3,
            "eps": 0.28,
            "eps_growth_year": null,
            "eps_4q": 0.49,
            "eps_4q_growth_year": null,
            "roe": 4.63,
            "gross_profit": 18035,
            "gross_margin": 46.16,
            "net_income": 7279,
            "revenue": 39069,
            "common_shares": 256746,
            "equity": 157753,
            "current_ratio": 241.72,
            "debt_ratio": 18.77,
            "inventory_turnover_ratio": 130.65,
            "account_receivable_turnover_ratio": null,
            "reinvestment_rate": null,
            "research_to_sale_ratio": null,
            "price_fair": 3.3,
            "eps_avg_yearly": 1.1,
            "eps_latest_yearly": 0.52,
            "eps_growth_yearly": -159.37
        },
        "20074": {
            "year_quarter": 20074,
            "year": 2007,
            "quarter": 4,
            "eps": 0.27,
            "eps_growth_year": -20.59,
            "eps_4q": 0.43,
            "eps_4q_growth_year": null,
            "roe": 4.46,
            "gross_profit": 20411,
            "gross_margin": 46.16,
            "net_income": 7034,
            "revenue": 44214,
            "common_shares": 256746,
            "equity": 157742,
            "current_ratio": 254.82,
            "debt_ratio": 18.96,
            "inventory_turnover_ratio": 1831,
            "account_receivable_turnover_ratio": null,
            "reinvestment_rate": null,
            "research_to_sale_ratio": null,
            "price_fair": 3.28,
            "eps_avg_yearly": 1.09,
            "eps_latest_yearly": 1.08,
            "eps_growth_yearly": -111.01
        },
        "20081": {
            "year_quarter": 20081,
            "year": 2008,
            "quarter": 1,
            "eps": -0.28,
            "eps_growth_year": null,
            "eps_4q": 0.2,
            "eps_4q_growth_year": null,
            "roe": -4.56,
            "gross_profit": 3231,
            "gross_margin": 13.94,
            "net_income": -7082,
            "revenue": 23182,
            "common_shares": 256746,
            "equity": 152603,
            "current_ratio": 237.64,
            "debt_ratio": 18.44,
            "inventory_turnover_ratio": 1534.69,
            "account_receivable_turnover_ratio": null,
            "reinvestment_rate": null,
            "research_to_sale_ratio": null,
            "price_fair": 3.28,
            "eps_avg_yearly": 1.09,
            "eps_latest_yearly": 1.08,
            "eps_growth_yearly": -111.01
        },
        "20082": {
            "year_quarter": 20082,
            "year": 2008,
            "quarter": 2,
            "eps": -0.26,
            "eps_growth_year": null,
            "eps_4q": 0.02,
            "eps_4q_growth_year": null,
            "roe": -4.48,
            "gross_profit": 5358,
            "gross_margin": 18.42,
            "net_income": -6683,
            "revenue": 29086,
            "common_shares": 256746,
            "equity": 145701,
            "current_ratio": 194.92,
            "debt_ratio": 21.32,
            "inventory_turnover_ratio": 1825.23,
            "account_receivable_turnover_ratio": null,
            "reinvestment_rate": null,
            "research_to_sale_ratio": null,
            "price_fair": 3.28,
            "eps_avg_yearly": 1.09,
            "eps_latest_yearly": 1.08,
            "eps_growth_yearly": -111.01
        },
        "20083": {
            "year_quarter": 20083,
            "year": 2008,
            "quarter": 3,
            "eps": 0.23,
            "eps_growth_year": -17.86,
            "eps_4q": -0.04,
            "eps_4q_growth_year": -107.29,
            "roe": 4.01,
            "gross_profit": 15460,
            "gross_margin": 33.56,
            "net_income": 5820,
            "revenue": 46073,
            "common_shares": 256746,
            "equity": 144453,
            "current_ratio": 204.51,
            "debt_ratio": 22.85,
            "inventory_turnover_ratio": 2354.85,
            "account_receivable_turnover_ratio": null,
            "reinvestment_rate": null,
            "research_to_sale_ratio": null,
            "price_fair": 3.28,
            "eps_avg_yearly": 1.09,
            "eps_latest_yearly": 1.08,
            "eps_growth_yearly": -111.01
        },
        "20084": {
            "year_quarter": 20084,
            "year": 2008,
            "quarter": 4,
            "eps": 0.89,
            "eps_growth_year": 229.63,
            "eps_4q": 0.58,
            "eps_4q_growth_year": 34.49,
            "roe": 14.7,
            "gross_profit": 33766,
            "gross_margin": 49.45,
            "net_income": 22782,
            "revenue": 68277,
            "common_shares": 256746,
            "equity": 165533,
            "current_ratio": 239.2,
            "debt_ratio": 23.42,
            "inventory_turnover_ratio": 5309.38,
            "account_receivable_turnover_ratio": 2.48,
            "reinvestment_rate": -187.3,
            "research_to_sale_ratio": null,
            "price_fair": 59.85,
            "eps_avg_yearly": 1.71,
            "eps_latest_yearly": 3.56,
            "eps_growth_yearly": 203.7
        },
        "20091": {
            "year_quarter": 20091,
            "year": 2009,
            "quarter": 1,
            "eps": -0.39,
            "eps_growth_year": null,
            "eps_4q": 0.47,
            "eps_4q_growth_year": 132.74,
            "roe": -6.18,
            "gross_profit": 4506,
            "gross_margin": 16.83,
            "net_income": -9955,
            "revenue": 26767,
            "common_shares": 256746,
            "equity": 156429,
            "current_ratio": 236.19,
            "debt_ratio": 22.01,
            "inventory_turnover_ratio": null,
            "account_receivable_turnover_ratio": 0.52,
            "reinvestment_rate": -36.21,
            "research_to_sale_ratio": null,
            "price_fair": 59.85,
            "eps_avg_yearly": 1.71,
            "eps_latest_yearly": 3.56,
            "eps_growth_yearly": 203.7
        },
        "20092": {
            "year_quarter": 20092,
            "year": 2009,
            "quarter": 2,
            "eps": 0.04,
            "eps_growth_year": null,
            "eps_4q": 0.75,
            "eps_4q_growth_year": 3412.4,
            "roe": 0.66,
            "gross_profit": 17220,
            "gross_margin": 35.25,
            "net_income": 1051,
            "revenue": 48857,
            "common_shares": 256746,
            "equity": 161002,
            "current_ratio": 206.55,
            "debt_ratio": 25.8,
            "inventory_turnover_ratio": null,
            "account_receivable_turnover_ratio": 1.11,
            "reinvestment_rate": -61.15,
            "research_to_sale_ratio": null,
            "price_fair": 59.85,
            "eps_avg_yearly": 1.71,
            "eps_latest_yearly": 3.56,
            "eps_growth_yearly": 203.7
        },
        "20093": {
            "year_quarter": 20093,
            "year": 2009,
            "quarter": 3,
            "eps": -0.05,
            "eps_growth_year": -121.74,
            "eps_4q": 0.49,
            "eps_4q_growth_year": null,
            "roe": -0.75,
            "gross_profit": 15163,
            "gross_margin": 36.52,
            "net_income": -1213,
            "revenue": 41516,
            "common_shares": 256746,
            "equity": 164526,
            "current_ratio": 209.36,
            "debt_ratio": 24.35,
            "inventory_turnover_ratio": null,
            "account_receivable_turnover_ratio": 0.98,
            "reinvestment_rate": null,
            "research_to_sale_ratio": null,
            "price_fair": 60.2,
            "eps_avg_yearly": 1.72,
            "eps_latest_yearly": 3.56,
            "eps_growth_yearly": 285.78
        },
        "20094": {
            "year_quarter": 20094,
            "year": 2009,
            "quarter": 4,
            "eps": 1,
            "eps_growth_year": 12.36,
            "eps_4q": 0.6,
            "eps_4q_growth_year": 3.91,
            "roe": 13.4,
            "gross_profit": 34052,
            "gross_margin": 51.57,
            "net_income": 25581,
            "revenue": 66027,
            "common_shares": 256746,
            "equity": 217154,
            "current_ratio": 350.25,
            "debt_ratio": 18.08,
            "inventory_turnover_ratio": null,
            "account_receivable_turnover_ratio": 3.2,
            "reinvestment_rate": 179.02,
            "research_to_sale_ratio": null,
            "price_fair": 81.2,
            "eps_avg_yearly": 2.32,
            "eps_latest_yearly": 3.56,
            "eps_growth_yearly": 566.77
        },
        "20101": {
            "year_quarter": 20101,
            "year": 2010,
            "quarter": 1,
            "eps": 0.09,
            "eps_growth_year": null,
            "eps_4q": 1.08,
            "eps_4q_growth_year": 132.59,
            "roe": 1.07,
            "gross_profit": 15140,
            "gross_margin": 29.64,
            "net_income": 2408,
            "revenue": 51073,
            "common_shares": 256746,
            "equity": 232743,
            "current_ratio": 345.29,
            "debt_ratio": 17.05,
            "inventory_turnover_ratio": 1633.32,
            "account_receivable_turnover_ratio": 1.09,
            "reinvestment_rate": 156.71,
            "research_to_sale_ratio": 7.51,
            "price_fair": 58.33,
            "eps_avg_yearly": 1.67,
            "eps_latest_yearly": 0.36,
            "eps_growth_yearly": 256.51
        },
        "20102": {
            "year_quarter": 20102,
            "year": 2010,
            "quarter": 2,
            "eps": 0.22,
            "eps_growth_year": 441.98,
            "eps_4q": 1.09,
            "eps_4q_growth_year": 45.35,
            "roe": 2.53,
            "gross_profit": 26151,
            "gross_margin": 44.92,
            "net_income": 6650,
            "revenue": 58212,
            "common_shares": 306746,
            "equity": 293921,
            "current_ratio": 478.86,
            "debt_ratio": 14.92,
            "inventory_turnover_ratio": 170.54,
            "account_receivable_turnover_ratio": 1.07,
            "reinvestment_rate": 95.75,
            "research_to_sale_ratio": 8.82,
            "price_fair": 51.45,
            "eps_avg_yearly": 1.47,
            "eps_latest_yearly": 0.88,
            "eps_growth_yearly": 336.83
        },
        "20103": {
            "year_quarter": 20103,
            "year": 2010,
            "quarter": 3,
            "eps": 0.14,
            "eps_growth_year": null,
            "eps_4q": 1.27,
            "eps_4q_growth_year": 157.48,
            "roe": 1.47,
            "gross_profit": 21002,
            "gross_margin": 39.8,
            "net_income": 4322,
            "revenue": 52770,
            "common_shares": 306746,
            "equity": 295230,
            "current_ratio": 461.12,
            "debt_ratio": 15.66,
            "inventory_turnover_ratio": 191.37,
            "account_receivable_turnover_ratio": 0.92,
            "reinvestment_rate": 75.3,
            "research_to_sale_ratio": 9.07,
            "price_fair": 45.08,
            "eps_avg_yearly": 1.29,
            "eps_latest_yearly": 0.56,
            "eps_growth_yearly": 240.37
        },
        "20104": {
            "year_quarter": 20104,
            "year": 2010,
            "quarter": 4,
            "eps": 0.54,
            "eps_growth_year": -45.97,
            "eps_4q": 0.98,
            "eps_4q_growth_year": 62.12,
            "roe": 5.48,
            "gross_profit": 37975,
            "gross_margin": 55.57,
            "net_income": 16573,
            "revenue": 68336,
            "common_shares": 306746,
            "equity": 309159,
            "current_ratio": 469.23,
            "debt_ratio": 16.68,
            "inventory_turnover_ratio": null,
            "account_receivable_turnover_ratio": 1.18,
            "reinvestment_rate": 61.98,
            "research_to_sale_ratio": 9.48,
            "price_fair": 50.17,
            "eps_avg_yearly": 1.43,
            "eps_latest_yearly": 2.16,
            "eps_growth_yearly": 390.79
        },
        "20111": {
            "year_quarter": 20111,
            "year": 2011,
            "quarter": 1,
            "eps": -0.35,
            "eps_growth_year": -488.89,
            "eps_4q": 0.55,
            "eps_4q_growth_year": -49.48,
            "roe": -3.59,
            "gross_profit": 1190,
            "gross_margin": 3.44,
            "net_income": -10749,
            "revenue": 34564,
            "common_shares": 306746,
            "equity": 290479,
            "current_ratio": 392.27,
            "debt_ratio": 18.81,
            "inventory_turnover_ratio": 18.77,
            "account_receivable_turnover_ratio": 0.63,
            "reinvestment_rate": 50.37,
            "research_to_sale_ratio": 7.54,
            "price_fair": 50.17,
            "eps_avg_yearly": 1.43,
            "eps_latest_yearly": 2.16,
            "eps_growth_yearly": 390.79
        },
        "20112": {
            "year_quarter": 20112,
            "year": 2011,
            "quarter": 2,
            "eps": 0.2,
            "eps_growth_year": -9.13,
            "eps_4q": 0.53,
            "eps_4q_growth_year": -51.57,
            "roe": 2.04,
            "gross_profit": 23761,
            "gross_margin": 38.16,
            "net_income": 6043,
            "revenue": 62267,
            "common_shares": 306746,
            "equity": 302363,
            "current_ratio": 407.9,
            "debt_ratio": 17.97,
            "inventory_turnover_ratio": 13.53,
            "account_receivable_turnover_ratio": 1.03,
            "reinvestment_rate": 94.16,
            "research_to_sale_ratio": 9.84,
            "price_fair": 50.17,
            "eps_avg_yearly": 1.43,
            "eps_latest_yearly": 2.16,
            "eps_growth_yearly": 390.79
        },
        "20113": {
            "year_quarter": 20113,
            "year": 2011,
            "quarter": 3,
            "eps": 0.02,
            "eps_growth_year": -83.66,
            "eps_4q": 0.41,
            "eps_4q_growth_year": -67.73,
            "roe": 0.24,
            "gross_profit": 19706,
            "gross_margin": 38.94,
            "net_income": 706,
            "revenue": 50601,
            "common_shares": 306746,
            "equity": 290418,
            "current_ratio": 435.77,
            "debt_ratio": 17.49,
            "inventory_turnover_ratio": 14.48,
            "account_receivable_turnover_ratio": 0.84,
            "reinvestment_rate": 82.17,
            "research_to_sale_ratio": 11.15,
            "price_fair": 43.4,
            "eps_avg_yearly": 1.24,
            "eps_latest_yearly": 0.08,
            "eps_growth_yearly": 283.53
        },
        "20114": {
            "year_quarter": 20114,
            "year": 2011,
            "quarter": 4,
            "eps": 0.4,
            "eps_growth_year": -26.51,
            "eps_4q": 0.27,
            "eps_4q_growth_year": -72.69,
            "roe": 4.13,
            "gross_profit": 27430,
            "gross_margin": 45.26,
            "net_income": 12180,
            "revenue": 60606,
            "common_shares": 306746,
            "equity": 300060,
            "current_ratio": 429.09,
            "debt_ratio": 16.55,
            "inventory_turnover_ratio": 12.83,
            "account_receivable_turnover_ratio": 1.24,
            "reinvestment_rate": 73.94,
            "research_to_sale_ratio": 7.94,
            "price_fair": 46,
            "eps_avg_yearly": 1.31,
            "eps_latest_yearly": 1.6,
            "eps_growth_yearly": 1371.29
        },
        "20121": {
            "year_quarter": 20121,
            "year": 2012,
            "quarter": 1,
            "eps": -0.19,
            "eps_growth_year": null,
            "eps_4q": 0.43,
            "eps_4q_growth_year": -21.51,
            "roe": -1.92,
            "gross_profit": 9540,
            "gross_margin": 20.98,
            "net_income": -5746,
            "revenue": 45480,
            "common_shares": 306746,
            "equity": 299268,
            "current_ratio": 362.78,
            "debt_ratio": 17.88,
            "inventory_turnover_ratio": 11.47,
            "account_receivable_turnover_ratio": 1.02,
            "reinvestment_rate": 79.04,
            "research_to_sale_ratio": 11.37,
            "price_fair": 46,
            "eps_avg_yearly": 1.31,
            "eps_latest_yearly": 1.6,
            "eps_growth_yearly": 1371.29
        },
        "20122": {
            "year_quarter": 20122,
            "year": 2012,
            "quarter": 2,
            "eps": -0.03,
            "eps_growth_year": -113.34,
            "eps_4q": 0.21,
            "eps_4q_growth_year": -60.87,
            "roe": -0.27,
            "gross_profit": 22994,
            "gross_margin": 40.34,
            "net_income": -806,
            "revenue": 57004,
            "common_shares": 306746,
            "equity": 294774,
            "current_ratio": 366.39,
            "debt_ratio": 18.19,
            "inventory_turnover_ratio": 10.87,
            "account_receivable_turnover_ratio": 1.29,
            "reinvestment_rate": 82.09,
            "research_to_sale_ratio": 12.55,
            "price_fair": 46,
            "eps_avg_yearly": 1.31,
            "eps_latest_yearly": 1.6,
            "eps_growth_yearly": 1371.29
        },
        "20123": {
            "year_quarter": 20123,
            "year": 2012,
            "quarter": 3,
            "eps": 0.23,
            "eps_growth_year": 915.85,
            "eps_4q": 0.42,
            "eps_4q_growth_year": 1.81,
            "roe": 2.4,
            "gross_profit": 27984,
            "gross_margin": 47.95,
            "net_income": 7172,
            "revenue": 58364,
            "common_shares": 306746,
            "equity": 302189,
            "current_ratio": 350.35,
            "debt_ratio": 19.35,
            "inventory_turnover_ratio": 10.5,
            "account_receivable_turnover_ratio": 1.2,
            "reinvestment_rate": 78.83,
            "research_to_sale_ratio": 13.3,
            "price_fair": 46,
            "eps_avg_yearly": 1.31,
            "eps_latest_yearly": 1.6,
            "eps_growth_yearly": 1371.29
        },
        "20124": {
            "year_quarter": 20124,
            "year": 2012,
            "quarter": 4,
            "eps": 0.41,
            "eps_growth_year": 2.61,
            "eps_4q": 0.43,
            "eps_4q_growth_year": 60.37,
            "roe": 4.07,
            "gross_profit": 29309,
            "gross_margin": 44.96,
            "net_income": 12498,
            "revenue": 65183,
            "common_shares": 306746,
            "equity": 311866,
            "current_ratio": 439.68,
            "debt_ratio": 16.01,
            "inventory_turnover_ratio": 15.68,
            "account_receivable_turnover_ratio": 1.4,
            "reinvestment_rate": 85.82,
            "research_to_sale_ratio": 14.29,
            "price_fair": 36.4,
            "eps_avg_yearly": 1.04,
            "eps_latest_yearly": 1.64,
            "eps_growth_yearly": 1252.03
        },
        "20131": {
            "year_quarter": 20131,
            "year": 2013,
            "quarter": 1,
            "eps": 1.02,
            "eps_growth_year": null,
            "eps_4q": 1.64,
            "eps_4q_growth_year": 281.27,
            "roe": 9.64,
            "gross_profit": 11725,
            "gross_margin": 27.45,
            "net_income": 31399,
            "revenue": 42717,
            "common_shares": 306746,
            "equity": 339730,
            "current_ratio": 474.96,
            "debt_ratio": 18.93,
            "inventory_turnover_ratio": 4.34,
            "account_receivable_turnover_ratio": 1.02,
            "reinvestment_rate": 20.37,
            "research_to_sale_ratio": 18.29,
            "price_fair": 49.7,
            "eps_avg_yearly": 1.42,
            "eps_latest_yearly": 4.08,
            "eps_growth_yearly": 1169.92
        },
        "20132": {
            "year_quarter": 20132,
            "year": 2013,
            "quarter": 2,
            "eps": -0.01,
            "eps_growth_year": null,
            "eps_4q": 1.66,
            "eps_4q_growth_year": 701.86,
            "roe": -0.08,
            "gross_profit": 18979,
            "gross_margin": 33.05,
            "net_income": -279,
            "revenue": 57432,
            "common_shares": 306746,
            "equity": 335997,
            "current_ratio": 435.41,
            "debt_ratio": 18.89,
            "inventory_turnover_ratio": 3.24,
            "account_receivable_turnover_ratio": 1.23,
            "reinvestment_rate": 28.53,
            "research_to_sale_ratio": 12.74,
            "price_fair": 49.7,
            "eps_avg_yearly": 1.42,
            "eps_latest_yearly": 4.08,
            "eps_growth_yearly": 1169.92
        },
        "20133": {
            "year_quarter": 20133,
            "year": 2013,
            "quarter": 3,
            "eps": 0.49,
            "eps_growth_year": 109.57,
            "eps_4q": 1.91,
            "eps_4q_growth_year": 358.45,
            "roe": 4.37,
            "gross_profit": 23189,
            "gross_margin": 41.43,
            "net_income": 15063,
            "revenue": 55967,
            "common_shares": 306746,
            "equity": 353057,
            "current_ratio": 403.23,
            "debt_ratio": 19.58,
            "inventory_turnover_ratio": 3.07,
            "account_receivable_turnover_ratio": 1.05,
            "reinvestment_rate": 44.41,
            "research_to_sale_ratio": 23.25,
            "price_fair": 49.7,
            "eps_avg_yearly": 1.42,
            "eps_latest_yearly": 4.08,
            "eps_growth_yearly": 1169.92
        },
        "20134": {
            "year_quarter": 20134,
            "year": 2013,
            "quarter": 4,
            "eps": -0.14,
            "eps_growth_year": -134.51,
            "eps_4q": 1.36,
            "eps_4q_growth_year": 219.18,
            "roe": -1.2,
            "gross_profit": 20686,
            "gross_margin": 35.61,
            "net_income": -4313,
            "revenue": 58087,
            "common_shares": 306746,
            "equity": 365191,
            "current_ratio": 406.35,
            "debt_ratio": 18.49,
            "inventory_turnover_ratio": 4.33,
            "account_receivable_turnover_ratio": 1.21,
            "reinvestment_rate": 31.65,
            "research_to_sale_ratio": 21,
            "price_fair": 49.7,
            "eps_avg_yearly": 1.42,
            "eps_latest_yearly": 4.08,
            "eps_growth_yearly": 1169.92
        },
        "20141": {
            "year_quarter": 20141,
            "year": 2014,
            "quarter": 1,
            "eps": 0.14,
            "eps_growth_year": -86.27,
            "eps_4q": 0.49,
            "eps_4q_growth_year": -70.36,
            "roe": 1.21,
            "gross_profit": 22202,
            "gross_margin": 38.95,
            "net_income": 4426,
            "revenue": 56996,
            "common_shares": 306746,
            "equity": 366098,
            "current_ratio": 474.04,
            "debt_ratio": 17.26,
            "inventory_turnover_ratio": 5.2,
            "account_receivable_turnover_ratio": 1.29,
            "reinvestment_rate": -18.45,
            "research_to_sale_ratio": 23.43,
            "price_fair": 55,
            "eps_avg_yearly": 1.57,
            "eps_latest_yearly": 4.08,
            "eps_growth_yearly": 1389.05
        },
        "20142": {
            "year_quarter": 20142,
            "year": 2014,
            "quarter": 2,
            "eps": 0.42,
            "eps_growth_year": null,
            "eps_4q": 0.92,
            "eps_4q_growth_year": -44.61,
            "roe": 3.65,
            "gross_profit": 42120,
            "gross_margin": 54.05,
            "net_income": 12958,
            "revenue": 77924,
            "common_shares": 306746,
            "equity": 344244,
            "current_ratio": 325.19,
            "debt_ratio": 24.93,
            "inventory_turnover_ratio": 6.48,
            "account_receivable_turnover_ratio": 1.46,
            "reinvestment_rate": -17.31,
            "research_to_sale_ratio": 15.48,
            "price_fair": 59,
            "eps_avg_yearly": 1.69,
            "eps_latest_yearly": 1.68,
            "eps_growth_yearly": 1420.8
        },
        "20143": {
            "year_quarter": 20143,
            "year": 2014,
            "quarter": 3,
            "eps": 0.03,
            "eps_growth_year": -93.88,
            "eps_4q": 0.46,
            "eps_4q_growth_year": -76.13,
            "roe": 0.27,
            "gross_profit": 22602,
            "gross_margin": 39.26,
            "net_income": 937,
            "revenue": 57565,
            "common_shares": 306746,
            "equity": 339944,
            "current_ratio": 420.93,
            "debt_ratio": 20.26,
            "inventory_turnover_ratio": 8.45,
            "account_receivable_turnover_ratio": 0.96,
            "reinvestment_rate": -25.33,
            "research_to_sale_ratio": 18.16,
            "price_fair": 56.8,
            "eps_avg_yearly": 1.62,
            "eps_latest_yearly": 0.12,
            "eps_growth_yearly": 1388.51
        },
        "20144": {
            "year_quarter": 20144,
            "year": 2014,
            "quarter": 4,
            "eps": 0.62,
            "eps_growth_year": null,
            "eps_4q": 1.24,
            "eps_4q_growth_year": -9.33,
            "roe": 5.31,
            "gross_profit": 31714,
            "gross_margin": 47.58,
            "net_income": 18158,
            "revenue": 66657,
            "common_shares": 306746,
            "equity": 344388,
            "current_ratio": 379.34,
            "debt_ratio": 20.84,
            "inventory_turnover_ratio": 12.5,
            "account_receivable_turnover_ratio": 1.17,
            "reinvestment_rate": -8.01,
            "research_to_sale_ratio": 17.62,
            "price_fair": 58.4,
            "eps_avg_yearly": 1.67,
            "eps_latest_yearly": 2.48,
            "eps_growth_yearly": 2349.06
        },
        "20151": {
            "year_quarter": 20151,
            "year": 2015,
            "quarter": 1,
            "eps": 0.33,
            "eps_growth_year": 135.71,
            "eps_4q": 1.41,
            "eps_4q_growth_year": 191.14,
            "roe": 2.75,
            "gross_profit": 35018,
            "gross_margin": 49.98,
            "net_income": 9622,
            "revenue": 70058,
            "common_shares": 306746,
            "equity": 355408,
            "current_ratio": 490.17,
            "debt_ratio": 16.74,
            "inventory_turnover_ratio": 26.77,
            "account_receivable_turnover_ratio": 1.19,
            "reinvestment_rate": 2.21,
            "research_to_sale_ratio": 19.16,
            "price_fair": 56.88,
            "eps_avg_yearly": 1.63,
            "eps_latest_yearly": 1.32,
            "eps_growth_yearly": 2032.04
        },
        "20152": {
            "year_quarter": 20152,
            "year": 2015,
            "quarter": 2,
            "eps": -0.11,
            "eps_growth_year": -126.19,
            "eps_4q": 0.87,
            "eps_4q_growth_year": -5.46,
            "roe": -0.89,
            "gross_profit": 24221,
            "gross_margin": 42.58,
            "net_income": -3159,
            "revenue": 56887,
            "common_shares": 306746,
            "equity": 350737,
            "current_ratio": 299.98,
            "debt_ratio": 23.99,
            "inventory_turnover_ratio": 140.2,
            "account_receivable_turnover_ratio": 0.89,
            "reinvestment_rate": 1.58,
            "research_to_sale_ratio": 24.15,
            "price_fair": 56.88,
            "eps_avg_yearly": 1.63,
            "eps_latest_yearly": 1.32,
            "eps_growth_yearly": 2032.04
        },
        "20153": {
            "year_quarter": 20153,
            "year": 2015,
            "quarter": 3,
            "eps": 0.62,
            "eps_growth_year": 1966.67,
            "eps_4q": 1.45,
            "eps_4q_growth_year": 218.11,
            "roe": 5.26,
            "gross_profit": 30325,
            "gross_margin": 48.7,
            "net_income": 18197,
            "revenue": 62263,
            "common_shares": 306746,
            "equity": 340624,
            "current_ratio": 424.89,
            "debt_ratio": 19.57,
            "inventory_turnover_ratio": null,
            "account_receivable_turnover_ratio": 1.07,
            "reinvestment_rate": -21.75,
            "research_to_sale_ratio": 20.25,
            "price_fair": 64.6,
            "eps_avg_yearly": 1.85,
            "eps_latest_yearly": 1.32,
            "eps_growth_yearly": 2373.76
        },
        "20154": {
            "year_quarter": 20154,
            "year": 2015,
            "quarter": 4,
            "eps": 0.42,
            "eps_growth_year": -31.98,
            "eps_4q": 1.26,
            "eps_4q_growth_year": 1.46,
            "roe": 3.58,
            "gross_profit": 40411,
            "gross_margin": 58.53,
            "net_income": 12351,
            "revenue": 69047,
            "common_shares": 306746,
            "equity": 350336,
            "current_ratio": 425.88,
            "debt_ratio": 19.97,
            "inventory_turnover_ratio": null,
            "account_receivable_turnover_ratio": 1.4,
            "reinvestment_rate": -22.22,
            "research_to_sale_ratio": 22.46,
            "price_fair": 65,
            "eps_avg_yearly": 1.86,
            "eps_latest_yearly": 1.68,
            "eps_growth_yearly": 1269.61
        },
        "20161": {
            "year_quarter": 20161,
            "year": 2016,
            "quarter": 1,
            "eps": -0.29,
            "eps_growth_year": -187.88,
            "eps_4q": 0.64,
            "eps_4q_growth_year": -54.45,
            "roe": -2.43,
            "gross_profit": 18136,
            "gross_margin": 40.79,
            "net_income": -8408,
            "revenue": 44458,
            "common_shares": 306746,
            "equity": 342124,
            "current_ratio": 470.73,
            "debt_ratio": 18.17,
            "inventory_turnover_ratio": null,
            "account_receivable_turnover_ratio": 1.05,
            "reinvestment_rate": -26.66,
            "research_to_sale_ratio": 28.75,
            "price_fair": 65,
            "eps_avg_yearly": 1.86,
            "eps_latest_yearly": 1.68,
            "eps_growth_yearly": 1269.61
        },
        "20162": {
            "year_quarter": 20162,
            "year": 2016,
            "quarter": 2,
            "eps": -0.41,
            "eps_growth_year": null,
            "eps_4q": 0.35,
            "eps_4q_growth_year": -60.11,
            "roe": -3.75,
            "gross_profit": 19827,
            "gross_margin": 39.65,
            "net_income": -11945,
            "revenue": 50010,
            "common_shares": 306746,
            "equity": 295283,
            "current_ratio": 299,
            "debt_ratio": 26.6,
            "inventory_turnover_ratio": null,
            "account_receivable_turnover_ratio": 1.3,
            "reinvestment_rate": -28.2,
            "research_to_sale_ratio": 28.09,
            "price_fair": 65,
            "eps_avg_yearly": 1.86,
            "eps_latest_yearly": 1.68,
            "eps_growth_yearly": 1269.61
        },
        "20163": {
            "year_quarter": 20163,
            "year": 2016,
            "quarter": 3,
            "eps": 0.28,
            "eps_growth_year": -54.84,
            "eps_4q": 0.01,
            "eps_4q_growth_year": -99.62,
            "roe": 2.72,
            "gross_profit": 32438,
            "gross_margin": 51.28,
            "net_income": 8165,
            "revenue": 63251,
            "common_shares": 306746,
            "equity": 304455,
            "current_ratio": 404.34,
            "debt_ratio": 20.35,
            "inventory_turnover_ratio": null,
            "account_receivable_turnover_ratio": 1.61,
            "reinvestment_rate": -26.39,
            "research_to_sale_ratio": 18.7,
            "price_fair": 65,
            "eps_avg_yearly": 1.86,
            "eps_latest_yearly": 1.68,
            "eps_growth_yearly": 1269.61
        },
        "20164": {
            "year_quarter": 20164,
            "year": 2016,
            "quarter": 4,
            "eps": 0.38,
            "eps_growth_year": -8.91,
            "eps_4q": -0.03,
            "eps_4q_growth_year": -102.53,
            "roe": 3.62,
            "gross_profit": 36549,
            "gross_margin": 53.03,
            "net_income": 11251,
            "revenue": 68927,
            "common_shares": 306746,
            "equity": 316949,
            "current_ratio": 401.42,
            "debt_ratio": 21,
            "inventory_turnover_ratio": 163.11,
            "account_receivable_turnover_ratio": 1.8,
            "reinvestment_rate": -22.63,
            "research_to_sale_ratio": 18.48,
            "price_fair": 64.4,
            "eps_avg_yearly": 1.84,
            "eps_latest_yearly": 1.52,
            "eps_growth_yearly": 1245.3
        },
        "20171": {
            "year_quarter": 20171,
            "year": 2017,
            "quarter": 1,
            "eps": -0.45,
            "eps_growth_year": null,
            "eps_4q": -0.2,
            "eps_4q_growth_year": -131.27,
            "roe": -4.29,
            "gross_profit": 15082,
            "gross_margin": 39.45,
            "net_income": -13406,
            "revenue": 38230,
            "common_shares": 306746,
            "equity": 307572,
            "current_ratio": 440.01,
            "debt_ratio": 18.86,
            "inventory_turnover_ratio": 58.68,
            "account_receivable_turnover_ratio": 1.03,
            "reinvestment_rate": 18.68,
            "research_to_sale_ratio": 32.44,
            "price_fair": 51.33,
            "eps_avg_yearly": 1.47,
            "eps_latest_yearly": 1.52,
            "eps_growth_yearly": 1353.66
        },
        "20172": {
            "year_quarter": 20172,
            "year": 2017,
            "quarter": 2,
            "eps": 0.08,
            "eps_growth_year": null,
            "eps_4q": 0.29,
            "eps_4q_growth_year": -16.65,
            "roe": 0.81,
            "gross_profit": 27982,
            "gross_margin": 48.94,
            "net_income": 2488,
            "revenue": 57171,
            "common_shares": 306746,
            "equity": 306759,
            "current_ratio": 395.99,
            "debt_ratio": 20.83,
            "inventory_turnover_ratio": 61.06,
            "account_receivable_turnover_ratio": 1.39,
            "reinvestment_rate": 2.65,
            "research_to_sale_ratio": 19.99,
            "price_fair": 51.33,
            "eps_avg_yearly": 1.47,
            "eps_latest_yearly": 1.52,
            "eps_growth_yearly": 1353.66
        },
        "20173": {
            "year_quarter": 20173,
            "year": 2017,
            "quarter": 3,
            "eps": 0.15,
            "eps_growth_year": -46.43,
            "eps_4q": 0.15,
            "eps_4q_growth_year": 2676.62,
            "roe": 1.37,
            "gross_profit": 24563,
            "gross_margin": 48.16,
            "net_income": 4377,
            "revenue": 50998,
            "common_shares": 306746,
            "equity": 331384,
            "current_ratio": 452.42,
            "debt_ratio": 18.9,
            "inventory_turnover_ratio": 46.62,
            "account_receivable_turnover_ratio": 1.3,
            "reinvestment_rate": -35.84,
            "research_to_sale_ratio": 21.9,
            "price_fair": 47,
            "eps_avg_yearly": 1.34,
            "eps_latest_yearly": 0.6,
            "eps_growth_yearly": 1210.28
        },
        "20174": {
            "year_quarter": 20174,
            "year": 2017,
            "quarter": 4,
            "eps": 0.42,
            "eps_growth_year": 10.05,
            "eps_4q": 0.21,
            "eps_4q_growth_year": null,
            "roe": 3.8,
            "gross_profit": 31528,
            "gross_margin": 51.48,
            "net_income": 12886,
            "revenue": 61241,
            "common_shares": 306746,
            "equity": 346446,
            "current_ratio": 453.1,
            "debt_ratio": 19.43,
            "inventory_turnover_ratio": 52.08,
            "account_receivable_turnover_ratio": 1.84,
            "reinvestment_rate": -45.59,
            "research_to_sale_ratio": 14.34,
            "price_fair": 48.48,
            "eps_avg_yearly": 1.39,
            "eps_latest_yearly": 1.68,
            "eps_growth_yearly": 1149
        },
        "20181": {
            "year_quarter": 20181,
            "year": 2018,
            "quarter": 1,
            "eps": 0.42,
            "eps_growth_year": null,
            "eps_4q": 1.06,
            "eps_4q_growth_year": null,
            "roe": 3.67,
            "gross_profit": 33443,
            "gross_margin": 53.82,
            "net_income": 12874,
            "revenue": 62133,
            "common_shares": 306746,
            "equity": 355510,
            "current_ratio": 544.42,
            "debt_ratio": 19.14,
            "inventory_turnover_ratio": 49.04,
            "account_receivable_turnover_ratio": 1.81,
            "reinvestment_rate": -108.96,
            "research_to_sale_ratio": 12.39,
            "price_fair": 49.62,
            "eps_avg_yearly": 1.42,
            "eps_latest_yearly": 1.68,
            "eps_growth_yearly": 1021.33
        },
        "20182": {
            "year_quarter": 20182,
            "year": 2018,
            "quarter": 2,
            "eps": 0.25,
            "eps_growth_year": 212.5,
            "eps_4q": 1.23,
            "eps_4q_growth_year": 328.22,
            "roe": 2.18,
            "gross_profit": 29913,
            "gross_margin": 51.2,
            "net_income": 7735,
            "revenue": 58421,
            "common_shares": 306746,
            "equity": 354532,
            "current_ratio": 466.52,
            "debt_ratio": 21.85,
            "inventory_turnover_ratio": 48.61,
            "account_receivable_turnover_ratio": 1.72,
            "reinvestment_rate": -108.01,
            "research_to_sale_ratio": 14.79,
            "price_fair": 46.98,
            "eps_avg_yearly": 1.34,
            "eps_latest_yearly": 1,
            "eps_growth_yearly": 914.45
        },
        "20183": {
            "year_quarter": 20183,
            "year": 2018,
            "quarter": 3,
            "eps": 0.28,
            "eps_growth_year": 86.67,
            "eps_4q": 1.37,
            "eps_4q_growth_year": 789.9,
            "roe": 2.35,
            "gross_profit": 39185,
            "gross_margin": 57.67,
            "net_income": 8419,
            "revenue": 67946,
            "common_shares": 306746,
            "equity": 362892,
            "current_ratio": 504.25,
            "debt_ratio": 20.11,
            "inventory_turnover_ratio": 50.77,
            "account_receivable_turnover_ratio": 1.72,
            "reinvestment_rate": -88.83,
            "research_to_sale_ratio": 11.66,
            "price_fair": 50.87,
            "eps_avg_yearly": 1.45,
            "eps_latest_yearly": 1.12,
            "eps_growth_yearly": 961.05
        },
        "20184": {
            "year_quarter": 20184,
            "year": 2018,
            "quarter": 4,
            "eps": 0.41,
            "eps_growth_year": -3.4,
            "eps_4q": 1.35,
            "eps_4q_growth_year": 553.68,
            "roe": 3.38,
            "gross_profit": 34501,
            "gross_margin": 54.81,
            "net_income": 12448,
            "revenue": 62941,
            "common_shares": 306746,
            "equity": 373587,
            "current_ratio": 481.34,
            "debt_ratio": 21.03,
            "inventory_turnover_ratio": 59.44,
            "account_receivable_turnover_ratio": 1.48,
            "reinvestment_rate": -111.9,
            "research_to_sale_ratio": 12.89,
            "price_fair": 47.6,
            "eps_avg_yearly": 1.36,
            "eps_latest_yearly": 1.64,
            "eps_growth_yearly": 107.62
        },
        "20191": {
            "year_quarter": 20191,
            "year": 2019,
            "quarter": 1,
            "eps": 0.03,
            "eps_growth_year": -92.86,
            "eps_4q": 0.96,
            "eps_4q_growth_year": -9.44,
            "roe": 0.25,
            "gross_profit": 12916,
            "gross_margin": 35.64,
            "net_income": 943,
            "revenue": 36245,
            "common_shares": 306746,
            "equity": 374346,
            "current_ratio": 479.62,
            "debt_ratio": 26.43,
            "inventory_turnover_ratio": 57.89,
            "account_receivable_turnover_ratio": 0.96,
            "reinvestment_rate": -127.58,
            "research_to_sale_ratio": 23.37,
            "price_fair": 42.93,
            "eps_avg_yearly": 1.23,
            "eps_latest_yearly": 0.12,
            "eps_growth_yearly": 87.21
        },
        "20192": {
            "year_quarter": 20192,
            "year": 2019,
            "quarter": 2,
            "eps": 0.46,
            "eps_growth_year": 84,
            "eps_4q": 1.17,
            "eps_4q_growth_year": -5.12,
            "roe": 3.94,
            "gross_profit": 27726,
            "gross_margin": 47.77,
            "net_income": 14123,
            "revenue": 58039,
            "common_shares": 306746,
            "equity": 342971,
            "current_ratio": 323.74,
            "debt_ratio": 34.8,
            "inventory_turnover_ratio": 74.75,
            "account_receivable_turnover_ratio": 1.46,
            "reinvestment_rate": -137.76,
            "research_to_sale_ratio": 10.21,
            "price_fair": 45.08,
            "eps_avg_yearly": 1.29,
            "eps_latest_yearly": 1.84,
            "eps_growth_yearly": 651.82
        },
        "20193": {
            "year_quarter": 20193,
            "year": 2019,
            "quarter": 3,
            "eps": 0.41,
            "eps_growth_year": 46.43,
            "eps_4q": 1.31,
            "eps_4q_growth_year": -4.19,
            "roe": 3.64,
            "gross_profit": 20999,
            "gross_margin": 45.81,
            "net_income": 12644,
            "revenue": 45835,
            "common_shares": 306746,
            "equity": 351371,
            "current_ratio": 427.49,
            "debt_ratio": 27.91,
            "inventory_turnover_ratio": 123.26,
            "account_receivable_turnover_ratio": 1.18,
            "reinvestment_rate": -96.92,
            "research_to_sale_ratio": 16.95,
            "price_fair": 46.2,
            "eps_avg_yearly": 1.32,
            "eps_latest_yearly": 1.64,
            "eps_growth_yearly": 588.61
        },
        "20194": {
            "year_quarter": 20194,
            "year": 2019,
            "quarter": 4,
            "eps": 0.43,
            "eps_growth_year": 7.17,
            "eps_4q": 1.34,
            "eps_4q_growth_year": -1.02,
            "roe": 3.85,
            "gross_profit": 31066,
            "gross_margin": 51.06,
            "net_income": 13341,
            "revenue": 60848,
            "common_shares": 306746,
            "equity": 340865,
            "current_ratio": 423.54,
            "debt_ratio": 28.88,
            "inventory_turnover_ratio": null,
            "account_receivable_turnover_ratio": 1.93,
            "reinvestment_rate": -92.05,
            "research_to_sale_ratio": 7.99,
            "price_fair": 46.33,
            "eps_avg_yearly": 1.32,
            "eps_latest_yearly": 1.72,
            "eps_growth_yearly": 602.12
        },
        "20201": {
            "year_quarter": 20201,
            "year": 2020,
            "quarter": 1,
            "eps": 0.66,
            "eps_growth_year": 2100,
            "eps_4q": 1.97,
            "eps_4q_growth_year": 104.77,
            "roe": 5.82,
            "gross_profit": 57822,
            "gross_margin": 62.07,
            "net_income": 20390,
            "revenue": 93151,
            "common_shares": 306746,
            "equity": 360072,
            "current_ratio": 391.89,
            "debt_ratio": 29.9,
            "inventory_turnover_ratio": null,
            "account_receivable_turnover_ratio": 2.06,
            "reinvestment_rate": -69.34,
            "research_to_sale_ratio": 5.04,
            "price_fair": 50.17,
            "eps_avg_yearly": 1.43,
            "eps_latest_yearly": 2.64,
            "eps_growth_yearly": 569.77
        },
        "20202": {
            "year_quarter": 20202,
            "year": 2020,
            "quarter": 2,
            "eps": 1.14,
            "eps_growth_year": 147.83,
            "eps_4q": 2.65,
            "eps_4q_growth_year": 126.64,
            "roe": 9.39,
            "gross_profit": 40716,
            "gross_margin": 56.17,
            "net_income": 35063,
            "revenue": 72483,
            "common_shares": 306746,
            "equity": 387020,
            "current_ratio": 383.63,
            "debt_ratio": 29.59,
            "inventory_turnover_ratio": null,
            "account_receivable_turnover_ratio": 1.41,
            "reinvestment_rate": -54.64,
            "research_to_sale_ratio": 7.56,
            "price_fair": 58.58,
            "eps_avg_yearly": 1.67,
            "eps_latest_yearly": 4.56,
            "eps_growth_yearly": 548.32
        },
        "20203": {
            "year_quarter": 20203,
            "year": 2020,
            "quarter": 3,
            "eps": 0.42,
            "eps_growth_year": 2.44,
            "eps_4q": 2.66,
            "eps_4q_growth_year": 103.16,
            "roe": 3.25,
            "gross_profit": 31852,
            "gross_margin": 52.31,
            "net_income": 12791,
            "revenue": 60893,
            "common_shares": 306746,
            "equity": 398965,
            "current_ratio": 440.96,
            "debt_ratio": 26.3,
            "inventory_turnover_ratio": null,
            "account_receivable_turnover_ratio": 1.53,
            "reinvestment_rate": -53.39,
            "research_to_sale_ratio": 11.19,
            "price_fair": 58.6,
            "eps_avg_yearly": 1.67,
            "eps_latest_yearly": 1.68,
            "eps_growth_yearly": 491.11
        },
        "20204": {
            "year_quarter": 20204,
            "year": 2020,
            "quarter": 4,
            "eps": 0.88,
            "eps_growth_year": 101.61,
            "eps_4q": 3.1,
            "eps_4q_growth_year": 131.76,
            "roe": 6.51,
            "gross_profit": 49946,
            "gross_margin": 59.89,
            "net_income": 26897,
            "revenue": 83398,
            "common_shares": 306746,
            "equity": 426832,
            "current_ratio": 420.23,
            "debt_ratio": 26.68,
            "inventory_turnover_ratio": 27.52,
            "account_receivable_turnover_ratio": 2.42,
            "reinvestment_rate": -49.41,
            "research_to_sale_ratio": 9.59,
            "price_fair": 63.6,
            "eps_avg_yearly": 1.82,
            "eps_latest_yearly": 3.52,
            "eps_growth_yearly": 512.2
        },
        "20211": {
            "year_quarter": 20211,
            "year": 2021,
            "quarter": 1,
            "eps": 0.57,
            "eps_growth_year": -13.64,
            "eps_4q": 3.01,
            "eps_4q_growth_year": 52.42,
            "roe": 4.44,
            "gross_profit": 28516,
            "gross_margin": 53.78,
            "net_income": 17461,
            "revenue": 53022,
            "common_shares": 306746,
            "equity": 359088,
            "current_ratio": 257.88,
            "debt_ratio": 40.07,
            "inventory_turnover_ratio": 10.08,
            "account_receivable_turnover_ratio": 1.74,
            "reinvestment_rate": -44.41,
            "research_to_sale_ratio": 16.11,
            "price_fair": 64.68,
            "eps_avg_yearly": 1.85,
            "eps_latest_yearly": 2.28,
            "eps_growth_yearly": 468.66
        },
        "20212": {
            "year_quarter": 20212,
            "year": 2021,
            "quarter": 2,
            "eps": -0.07,
            "eps_growth_year": -106.14,
            "eps_4q": 1.79,
            "eps_4q_growth_year": -32.61,
            "roe": -0.63,
            "gross_profit": 20344,
            "gross_margin": 40.95,
            "net_income": -2270,
            "revenue": 49686,
            "common_shares": 306746,
            "equity": 356142,
            "current_ratio": 267.72,
            "debt_ratio": 38.47,
            "inventory_turnover_ratio": 12.07,
            "account_receivable_turnover_ratio": 1.5,
            "reinvestment_rate": -44.16,
            "research_to_sale_ratio": 19.67,
            "price_fair": 64.68,
            "eps_avg_yearly": 1.85,
            "eps_latest_yearly": 2.28,
            "eps_growth_yearly": 468.66
        },
        "20213": {
            "year_quarter": 20213,
            "year": 2021,
            "quarter": 3,
            "eps": 0.36,
            "eps_growth_year": -14.29,
            "eps_4q": 1.73,
            "eps_4q_growth_year": -34.78,
            "roe": 3.08,
            "gross_profit": 30363,
            "gross_margin": 52.91,
            "net_income": 11121,
            "revenue": 57386,
            "common_shares": 306746,
            "equity": 366263,
            "current_ratio": 422.22,
            "debt_ratio": 25.97,
            "inventory_turnover_ratio": 7.41,
            "account_receivable_turnover_ratio": 2.04,
            "reinvestment_rate": -43.59,
            "research_to_sale_ratio": 14.1,
            "price_fair": 67.8,
            "eps_avg_yearly": 1.94,
            "eps_latest_yearly": 2.28,
            "eps_growth_yearly": 477.13
        },
        "20214": {
            "year_quarter": 20214,
            "year": 2021,
            "quarter": 4,
            "eps": 0.71,
            "eps_growth_year": -19.43,
            "eps_4q": 1.56,
            "eps_4q_growth_year": -49.57,
            "roe": 5.7,
            "gross_profit": 34121,
            "gross_margin": 52.4,
            "net_income": 21671,
            "revenue": 65114,
            "common_shares": 306746,
            "equity": 394194,
            "current_ratio": 405.05,
            "debt_ratio": 26.05,
            "inventory_turnover_ratio": 6.37,
            "account_receivable_turnover_ratio": 3.19,
            "reinvestment_rate": -41.2,
            "research_to_sale_ratio": 13.03,
            "price_fair": 70.7,
            "eps_avg_yearly": 2.02,
            "eps_latest_yearly": 2.84,
            "eps_growth_yearly": 453.48
        },
        "20221": {
            "year_quarter": 20221,
            "year": 2022,
            "quarter": 1,
            "eps": 0.03,
            "eps_growth_year": -94.74,
            "eps_4q": 1.03,
            "eps_4q_growth_year": -65.76,
            "roe": 0.28,
            "gross_profit": 18228,
            "gross_margin": 35.86,
            "net_income": 1055,
            "revenue": 50831,
            "common_shares": 306746,
            "equity": 349757,
            "current_ratio": 316.22,
            "debt_ratio": 31.98,
            "inventory_turnover_ratio": 8.94,
            "account_receivable_turnover_ratio": 1.93,
            "reinvestment_rate": -2.33,
            "research_to_sale_ratio": 16.64,
            "price_fair": 66.8,
            "eps_avg_yearly": 1.91,
            "eps_latest_yearly": 0.12,
            "eps_growth_yearly": 426.12
        },
        "20222": {
            "year_quarter": 20222,
            "year": 2022,
            "quarter": 2,
            "eps": -0.09,
            "eps_growth_year": null,
            "eps_4q": 1.02,
            "eps_4q_growth_year": -43.19,
            "roe": -0.77,
            "gross_profit": 27987,
            "gross_margin": 46.6,
            "net_income": -2671,
            "revenue": 60061,
            "common_shares": 306746,
            "equity": 344207,
            "current_ratio": 437.03,
            "debt_ratio": 24.01,
            "inventory_turnover_ratio": 26.39,
            "account_receivable_turnover_ratio": 1.85,
            "reinvestment_rate": -2.69,
            "research_to_sale_ratio": 17.51,
            "price_fair": 69.25,
            "eps_avg_yearly": 1.98,
            "eps_latest_yearly": 0.12,
            "eps_growth_yearly": 471.35
        },
        "20223": {
            "year_quarter": 20223,
            "year": 2022,
            "quarter": 3,
            "eps": 0.32,
            "eps_growth_year": -11.11,
            "eps_4q": 0.98,
            "eps_4q_growth_year": -43.69,
            "roe": 2.84,
            "gross_profit": 31794,
            "gross_margin": 45.96,
            "net_income": 9906,
            "revenue": 69172,
            "common_shares": 306746,
            "equity": 352793,
            "current_ratio": 452.97,
            "debt_ratio": 23.07,
            "inventory_turnover_ratio": null,
            "account_receivable_turnover_ratio": 2.46,
            "reinvestment_rate": -2.6,
            "research_to_sale_ratio": 12.18,
            "price_fair": 71.75,
            "eps_avg_yearly": 2.05,
            "eps_latest_yearly": 0.12,
            "eps_growth_yearly": 506.63
        },
        "20224": {
            "year_quarter": 20224,
            "year": 2022,
            "quarter": 4,
            "eps": 0.29,
            "eps_growth_year": -58.71,
            "eps_4q": 0.56,
            "eps_4q_growth_year": -64.07,
            "roe": 2.5,
            "gross_profit": 16645,
            "gross_margin": 35.19,
            "net_income": 8949,
            "revenue": 47304,
            "common_shares": 306746,
            "equity": 362174,
            "current_ratio": 484.36,
            "debt_ratio": 20.54,
            "inventory_turnover_ratio": 42.17,
            "account_receivable_turnover_ratio": 2.32,
            "reinvestment_rate": -2.86,
            "research_to_sale_ratio": 12.04,
            "price_fair": 70.35,
            "eps_avg_yearly": 2.01,
            "eps_latest_yearly": 1.16,
            "eps_growth_yearly": 488.03
        },
        "20231": {
            "year_quarter": 20231,
            "year": 2023,
            "quarter": 1,
            "eps": 1.24,
            "eps_growth_year": 4033.33,
            "eps_4q": 1.77,
            "eps_4q_growth_year": 71.6,
            "roe": 10.14,
            "gross_profit": 23403,
            "gross_margin": 44.6,
            "net_income": 38002,
            "revenue": 52471,
            "common_shares": 306746,
            "equity": 387061,
            "current_ratio": 521.32,
            "debt_ratio": 19.2,
            "inventory_turnover_ratio": 22.72,
            "account_receivable_turnover_ratio": 1.96,
            "reinvestment_rate": -2.02,
            "research_to_sale_ratio": 12.72,
            "price_fair": 84.47,
            "eps_avg_yearly": 2.41,
            "eps_latest_yearly": 4.96,
            "eps_growth_yearly": 628.12
        }
    },
    "months": {
        "2001-06": {
            "month": "2001-06",
            "price": "10.62",
            "revenue": 50205
        },
        "2001-07": {
            "month": "2001-07",
            "price": "7.40",
            "revenue": 42345
        },
        "2001-08": {
            "month": "2001-08",
            "price": "6.50",
            "revenue": 45759
        },
        "2001-09": {
            "month": "2001-09",
            "price": "4.71",
            "revenue": 86887
        },
        "2001-10": {
            "month": "2001-10",
            "price": "4.07",
            "revenue": 43686
        },
        "2001-11": {
            "month": "2001-11",
            "price": "4.86",
            "revenue": 23696
        },
        "2001-12": {
            "month": "2001-12",
            "price": "6.46",
            "revenue": 89547
        },
        "2002-01": {
            "month": "2002-01",
            "price": "7.77",
            "revenue": 18445
        },
        "2002-02": {
            "month": "2002-02",
            "price": "8.77",
            "revenue": 25296
        },
        "2002-03": {
            "month": "2002-03",
            "price": "8.39",
            "revenue": 37696
        },
        "2002-04": {
            "month": "2002-04",
            "price": "12.47",
            "revenue": 16262
        },
        "2002-05": {
            "month": "2002-05",
            "price": "10.01",
            "revenue": 52640
        },
        "2002-06": {
            "month": "2002-06",
            "price": "8.28",
            "revenue": 61419
        },
        "2002-07": {
            "month": "2002-07",
            "price": "7.43",
            "revenue": 30224
        },
        "2002-08": {
            "month": "2002-08",
            "price": "7.15",
            "revenue": 47516
        },
        "2002-09": {
            "month": "2002-09",
            "price": "6.07",
            "revenue": 47666
        },
        "2002-10": {
            "month": "2002-10",
            "price": "5.16",
            "revenue": 39885
        },
        "2002-11": {
            "month": "2002-11",
            "price": "5.08",
            "revenue": 51845
        },
        "2002-12": {
            "month": "2002-12",
            "price": "4.49",
            "revenue": 37779
        },
        "2003-01": {
            "month": "2003-01",
            "price": "4.41",
            "revenue": 23145
        },
        "2003-02": {
            "month": "2003-02",
            "price": "4.23",
            "revenue": 28076
        },
        "2003-03": {
            "month": "2003-03",
            "price": "4.01",
            "revenue": 15504
        },
        "2003-04": {
            "month": "2003-04",
            "price": "3.90",
            "revenue": 12652
        },
        "2003-05": {
            "month": "2003-05",
            "price": "3.17",
            "revenue": 44641
        },
        "2003-06": {
            "month": "2003-06",
            "price": "4.23",
            "revenue": 11633
        },
        "2003-07": {
            "month": "2003-07",
            "price": "4.09",
            "revenue": 14176
        },
        "2003-08": {
            "month": "2003-08",
            "price": "3.83",
            "revenue": 13817
        },
        "2003-09": {
            "month": "2003-09",
            "price": "3.01",
            "revenue": 13411
        },
        "2003-10": {
            "month": "2003-10",
            "price": "3.26",
            "revenue": 6250
        },
        "2003-11": {
            "month": "2003-11",
            "price": "3.66",
            "revenue": 15347
        },
        "2003-12": {
            "month": "2003-12",
            "price": "3.65",
            "revenue": 12776
        },
        "2004-01": {
            "month": "2004-01",
            "price": "4.78",
            "revenue": 4222
        },
        "2004-02": {
            "month": "2004-02",
            "price": "4.95",
            "revenue": 4183
        },
        "2004-03": {
            "month": "2004-03",
            "price": "4.60",
            "revenue": 6238
        },
        "2004-04": {
            "month": "2004-04",
            "price": "4.83",
            "revenue": 8438
        },
        "2004-05": {
            "month": "2004-05",
            "price": "7.46",
            "revenue": 11323
        },
        "2004-06": {
            "month": "2004-06",
            "price": "7.29",
            "revenue": 13719
        },
        "2004-07": {
            "month": "2004-07",
            "price": "7.55",
            "revenue": 6483
        },
        "2004-08": {
            "month": "2004-08",
            "price": "9.13",
            "revenue": 5099
        },
        "2004-09": {
            "month": "2004-09",
            "price": "10.30",
            "revenue": 20303
        },
        "2004-10": {
            "month": "2004-10",
            "price": "14.04",
            "revenue": 12342
        },
        "2004-11": {
            "month": "2004-11",
            "price": "11.70",
            "revenue": 5737
        },
        "2004-12": {
            "month": "2004-12",
            "price": "15.48",
            "revenue": 6803
        },
        "2005-01": {
            "month": "2005-01",
            "price": "18.99",
            "revenue": 6520
        },
        "2005-02": {
            "month": "2005-02",
            "price": "15.53",
            "revenue": 5451
        },
        "2005-03": {
            "month": "2005-03",
            "price": "18.77",
            "revenue": 6293
        },
        "2005-04": {
            "month": "2005-04",
            "price": "23.46",
            "revenue": 7251
        },
        "2005-05": {
            "month": "2005-05",
            "price": "24.92",
            "revenue": 19784
        },
        "2005-06": {
            "month": "2005-06",
            "price": "25.80",
            "revenue": 27149
        },
        "2005-07": {
            "month": "2005-07",
            "price": "27.02",
            "revenue": 9155
        },
        "2005-08": {
            "month": "2005-08",
            "price": "26.09",
            "revenue": 10732
        },
        "2005-09": {
            "month": "2005-09",
            "price": "26.66",
            "revenue": 41560
        },
        "2005-10": {
            "month": "2005-10",
            "price": "26.28",
            "revenue": 6960
        },
        "2005-11": {
            "month": "2005-11",
            "price": "24.50",
            "revenue": 18645
        },
        "2005-12": {
            "month": "2005-12",
            "price": "22.64",
            "revenue": 23311
        },
        "2006-01": {
            "month": "2006-01",
            "price": "25.06",
            "revenue": 7257
        },
        "2006-02": {
            "month": "2006-02",
            "price": "27.96",
            "revenue": 6415
        },
        "2006-03": {
            "month": "2006-03",
            "price": "28.13",
            "revenue": 5644
        },
        "2006-04": {
            "month": "2006-04",
            "price": "23.14",
            "revenue": 5724
        },
        "2006-05": {
            "month": "2006-05",
            "price": "12.81",
            "revenue": 7659
        },
        "2006-06": {
            "month": "2006-06",
            "price": "14.14",
            "revenue": 11611
        },
        "2006-07": {
            "month": "2006-07",
            "price": "12.62",
            "revenue": 5749
        },
        "2006-08": {
            "month": "2006-08",
            "price": "11.66",
            "revenue": 4926
        },
        "2006-09": {
            "month": "2006-09",
            "price": "8.98",
            "revenue": 10495
        },
        "2006-10": {
            "month": "2006-10",
            "price": "11.07",
            "revenue": 8633
        },
        "2006-11": {
            "month": "2006-11",
            "price": "11.35",
            "revenue": 11349
        },
        "2006-12": {
            "month": "2006-12",
            "price": "14.74",
            "revenue": 13349
        },
        "2007-01": {
            "month": "2007-01",
            "price": "15.12",
            "revenue": 8533
        },
        "2007-02": {
            "month": "2007-02",
            "price": "14.10",
            "revenue": 5455
        },
        "2007-03": {
            "month": "2007-03",
            "price": "14.61",
            "revenue": 12280
        },
        "2007-04": {
            "month": "2007-04",
            "price": "16.01",
            "revenue": 6878
        },
        "2007-05": {
            "month": "2007-05",
            "price": "16.22",
            "revenue": 8584
        },
        "2007-06": {
            "month": "2007-06",
            "price": "21.66",
            "revenue": 10588
        },
        "2007-07": {
            "month": "2007-07",
            "price": "21.70",
            "revenue": 7697
        },
        "2007-08": {
            "month": "2007-08",
            "price": "21.42",
            "revenue": 9962
        },
        "2007-09": {
            "month": "2007-09",
            "price": "22.07",
            "revenue": 21410
        },
        "2007-10": {
            "month": "2007-10",
            "price": "26.53",
            "revenue": 12846
        },
        "2007-11": {
            "month": "2007-11",
            "price": "29.36",
            "revenue": 10939
        },
        "2007-12": {
            "month": "2007-12",
            "price": "25.52",
            "revenue": 20995
        },
        "2008-01": {
            "month": "2008-01",
            "price": "34.69",
            "revenue": 6778
        },
        "2008-02": {
            "month": "2008-02",
            "price": "45.16",
            "revenue": 7517
        },
        "2008-03": {
            "month": "2008-03",
            "price": "45.45",
            "revenue": 8886
        },
        "2008-04": {
            "month": "2008-04",
            "price": "43.11",
            "revenue": 10327
        },
        "2008-05": {
            "month": "2008-05",
            "price": "44.85",
            "revenue": 9981
        },
        "2008-06": {
            "month": "2008-06",
            "price": "41.76",
            "revenue": 8778
        },
        "2008-07": {
            "month": "2008-07",
            "price": "32.70",
            "revenue": 10039
        },
        "2008-08": {
            "month": "2008-08",
            "price": "31.92",
            "revenue": 11748
        },
        "2008-09": {
            "month": "2008-09",
            "price": "31.63",
            "revenue": 24286
        },
        "2008-10": {
            "month": "2008-10",
            "price": "27.84",
            "revenue": 12236
        },
        "2008-11": {
            "month": "2008-11",
            "price": "28.74",
            "revenue": 15707
        },
        "2008-12": {
            "month": "2008-12",
            "price": "31.54",
            "revenue": 40335
        },
        "2009-01": {
            "month": "2009-01",
            "price": "33.91",
            "revenue": 7071
        },
        "2009-02": {
            "month": "2009-02",
            "price": "29.45",
            "revenue": 6458
        },
        "2009-03": {
            "month": "2009-03",
            "price": "23.46",
            "revenue": 13238
        },
        "2009-04": {
            "month": "2009-04",
            "price": "29.88",
            "revenue": 9378
        },
        "2009-05": {
            "month": "2009-05",
            "price": "23.44",
            "revenue": 10542
        },
        "2009-06": {
            "month": "2009-06",
            "price": "19.28",
            "revenue": 28937
        },
        "2009-07": {
            "month": "2009-07",
            "price": "21.42",
            "revenue": 12462
        },
        "2009-08": {
            "month": "2009-08",
            "price": "20.60",
            "revenue": 12941
        },
        "2009-09": {
            "month": "2009-09",
            "price": "19.54",
            "revenue": 16114
        },
        "2009-10": {
            "month": "2009-10",
            "price": "18.88",
            "revenue": 14416
        },
        "2009-11": {
            "month": "2009-11",
            "price": "16.18",
            "revenue": 17378
        },
        "2009-12": {
            "month": "2009-12",
            "price": "15.42",
            "revenue": 34232
        },
        "2010-01": {
            "month": "2010-01",
            "price": "17.26",
            "revenue": 17709
        },
        "2010-02": {
            "month": "2010-02",
            "price": "15.07",
            "revenue": 14838
        },
        "2010-03": {
            "month": "2010-03",
            "price": "16.42",
            "revenue": 18526
        },
        "2010-04": {
            "month": "2010-04",
            "price": "20.47",
            "revenue": 17113
        },
        "2010-05": {
            "month": "2010-05",
            "price": "21.52",
            "revenue": 18132
        },
        "2010-06": {
            "month": "2010-06",
            "price": "17.25",
            "revenue": 22968
        },
        "2010-07": {
            "month": "2010-07",
            "price": "19.01",
            "revenue": 16677
        },
        "2010-08": {
            "month": "2010-08",
            "price": "20.24",
            "revenue": 16017
        },
        "2010-09": {
            "month": "2010-09",
            "price": "18.23",
            "revenue": 20076
        },
        "2010-10": {
            "month": "2010-10",
            "price": "17.28",
            "revenue": 18268
        },
        "2010-11": {
            "month": "2010-11",
            "price": "16.10",
            "revenue": 20001
        },
        "2010-12": {
            "month": "2010-12",
            "price": "17.31",
            "revenue": 30066
        },
        "2011-01": {
            "month": "2011-01",
            "price": "16.36",
            "revenue": 9516
        },
        "2011-02": {
            "month": "2011-02",
            "price": "15.36",
            "revenue": 12371
        },
        "2011-03": {
            "month": "2011-03",
            "price": "14.09",
            "revenue": 12677
        },
        "2011-04": {
            "month": "2011-04",
            "price": "13.34",
            "revenue": 13309
        },
        "2011-05": {
            "month": "2011-05",
            "price": "13.18",
            "revenue": 15564
        },
        "2011-06": {
            "month": "2011-06",
            "price": "13.17",
            "revenue": 33394
        },
        "2011-07": {
            "month": "2011-07",
            "price": "13.55",
            "revenue": 13685
        },
        "2011-08": {
            "month": "2011-08",
            "price": "11.21",
            "revenue": 20028
        },
        "2011-09": {
            "month": "2011-09",
            "price": "11.14",
            "revenue": 16889
        },
        "2011-10": {
            "month": "2011-10",
            "price": "10.44",
            "revenue": 18051
        },
        "2011-11": {
            "month": "2011-11",
            "price": "10.51",
            "revenue": 16802
        },
        "2011-12": {
            "month": "2011-12",
            "price": "9.53",
            "revenue": 25752
        },
        "2012-01": {
            "month": "2012-01",
            "price": "9.10",
            "revenue": 13231
        },
        "2012-02": {
            "month": "2012-02",
            "price": "10.05",
            "revenue": 15061
        },
        "2012-03": {
            "month": "2012-03",
            "price": "10.04",
            "revenue": 17188
        },
        "2012-04": {
            "month": "2012-04",
            "price": "9.73",
            "revenue": 18244
        },
        "2012-05": {
            "month": "2012-05",
            "price": "8.75",
            "revenue": 15050
        },
        "2012-06": {
            "month": "2012-06",
            "price": "8.43",
            "revenue": 23710
        },
        "2012-07": {
            "month": "2012-07",
            "price": "7.91",
            "revenue": 21317
        },
        "2012-08": {
            "month": "2012-08",
            "price": "7.86",
            "revenue": 16356
        },
        "2012-09": {
            "month": "2012-09",
            "price": "8.71",
            "revenue": 20691
        },
        "2012-10": {
            "month": "2012-10",
            "price": "9.27",
            "revenue": 14567
        },
        "2012-11": {
            "month": "2012-11",
            "price": "8.95",
            "revenue": 19352
        },
        "2012-12": {
            "month": "2012-12",
            "price": "9.15",
            "revenue": 31264
        },
        "2013-01": {
            "month": "2013-01",
            "price": "9.50",
            "revenue": 14313
        },
        "2013-02": {
            "month": "2013-02",
            "price": "9.48",
            "revenue": 13016
        },
        "2013-03": {
            "month": "2013-03",
            "price": "9.64",
            "revenue": 15388
        },
        "2013-04": {
            "month": "2013-04",
            "price": "11.03",
            "revenue": 14310
        },
        "2013-05": {
            "month": "2013-05",
            "price": "12.90",
            "revenue": 22305
        },
        "2013-06": {
            "month": "2013-06",
            "price": "14.76",
            "revenue": 20817
        },
        "2013-07": {
            "month": "2013-07",
            "price": "14.95",
            "revenue": 20218
        },
        "2013-08": {
            "month": "2013-08",
            "price": "13.37",
            "revenue": 17260
        },
        "2013-09": {
            "month": "2013-09",
            "price": "12.76",
            "revenue": 18489
        },
        "2013-10": {
            "month": "2013-10",
            "price": "13.75",
            "revenue": 18300
        },
        "2013-11": {
            "month": "2013-11",
            "price": "13.04",
            "revenue": 17379
        },
        "2013-12": {
            "month": "2013-12",
            "price": "14.47",
            "revenue": 22408
        },
        "2014-01": {
            "month": "2014-01",
            "price": "14.89",
            "revenue": 23043
        },
        "2014-02": {
            "month": "2014-02",
            "price": "15.19",
            "revenue": 14488
        },
        "2014-03": {
            "month": "2014-03",
            "price": "16.76",
            "revenue": 19466
        },
        "2014-04": {
            "month": "2014-04",
            "price": "16.73",
            "revenue": 18729
        },
        "2014-05": {
            "month": "2014-05",
            "price": "16.19",
            "revenue": 25386
        },
        "2014-06": {
            "month": "2014-06",
            "price": "16.37",
            "revenue": 33807
        },
        "2014-07": {
            "month": "2014-07",
            "price": "16.21",
            "revenue": 16818
        },
        "2014-08": {
            "month": "2014-08",
            "price": "15.93",
            "revenue": 20542
        },
        "2014-09": {
            "month": "2014-09",
            "price": "14.48",
            "revenue": 20205
        },
        "2014-10": {
            "month": "2014-10",
            "price": "14.15",
            "revenue": 17739
        },
        "2014-11": {
            "month": "2014-11",
            "price": "14.06",
            "revenue": 23070
        },
        "2014-12": {
            "month": "2014-12",
            "price": "13.90",
            "revenue": 25848
        },
        "2015-01": {
            "month": "2015-01",
            "price": "14.27",
            "revenue": 32853
        },
        "2015-02": {
            "month": "2015-02",
            "price": "14.55",
            "revenue": 22206
        },
        "2015-03": {
            "month": "2015-03",
            "price": "15.34",
            "revenue": 15000
        },
        "2015-04": {
            "month": "2015-04",
            "price": "15.40",
            "revenue": 17541
        },
        "2015-05": {
            "month": "2015-05",
            "price": "14.91",
            "revenue": 18901
        },
        "2015-06": {
            "month": "2015-06",
            "price": "14.44",
            "revenue": 20445
        },
        "2015-07": {
            "month": "2015-07",
            "price": "13.99",
            "revenue": 19961
        },
        "2015-08": {
            "month": "2015-08",
            "price": "12.40",
            "revenue": 17709
        },
        "2015-09": {
            "month": "2015-09",
            "price": "11.67",
            "revenue": 24593
        },
        "2015-10": {
            "month": "2015-10",
            "price": "12.14",
            "revenue": 24731
        },
        "2015-11": {
            "month": "2015-11",
            "price": "13.00",
            "revenue": 20343
        },
        "2015-12": {
            "month": "2015-12",
            "price": "12.73",
            "revenue": 23972
        },
        "2016-01": {
            "month": "2016-01",
            "price": "12.75",
            "revenue": 14778
        },
        "2016-02": {
            "month": "2016-02",
            "price": "12.51",
            "revenue": 12297
        },
        "2016-03": {
            "month": "2016-03",
            "price": "12.64",
            "revenue": 17383
        },
        "2016-04": {
            "month": "2016-04",
            "price": "12.95",
            "revenue": 22359
        },
        "2016-05": {
            "month": "2016-05",
            "price": "12.57",
            "revenue": 14104
        },
        "2016-06": {
            "month": "2016-06",
            "price": "12.64",
            "revenue": 13548
        },
        "2016-07": {
            "month": "2016-07",
            "price": "12.61",
            "revenue": 26273
        },
        "2016-08": {
            "month": "2016-08",
            "price": "13.61",
            "revenue": 17456
        },
        "2016-09": {
            "month": "2016-09",
            "price": "15.81",
            "revenue": 19521
        },
        "2016-10": {
            "month": "2016-10",
            "price": "25.16",
            "revenue": 22205
        },
        "2016-11": {
            "month": "2016-11",
            "price": "37.54",
            "revenue": 21232
        },
        "2016-12": {
            "month": "2016-12",
            "price": "37.60",
            "revenue": 25489
        },
        "2017-01": {
            "month": "2017-01",
            "price": "26.45",
            "revenue": 11659
        },
        "2017-02": {
            "month": "2017-02",
            "price": "19.69",
            "revenue": 13096
        },
        "2017-03": {
            "month": "2017-03",
            "price": "20.91",
            "revenue": 13475
        },
        "2017-04": {
            "month": "2017-04",
            "price": "18.64",
            "revenue": 19443
        },
        "2017-05": {
            "month": "2017-05",
            "price": "16.11",
            "revenue": 20861
        },
        "2017-06": {
            "month": "2017-06",
            "price": "17.12",
            "revenue": 16867
        },
        "2017-07": {
            "month": "2017-07",
            "price": "16.35",
            "revenue": 19586
        },
        "2017-08": {
            "month": "2017-08",
            "price": "15.89",
            "revenue": 17813
        },
        "2017-09": {
            "month": "2017-09",
            "price": "17.96",
            "revenue": 13599
        },
        "2017-10": {
            "month": "2017-10",
            "price": "18.13",
            "revenue": 18977
        },
        "2017-11": {
            "month": "2017-11",
            "price": "19.47",
            "revenue": 23755
        },
        "2017-12": {
            "month": "2017-12",
            "price": "18.36",
            "revenue": 18509
        },
        "2018-01": {
            "month": "2018-01",
            "price": "24.47",
            "revenue": 21084
        },
        "2018-02": {
            "month": "2018-02",
            "price": "26.36",
            "revenue": 21546
        },
        "2018-03": {
            "month": "2018-03",
            "price": "34.65",
            "revenue": 19504
        },
        "2018-04": {
            "month": "2018-04",
            "price": "36.74",
            "revenue": 22109
        },
        "2018-05": {
            "month": "2018-05",
            "price": "35.72",
            "revenue": 15390
        },
        "2018-06": {
            "month": "2018-06",
            "price": "37.32",
            "revenue": 20921
        },
        "2018-07": {
            "month": "2018-07",
            "price": "32.16",
            "revenue": 16902
        },
        "2018-08": {
            "month": "2018-08",
            "price": "29.98",
            "revenue": 21332
        },
        "2018-09": {
            "month": "2018-09",
            "price": "32.24",
            "revenue": 29712
        },
        "2018-10": {
            "month": "2018-10",
            "price": "31.18",
            "revenue": 18262
        },
        "2018-11": {
            "month": "2018-11",
            "price": "26.40",
            "revenue": 17462
        },
        "2018-12": {
            "month": "2018-12",
            "price": "28.29",
            "revenue": 27217
        },
        "2019-01": {
            "month": "2019-01",
            "price": "27.56",
            "revenue": 12722
        },
        "2019-02": {
            "month": "2019-02",
            "price": "27.98",
            "revenue": 10154
        },
        "2019-03": {
            "month": "2019-03",
            "price": "27.22",
            "revenue": 13369
        },
        "2019-04": {
            "month": "2019-04",
            "price": "28.08",
            "revenue": 18076
        },
        "2019-05": {
            "month": "2019-05",
            "price": "27.95",
            "revenue": 18593
        },
        "2019-06": {
            "month": "2019-06",
            "price": "29.11",
            "revenue": 21370
        },
        "2019-07": {
            "month": "2019-07",
            "price": "29.74",
            "revenue": 15841
        },
        "2019-08": {
            "month": "2019-08",
            "price": "28.90",
            "revenue": 15162
        },
        "2019-09": {
            "month": "2019-09",
            "price": "28.05",
            "revenue": 14832
        },
        "2019-10": {
            "month": "2019-10",
            "price": "27.94",
            "revenue": 18886
        },
        "2019-11": {
            "month": "2019-11",
            "price": "27.72",
            "revenue": 18803
        },
        "2019-12": {
            "month": "2019-12",
            "price": "28.73",
            "revenue": 23159
        },
        "2020-01": {
            "month": "2020-01",
            "price": "33.85",
            "revenue": 17141
        },
        "2020-02": {
            "month": "2020-02",
            "price": "30.24",
            "revenue": 27017
        },
        "2020-03": {
            "month": "2020-03",
            "price": "27.64",
            "revenue": 48993
        },
        "2020-04": {
            "month": "2020-04",
            "price": "30.83",
            "revenue": 26881
        },
        "2020-05": {
            "month": "2020-05",
            "price": "32.92",
            "revenue": 27527
        },
        "2020-06": {
            "month": "2020-06",
            "price": "32.06",
            "revenue": 18075
        },
        "2020-07": {
            "month": "2020-07",
            "price": "32.84",
            "revenue": 17499
        },
        "2020-08": {
            "month": "2020-08",
            "price": "32.46",
            "revenue": 18689
        },
        "2020-09": {
            "month": "2020-09",
            "price": "33.33",
            "revenue": 24705
        },
        "2020-10": {
            "month": "2020-10",
            "price": "33.96",
            "revenue": 18485
        },
        "2020-11": {
            "month": "2020-11",
            "price": "33.90",
            "revenue": 36613
        },
        "2020-12": {
            "month": "2020-12",
            "price": "33.53",
            "revenue": 28300
        },
        "2021-01": {
            "month": "2021-01",
            "price": "32.38",
            "revenue": 16108
        },
        "2021-02": {
            "month": "2021-02",
            "price": "31.80",
            "revenue": 22202
        },
        "2021-03": {
            "month": "2021-03",
            "price": "36.02",
            "revenue": 14712
        },
        "2021-04": {
            "month": "2021-04",
            "price": "36.79",
            "revenue": 14314
        },
        "2021-05": {
            "month": "2021-05",
            "price": "33.63",
            "revenue": 14607
        },
        "2021-06": {
            "month": "2021-06",
            "price": "32.69",
            "revenue": 20765
        },
        "2021-07": {
            "month": "2021-07",
            "price": "28.97",
            "revenue": 20658
        },
        "2021-08": {
            "month": "2021-08",
            "price": "27.34",
            "revenue": 16407
        },
        "2021-09": {
            "month": "2021-09",
            "price": "26.86",
            "revenue": 20321
        },
        "2021-10": {
            "month": "2021-10",
            "price": "26.12",
            "revenue": 18152
        },
        "2021-11": {
            "month": "2021-11",
            "price": "25.97",
            "revenue": 22079
        },
        "2021-12": {
            "month": "2021-12",
            "price": "26.72",
            "revenue": 24883
        },
        "2022-01": {
            "month": "2022-01",
            "price": "27.29",
            "revenue": 12600
        },
        "2022-02": {
            "month": "2022-02",
            "price": "27.84",
            "revenue": 12923
        },
        "2022-03": {
            "month": "2022-03",
            "price": "31.09",
            "revenue": 25308
        },
        "2022-04": {
            "month": "2022-04",
            "price": "31.44",
            "revenue": 16530
        },
        "2022-05": {
            "month": "2022-05",
            "price": "28.39",
            "revenue": 17791
        },
        "2022-06": {
            "month": "2022-06",
            "price": "28.54",
            "revenue": 25740
        },
        "2022-07": {
            "month": "2022-07",
            "price": "30.10",
            "revenue": 20417
        },
        "2022-08": {
            "month": "2022-08",
            "price": "30.39",
            "revenue": 21336
        },
        "2022-09": {
            "month": "2022-09",
            "price": "29.94",
            "revenue": 27419
        },
        "2022-10": {
            "month": "2022-10",
            "price": "28.86",
            "revenue": 17422
        },
        "2022-11": {
            "month": "2022-11",
            "price": "28.69",
            "revenue": 16581
        },
        "2022-12": {
            "month": "2022-12",
            "price": "28.03",
            "revenue": 13301
        },
        "2023-01": {
            "month": "2023-01",
            "price": "27.00",
            "revenue": 15405
        },
        "2023-02": {
            "month": "2023-02",
            "price": "26.71",
            "revenue": 16136
        },
        "2023-03": {
            "month": "2023-03",
            "price": "26.96",
            "revenue": 20930
        },
        "2023-04": {
            "month": "2023-04",
            "price": "27.35",
            "revenue": 14501
        }
    }
}
