{
    "summary": {
        "stock_name": "力新",
        "stock_id": "5202",
        "category": "資訊服務",
        "main_business": "AI-OCR智慧內容辨識擷取服務<br>OA雲端辦公室協同管理",
        "website_url": "http://www.newsoft.com.tw",
        "ceo": "林育群",
        "pe_ratio": -18,
        "report_year_from": 2001,
        "report_year_to": 2023,
        "age": 22,
        "eps_negative_percentage": 43,
        "eps_growth_avg": {
            "last_all": -17.51,
            "last_2y": null,
            "last_4y": -78.57,
            "last_8y": -13.52,
            "last_12y": -16.78,
            "last_16y": -18.88,
            "last_20y": -17.51,
            "at_2006_last_3y": -45.61,
            "at_2007_last_3y": -18.42,
            "at_2008_last_3y": -18.42,
            "at_2009_last_3y": -27.27,
            "at_2010_last_3y": 72.73,
            "at_2011_last_3y": 26.26,
            "at_2012_last_3y": -5.3,
            "at_2013_last_3y": -22.22,
            "at_2014_last_3y": -83.33,
            "at_2015_last_3y": 0,
            "at_2016_last_3y": 48.72,
            "at_2017_last_3y": 29.85,
            "at_2018_last_3y": 8.1,
            "at_2019_last_3y": -41.9,
            "at_2020_last_3y": -55.01,
            "at_2021_last_3y": -78.57,
            "at_2022_last_3y": -100,
            "at_2023_last_3y": -100,
            "at_2006_last_all": -34.7,
            "at_2007_last_all": -34.7,
            "at_2008_last_all": -34.7,
            "at_2009_last_all": -18.67,
            "at_2010_last_all": 1.11,
            "at_2011_last_all": -8.57,
            "at_2012_last_all": -20,
            "at_2013_last_all": -20,
            "at_2014_last_all": -20,
            "at_2015_last_all": -6.67,
            "at_2016_last_all": -6.26,
            "at_2017_last_all": -6.41,
            "at_2018_last_all": -10.63,
            "at_2019_last_all": -17.51,
            "at_2020_last_all": -17.51,
            "at_2021_last_all": -17.51,
            "at_2022_last_all": -17.51,
            "at_2023_last_all": -17.51
        },
        "latest_eps": -0.9,
        "latest_price": 15.8,
        "latest_roe": -7.51,
        "latest_gross_margin": 64.96,
        "latest_equity": 959510,
        "latest_revenue": 28038,
        "latest_gross_profit": 18214,
        "latest_net_income": -15621,
        "latest_debt_ratio": 5.81,
        "latest_current_ratio": 1700.3,
        "latest_account_receivable_turnover_ratio": 1.36,
        "latest_inventory_turnover_ratio": 0.52,
        "latest_reinvestment_rate": null,
        "latest_research_to_sale_ratio": 40.97
    },
    "eps_dividends": {
        "1999": {
            "cash": 0,
            "stock": 1.2,
            "eps": 0
        },
        "2000": {
            "cash": 0,
            "stock": 1.5,
            "eps": 0
        },
        "2001": {
            "cash": 0.4,
            "stock": 0.8,
            "eps": 1.02
        },
        "2002": {
            "cash": 0.4,
            "stock": 0.4,
            "eps": 1
        },
        "2003": {
            "cash": 0.5,
            "stock": 0.4,
            "eps": -0.5
        },
        "2004": {
            "cash": 0,
            "stock": 0,
            "eps": 0.38
        },
        "2005": {
            "cash": 0.4,
            "stock": 0,
            "eps": 0.62
        },
        "2006": {
            "cash": 0.4,
            "stock": 0,
            "eps": -0.54
        },
        "2007": {
            "cash": 0,
            "stock": 0,
            "eps": -0.36
        },
        "2008": {
            "cash": 0,
            "stock": 0,
            "eps": 0.11
        },
        "2009": {
            "cash": 0,
            "stock": 0,
            "eps": 0.16
        },
        "2010": {
            "cash": 0,
            "stock": 0,
            "eps": 0.63
        },
        "2011": {
            "cash": 0,
            "stock": 0,
            "eps": 0.21
        },
        "2012": {
            "cash": 0,
            "stock": 0,
            "eps": -2.46
        },
        "2013": {
            "cash": 0,
            "stock": 0,
            "eps": -1.27
        },
        "2014": {
            "cash": 0,
            "stock": 0,
            "eps": 0.07
        },
        "2015": {
            "cash": 0,
            "stock": 0,
            "eps": 0.39
        },
        "2016": {
            "cash": 0,
            "stock": 0,
            "eps": 0.38
        },
        "2017": {
            "cash": 0,
            "stock": 0,
            "eps": 0.35
        },
        "2018": {
            "cash": 0,
            "stock": 0,
            "eps": 0.15
        },
        "2019": {
            "cash": 0.43,
            "stock": 0,
            "eps": -0.22
        },
        "2020": {
            "cash": 0,
            "stock": 0,
            "eps": -0.55
        },
        "2021": {
            "cash": 0,
            "stock": 0,
            "eps": -0.32
        },
        "2022": {
            "cash": 0.68,
            "stock": 0,
            "eps": -0.98
        },
        "2023": {
            "cash": 0,
            "stock": 0,
            "eps": -0.18
        }
    },
    "dividends": {
        "1999-05-20": {
            "cash": 0,
            "stock": 1.2
        },
        "2000-05-25": {
            "cash": 0,
            "stock": 1.5
        },
        "2001-04-26": {
            "cash": 0.4,
            "stock": 0.8
        },
        "2002-05-27": {
            "cash": 0.4,
            "stock": 0.4
        },
        "2003-06-12": {
            "cash": 0.5,
            "stock": 0.4
        },
        "2005-03-21": {
            "cash": 0.4,
            "stock": 0
        },
        "2006-03-28": {
            "cash": 0.4,
            "stock": 0
        },
        "2019-09-30": {
            "cash": 0.43,
            "stock": 0
        },
        "2022-09-26": {
            "cash": 0.68,
            "stock": 0
        }
    },
    "prices": {
        "200101": "22.13",
        "200102": "28.03",
        "200103": "30.57",
        "200104": "28.54",
        "200105": "23.10",
        "200106": "20.96",
        "200107": "17.33",
        "200108": "16.57",
        "200109": "14.65",
        "200110": "11.30",
        "200111": "13.80",
        "200112": "15.73",
        "200201": "19.74",
        "200202": "24.78",
        "200203": "27.34",
        "200204": "24.59",
        "200205": "17.27",
        "200206": "16.36",
        "200207": "14.71",
        "200208": "15.14",
        "200209": "14.07",
        "200210": "11.75",
        "200211": "14.78",
        "200212": "16.15",
        "200301": "14.48",
        "200302": "12.89",
        "200303": "12.10",
        "200304": "11.71",
        "200305": "9.62",
        "200306": "11.23",
        "200307": "15.85",
        "200308": "19.77",
        "200309": "15.34",
        "200310": "13.07",
        "200311": "12.39",
        "200312": "13.71",
        "200401": "14.84",
        "200402": "14.46",
        "200403": "13.77",
        "200404": "17.25",
        "200405": "15.60",
        "200406": "15.12",
        "200407": "14.85",
        "200408": "14.40",
        "200409": "13.78",
        "200410": "11.36",
        "200411": "9.77",
        "200412": "8.57",
        "200501": "8.61",
        "200502": "9.18",
        "200503": "9.72",
        "200504": "8.80",
        "200505": "7.45",
        "200506": "8.35",
        "200507": "8.69",
        "200508": "8.18",
        "200509": "9.42",
        "200510": "8.84",
        "200511": "8.29",
        "200512": "8.86",
        "200601": "9.16",
        "200602": "8.42",
        "200603": "7.95",
        "200604": "8.36",
        "200605": "8.36",
        "200606": "7.36",
        "200607": "7.28",
        "200608": "7.01",
        "200609": "6.87",
        "200610": "7.15",
        "200611": "7.48",
        "200612": "9.06",
        "200701": "13.27",
        "200702": "11.55",
        "200703": "11.86",
        "200704": "11.29",
        "200705": "10.11",
        "200706": "11.34",
        "200707": "11.90",
        "200708": "9.64",
        "200709": "9.51",
        "200710": "9.06",
        "200711": "8.61",
        "200712": "7.61",
        "200801": "6.61",
        "200802": "6.35",
        "200803": "6.84",
        "200804": "7.34",
        "200805": "7.62",
        "200806": "6.85",
        "200807": "5.92",
        "200808": "5.30",
        "200809": "4.32",
        "200810": "3.93",
        "200811": "3.65",
        "200812": "3.62",
        "200901": "3.84",
        "200902": "3.93",
        "200903": "5.00",
        "200904": "5.73",
        "200905": "5.87",
        "200906": "5.35",
        "200907": "5.22",
        "200908": "5.53",
        "200909": "5.98",
        "200910": "6.28",
        "200911": "6.95",
        "200912": "8.23",
        "201001": "8.85",
        "201002": "8.62",
        "201003": "9.16",
        "201004": "9.49",
        "201005": "12.56",
        "201006": "15.00",
        "201007": "14.05",
        "201008": "13.92",
        "201009": "12.56",
        "201010": "11.55",
        "201011": "10.38",
        "201012": "11.66",
        "201101": "13.30",
        "201102": "12.16",
        "201103": "12.23",
        "201104": "11.26",
        "201105": "10.90",
        "201106": "10.83",
        "201107": "9.93",
        "201108": "8.14",
        "201109": "7.31",
        "201110": "7.14",
        "201111": "6.81",
        "201112": "5.80",
        "201201": "5.81",
        "201202": "7.02",
        "201203": "6.79",
        "201204": "6.38",
        "201205": "6.31",
        "201206": "5.73",
        "201207": "5.62",
        "201208": "5.63",
        "201209": "5.02",
        "201210": "5.11",
        "201211": "5.14",
        "201212": "5.62",
        "201301": "5.56",
        "201302": "5.83",
        "201303": "5.92",
        "201304": "6.03",
        "201305": "6.04",
        "201306": "6.01",
        "201307": "5.75",
        "201308": "5.64",
        "201309": "5.60",
        "201310": "5.56",
        "201311": "5.26",
        "201312": "5.29",
        "201401": "5.86",
        "201402": "6.29",
        "201403": "6.52",
        "201404": "6.02",
        "201405": "5.77",
        "201406": "6.66",
        "201407": "11.59",
        "201408": "15.34",
        "201409": "14.30",
        "201410": "15.62",
        "201411": "20.68",
        "201412": "21.50",
        "201501": "19.15",
        "201502": "18.37",
        "201503": "20.23",
        "201504": "18.02",
        "201505": "16.59",
        "201506": "14.77",
        "201507": "18.02",
        "201508": "15.28",
        "201509": "14.46",
        "201510": "14.38",
        "201511": "14.47",
        "201512": "14.88",
        "201601": "13.86",
        "201602": "14.47",
        "201603": "15.57",
        "201604": "15.49",
        "201605": "15.75",
        "201606": "15.86",
        "201607": "15.96",
        "201608": "14.96",
        "201609": "15.84",
        "201610": "16.14",
        "201611": "16.01",
        "201612": "20.05",
        "201701": "23.60",
        "201702": "32.55",
        "201703": "32.25",
        "201704": "31.78",
        "201705": "28.88",
        "201706": "25.86",
        "201707": "24.63",
        "201708": "23.87",
        "201709": "28.43",
        "201710": "29.32",
        "201711": "26.37",
        "201712": "26.35",
        "201801": "28.96",
        "201802": "26.36",
        "201803": "23.63",
        "201804": "22.16",
        "201805": "21.24",
        "201806": "21.01",
        "201807": "20.04",
        "201808": "22.24",
        "201809": "20.22",
        "201810": "19.24",
        "201811": "17.48",
        "201812": "19.14",
        "201901": "19.66",
        "201902": "20.26",
        "201903": "18.39",
        "201904": "18.58",
        "201905": "18.01",
        "201906": "17.29",
        "201907": "15.81",
        "201908": "15.91",
        "201909": "15.84",
        "201910": "16.40",
        "201911": "15.48",
        "201912": "14.25",
        "202001": "14.97",
        "202002": "13.67",
        "202003": "11.84",
        "202004": "10.97",
        "202005": "14.22",
        "202006": "14.46",
        "202007": "15.23",
        "202008": "15.23",
        "202009": "14.85",
        "202010": "15.17",
        "202011": "15.16",
        "202012": "19.27",
        "202101": "23.50",
        "202102": "22.21",
        "202103": "23.32",
        "202104": "24.41",
        "202105": "17.78",
        "202106": "18.78",
        "202107": "19.52",
        "202108": "18.19",
        "202109": "21.60",
        "202110": "22.29",
        "202111": "19.32",
        "202112": "18.93",
        "202201": "18.73",
        "202202": "17.66",
        "202203": "17.78",
        "202204": "18.83",
        "202205": "17.91",
        "202206": "18.15",
        "202207": "18.27",
        "202208": "17.94",
        "202209": "17.09",
        "202210": "15.83",
        "202211": "15.17",
        "202212": "15.15",
        "202301": "14.55",
        "202302": "14.49",
        "202303": "14.68",
        "202304": "15.69",
        "202305": "15.48",
        "202306": "15.84"
    },
    "quarters": {
        "20011": {
            "year_quarter": 20011,
            "year": 2001,
            "quarter": 1,
            "eps": 0.3,
            "eps_growth_year": -60,
            "eps_4q": 1.67,
            "eps_4q_growth_year": null,
            "roe": 2.17,
            "roe_4q": 2.17,
            "gross_profit": 66342,
            "gross_margin": 99.32,
            "gross_margin_4q_avg": 99.32,
            "net_income": 16282,
            "revenue": 66794,
            "common_shares": 546000,
            "book_valuer_per_share": 13.86,
            "book_valuer_per_share_4q_avg": 13.86,
            "equity": 756712,
            "current_ratio": 978.9,
            "debt_ratio": 3.21,
            "inventory_turnover_ratio": 1.57,
            "account_receivable_turnover_ratio": null,
            "reinvestment_rate": null,
            "research_to_sale_ratio": null,
            "price_fair": 0,
            "eps_avg_yearly": 0,
            "eps_latest_yearly": 0,
            "eps_growth_yearly": 0
        },
        "20012": {
            "year_quarter": 20012,
            "year": 2001,
            "quarter": 2,
            "eps": 0.55,
            "eps_growth_year": 30.95,
            "eps_4q": 1.7,
            "eps_4q_growth_year": null,
            "roe": 4.27,
            "roe_4q": 6.4399999999999995,
            "gross_profit": 71056,
            "gross_margin": 95.51,
            "gross_margin_4q_avg": 97.42,
            "net_income": 32487,
            "revenue": 74393,
            "common_shares": 598500,
            "book_valuer_per_share": 12.76,
            "book_valuer_per_share_4q_avg": 13.31,
            "equity": 763649,
            "current_ratio": 525.2,
            "debt_ratio": 6.47,
            "inventory_turnover_ratio": 14.26,
            "account_receivable_turnover_ratio": null,
            "reinvestment_rate": null,
            "research_to_sale_ratio": null,
            "price_fair": 0,
            "eps_avg_yearly": 0,
            "eps_latest_yearly": 0,
            "eps_growth_yearly": 0
        },
        "20013": {
            "year_quarter": 20013,
            "year": 2001,
            "quarter": 3,
            "eps": 0.16,
            "eps_growth_year": -68.63,
            "eps_4q": 1.38,
            "eps_4q_growth_year": -32.33,
            "roe": 1.26,
            "roe_4q": 7.699999999999999,
            "gross_profit": 60232,
            "gross_margin": 90.07,
            "gross_margin_4q_avg": 94.97,
            "net_income": 9519,
            "revenue": 66872,
            "common_shares": 598500,
            "book_valuer_per_share": 12.56,
            "book_valuer_per_share_4q_avg": 13.06,
            "equity": 751978,
            "current_ratio": 806.78,
            "debt_ratio": 4.32,
            "inventory_turnover_ratio": 3.82,
            "account_receivable_turnover_ratio": null,
            "reinvestment_rate": null,
            "research_to_sale_ratio": null,
            "price_fair": 0,
            "eps_avg_yearly": 0,
            "eps_latest_yearly": 0,
            "eps_growth_yearly": 0
        },
        "20014": {
            "year_quarter": 20014,
            "year": 2001,
            "quarter": 4,
            "eps": 0.01,
            "eps_growth_year": -97.73,
            "eps_4q": 1,
            "eps_4q_growth_year": -50.08,
            "roe": 0.09,
            "roe_4q": 7.789999999999999,
            "gross_profit": 37344,
            "gross_margin": 78.69,
            "gross_margin_4q_avg": 90.9,
            "net_income": 682,
            "revenue": 47455,
            "common_shares": 598500,
            "book_valuer_per_share": 12.71,
            "book_valuer_per_share_4q_avg": 12.97,
            "equity": 760884,
            "current_ratio": 601.54,
            "debt_ratio": 5.24,
            "inventory_turnover_ratio": 2.74,
            "account_receivable_turnover_ratio": null,
            "reinvestment_rate": null,
            "research_to_sale_ratio": null,
            "price_fair": 0,
            "eps_avg_yearly": 0,
            "eps_latest_yearly": 0,
            "eps_growth_yearly": 0
        },
        "20021": {
            "year_quarter": 20021,
            "year": 2002,
            "quarter": 1,
            "eps": 0.03,
            "eps_growth_year": -90,
            "eps_4q": 0.72,
            "eps_4q_growth_year": -57.13,
            "roe": 0.24,
            "roe_4q": 5.859999999999999,
            "gross_profit": 41252,
            "gross_margin": 77.19,
            "gross_margin_4q_avg": 85.37,
            "net_income": 1862,
            "revenue": 53439,
            "common_shares": 598500,
            "book_valuer_per_share": 13.1,
            "book_valuer_per_share_4q_avg": 12.78,
            "equity": 783916,
            "current_ratio": 793.01,
            "debt_ratio": 4.46,
            "inventory_turnover_ratio": 4.98,
            "account_receivable_turnover_ratio": null,
            "reinvestment_rate": null,
            "research_to_sale_ratio": null,
            "price_fair": 4.2,
            "eps_avg_yearly": 0.12,
            "eps_latest_yearly": 0.12,
            "eps_growth_yearly": 800
        },
        "20022": {
            "year_quarter": 20022,
            "year": 2002,
            "quarter": 2,
            "eps": 0.11,
            "eps_growth_year": -80,
            "eps_4q": 0.3,
            "eps_4q_growth_year": -82.18,
            "roe": 0.89,
            "roe_4q": 2.48,
            "gross_profit": 61296,
            "gross_margin": 75.43,
            "gross_margin_4q_avg": 80.35,
            "net_income": 6862,
            "revenue": 81267,
            "common_shares": 598500,
            "book_valuer_per_share": 12.55,
            "book_valuer_per_share_4q_avg": 12.73,
            "equity": 750938,
            "current_ratio": 399.68,
            "debt_ratio": 8.54,
            "inventory_turnover_ratio": 18.46,
            "account_receivable_turnover_ratio": null,
            "reinvestment_rate": null,
            "research_to_sale_ratio": null,
            "price_fair": 9.8,
            "eps_avg_yearly": 0.28,
            "eps_latest_yearly": 0.44,
            "eps_growth_yearly": 933.33
        },
        "20023": {
            "year_quarter": 20023,
            "year": 2002,
            "quarter": 3,
            "eps": 0.3,
            "eps_growth_year": 87.5,
            "eps_4q": 0.45,
            "eps_4q_growth_year": -67.4,
            "roe": 2.51,
            "roe_4q": 3.7299999999999995,
            "gross_profit": 70150,
            "gross_margin": 69.68,
            "gross_margin_4q_avg": 75.25,
            "net_income": 18656,
            "revenue": 100670,
            "common_shares": 629100,
            "book_valuer_per_share": 11.68,
            "book_valuer_per_share_4q_avg": 12.51,
            "equity": 734495,
            "current_ratio": 491.35,
            "debt_ratio": 6.89,
            "inventory_turnover_ratio": 20.23,
            "account_receivable_turnover_ratio": null,
            "reinvestment_rate": null,
            "research_to_sale_ratio": null,
            "price_fair": 20.53,
            "eps_avg_yearly": 0.59,
            "eps_latest_yearly": 1.2,
            "eps_growth_yearly": 852.53
        },
        "20024": {
            "year_quarter": 20024,
            "year": 2002,
            "quarter": 4,
            "eps": 0.56,
            "eps_growth_year": 5500,
            "eps_4q": 1,
            "eps_4q_growth_year": 0.19,
            "roe": 4.62,
            "roe_4q": 8.26,
            "gross_profit": 62584,
            "gross_margin": 62.22,
            "gross_margin_4q_avg": 71.13,
            "net_income": 34694,
            "revenue": 100583,
            "common_shares": 629100,
            "book_valuer_per_share": 12.22,
            "book_valuer_per_share_4q_avg": 12.39,
            "equity": 768620,
            "current_ratio": 427.73,
            "debt_ratio": 9.22,
            "inventory_turnover_ratio": 13.16,
            "account_receivable_turnover_ratio": null,
            "reinvestment_rate": null,
            "research_to_sale_ratio": null,
            "price_fair": 35,
            "eps_avg_yearly": 1,
            "eps_latest_yearly": 2.24,
            "eps_growth_yearly": 726.06
        },
        "20031": {
            "year_quarter": 20031,
            "year": 2003,
            "quarter": 1,
            "eps": 0.04,
            "eps_growth_year": 33.33,
            "eps_4q": 1.19,
            "eps_4q_growth_year": 65.21,
            "roe": 0.28,
            "roe_4q": 8.3,
            "gross_profit": 47295,
            "gross_margin": 94.1,
            "gross_margin_4q_avg": 75.36,
            "net_income": 2102,
            "revenue": 50259,
            "common_shares": 629100,
            "book_valuer_per_share": 11.97,
            "book_valuer_per_share_4q_avg": 12.11,
            "equity": 752946,
            "current_ratio": 1221.81,
            "debt_ratio": 3.82,
            "inventory_turnover_ratio": 0.7,
            "account_receivable_turnover_ratio": null,
            "reinvestment_rate": null,
            "research_to_sale_ratio": null,
            "price_fair": 29.12,
            "eps_avg_yearly": 0.83,
            "eps_latest_yearly": 0.16,
            "eps_growth_yearly": 506.56
        },
        "20032": {
            "year_quarter": 20032,
            "year": 2003,
            "quarter": 2,
            "eps": -0.16,
            "eps_growth_year": -245.45,
            "eps_4q": 0.73,
            "eps_4q_growth_year": 141.46,
            "roe": -1.26,
            "roe_4q": 6.15,
            "gross_profit": 37826,
            "gross_margin": 93.3,
            "gross_margin_4q_avg": 79.83,
            "net_income": -9369,
            "revenue": 40543,
            "common_shares": 629100,
            "book_valuer_per_share": 11.59,
            "book_valuer_per_share_4q_avg": 11.87,
            "equity": 729140,
            "current_ratio": 468.84,
            "debt_ratio": 7.85,
            "inventory_turnover_ratio": 0.68,
            "account_receivable_turnover_ratio": null,
            "reinvestment_rate": null,
            "research_to_sale_ratio": null,
            "price_fair": 29.12,
            "eps_avg_yearly": 0.83,
            "eps_latest_yearly": 0.16,
            "eps_growth_yearly": 506.56
        },
        "20033": {
            "year_quarter": 20033,
            "year": 2003,
            "quarter": 3,
            "eps": 0.17,
            "eps_growth_year": -43.33,
            "eps_4q": 0.6,
            "eps_4q_growth_year": 33.77,
            "roe": 1.47,
            "roe_4q": 5.11,
            "gross_profit": 34272,
            "gross_margin": 76.15,
            "gross_margin_4q_avg": 81.44,
            "net_income": 10752,
            "revenue": 45006,
            "common_shares": 660880,
            "book_valuer_per_share": 11.07,
            "book_valuer_per_share_4q_avg": 11.71,
            "equity": 731409,
            "current_ratio": 771.35,
            "debt_ratio": 5.6,
            "inventory_turnover_ratio": 3.05,
            "account_receivable_turnover_ratio": null,
            "reinvestment_rate": 86.57,
            "research_to_sale_ratio": null,
            "price_fair": 29.12,
            "eps_avg_yearly": 0.83,
            "eps_latest_yearly": 0.16,
            "eps_growth_yearly": 506.56
        },
        "20034": {
            "year_quarter": 20034,
            "year": 2003,
            "quarter": 4,
            "eps": -0.55,
            "eps_growth_year": -198.21,
            "eps_4q": -0.5,
            "eps_4q_growth_year": -149.9,
            "roe": -4.85,
            "roe_4q": -4.359999999999999,
            "gross_profit": 23998,
            "gross_margin": 54.29,
            "gross_margin_4q_avg": 79.46,
            "net_income": -34648,
            "revenue": 44205,
            "common_shares": 651940,
            "book_valuer_per_share": 10.68,
            "book_valuer_per_share_4q_avg": 11.33,
            "equity": 696379,
            "current_ratio": 536.43,
            "debt_ratio": 7.92,
            "inventory_turnover_ratio": 7.67,
            "account_receivable_turnover_ratio": null,
            "reinvestment_rate": 12.68,
            "research_to_sale_ratio": null,
            "price_fair": 29.12,
            "eps_avg_yearly": 0.83,
            "eps_latest_yearly": 0.16,
            "eps_growth_yearly": 506.56
        },
        "20041": {
            "year_quarter": 20041,
            "year": 2004,
            "quarter": 1,
            "eps": 0.27,
            "eps_growth_year": 575,
            "eps_4q": -0.26,
            "eps_4q_growth_year": -121.79,
            "roe": 2.37,
            "roe_4q": -2.2699999999999996,
            "gross_profit": 46649,
            "gross_margin": 80.52,
            "gross_margin_4q_avg": 76.07,
            "net_income": 16997,
            "revenue": 57935,
            "common_shares": 651940,
            "book_valuer_per_share": 11.28,
            "book_valuer_per_share_4q_avg": 11.16,
            "equity": 735182,
            "current_ratio": 1006.81,
            "debt_ratio": 4.25,
            "inventory_turnover_ratio": 5.8,
            "account_receivable_turnover_ratio": null,
            "reinvestment_rate": 14.24,
            "research_to_sale_ratio": null,
            "price_fair": 29.12,
            "eps_avg_yearly": 0.83,
            "eps_latest_yearly": 0.16,
            "eps_growth_yearly": 506.56
        },
        "20042": {
            "year_quarter": 20042,
            "year": 2004,
            "quarter": 2,
            "eps": 0.21,
            "eps_growth_year": null,
            "eps_4q": 0.1,
            "eps_4q_growth_year": -86.67,
            "roe": 1.74,
            "roe_4q": 0.7300000000000006,
            "gross_profit": 60886,
            "gross_margin": 101.8,
            "gross_margin_4q_avg": 78.19,
            "net_income": 12892,
            "revenue": 59808,
            "common_shares": 651940,
            "book_valuer_per_share": 11.47,
            "book_valuer_per_share_4q_avg": 11.13,
            "equity": 747940,
            "current_ratio": 980.02,
            "debt_ratio": 4.3,
            "inventory_turnover_ratio": -0.47,
            "account_receivable_turnover_ratio": null,
            "reinvestment_rate": 14.34,
            "research_to_sale_ratio": null,
            "price_fair": 29.17,
            "eps_avg_yearly": 0.83,
            "eps_latest_yearly": 0.84,
            "eps_growth_yearly": 407.32
        },
        "20043": {
            "year_quarter": 20043,
            "year": 2004,
            "quarter": 3,
            "eps": -0.05,
            "eps_growth_year": -129.41,
            "eps_4q": -0.12,
            "eps_4q_growth_year": -119.54,
            "roe": -0.39,
            "roe_4q": -1.1299999999999994,
            "gross_profit": 31446,
            "gross_margin": 61.06,
            "gross_margin_4q_avg": 74.42,
            "net_income": -2930,
            "revenue": 51503,
            "common_shares": 651940,
            "book_valuer_per_share": 11.42,
            "book_valuer_per_share_4q_avg": 11.21,
            "equity": 744787,
            "current_ratio": 809.72,
            "debt_ratio": 4.94,
            "inventory_turnover_ratio": 6.92,
            "account_receivable_turnover_ratio": null,
            "reinvestment_rate": -7.31,
            "research_to_sale_ratio": null,
            "price_fair": 29.17,
            "eps_avg_yearly": 0.83,
            "eps_latest_yearly": 0.84,
            "eps_growth_yearly": 407.32
        },
        "20044": {
            "year_quarter": 20044,
            "year": 2004,
            "quarter": 4,
            "eps": -0.05,
            "eps_growth_year": null,
            "eps_4q": 0.38,
            "eps_4q_growth_year": null,
            "roe": -0.39,
            "roe_4q": 3.33,
            "gross_profit": 38636,
            "gross_margin": 72.1,
            "gross_margin_4q_avg": 78.87,
            "net_income": -2879,
            "revenue": 53585,
            "common_shares": 651940,
            "book_valuer_per_share": 11.12,
            "book_valuer_per_share_4q_avg": 11.32,
            "equity": 724988,
            "current_ratio": 481.75,
            "debt_ratio": 7.86,
            "inventory_turnover_ratio": 4.65,
            "account_receivable_turnover_ratio": null,
            "reinvestment_rate": -10.49,
            "research_to_sale_ratio": null,
            "price_fair": 29.17,
            "eps_avg_yearly": 0.83,
            "eps_latest_yearly": 0.84,
            "eps_growth_yearly": 407.32
        },
        "20051": {
            "year_quarter": 20051,
            "year": 2005,
            "quarter": 1,
            "eps": 0.1,
            "eps_growth_year": -62.96,
            "eps_4q": 0.22,
            "eps_4q_growth_year": null,
            "roe": 0.82,
            "roe_4q": 1.7799999999999998,
            "gross_profit": 46607,
            "gross_margin": 89.9,
            "gross_margin_4q_avg": 81.22,
            "net_income": 5976,
            "revenue": 51846,
            "common_shares": 651940,
            "book_valuer_per_share": 11.17,
            "book_valuer_per_share_4q_avg": 11.3,
            "equity": 728317,
            "current_ratio": 1051.64,
            "debt_ratio": 4.05,
            "inventory_turnover_ratio": 1.33,
            "account_receivable_turnover_ratio": null,
            "reinvestment_rate": -10.79,
            "research_to_sale_ratio": null,
            "price_fair": 29.17,
            "eps_avg_yearly": 0.83,
            "eps_latest_yearly": 0.84,
            "eps_growth_yearly": 407.32
        },
        "20052": {
            "year_quarter": 20052,
            "year": 2005,
            "quarter": 2,
            "eps": 0.72,
            "eps_growth_year": 242.86,
            "eps_4q": 0.72,
            "eps_4q_growth_year": 640.35,
            "roe": 5.96,
            "roe_4q": 6.000000000000001,
            "gross_profit": 42827,
            "gross_margin": 88.87,
            "gross_margin_4q_avg": 77.98,
            "net_income": 43880,
            "revenue": 48190,
            "common_shares": 651940,
            "book_valuer_per_share": 11.4,
            "book_valuer_per_share_4q_avg": 11.28,
            "equity": 743295,
            "current_ratio": 506.43,
            "debt_ratio": 8.1,
            "inventory_turnover_ratio": 1.1,
            "account_receivable_turnover_ratio": null,
            "reinvestment_rate": -9.29,
            "research_to_sale_ratio": null,
            "price_fair": 39.4,
            "eps_avg_yearly": 1.13,
            "eps_latest_yearly": 2.88,
            "eps_growth_yearly": 703.42
        },
        "20053": {
            "year_quarter": 20053,
            "year": 2005,
            "quarter": 3,
            "eps": -0.01,
            "eps_growth_year": null,
            "eps_4q": 0.73,
            "eps_4q_growth_year": null,
            "roe": -0.11,
            "roe_4q": 6.28,
            "gross_profit": 36079,
            "gross_margin": 65.46,
            "gross_margin_4q_avg": 79.08,
            "net_income": -778,
            "revenue": 55120,
            "common_shares": 636940,
            "book_valuer_per_share": 11.57,
            "book_valuer_per_share_4q_avg": 11.32,
            "equity": 737250,
            "current_ratio": 791.26,
            "debt_ratio": 5.63,
            "inventory_turnover_ratio": 3.62,
            "account_receivable_turnover_ratio": null,
            "reinvestment_rate": -9.15,
            "research_to_sale_ratio": null,
            "price_fair": 39.4,
            "eps_avg_yearly": 1.13,
            "eps_latest_yearly": 2.88,
            "eps_growth_yearly": 703.42
        },
        "20054": {
            "year_quarter": 20054,
            "year": 2005,
            "quarter": 4,
            "eps": -0.19,
            "eps_growth_year": null,
            "eps_4q": 0.61,
            "eps_4q_growth_year": 60.53,
            "roe": -1.6,
            "roe_4q": 5.07,
            "gross_profit": 37319,
            "gross_margin": 67.63,
            "gross_margin_4q_avg": 77.97,
            "net_income": -11762,
            "revenue": 55183,
            "common_shares": 626940,
            "book_valuer_per_share": 11.63,
            "book_valuer_per_share_4q_avg": 11.44,
            "equity": 728889,
            "current_ratio": 473.92,
            "debt_ratio": 7.97,
            "inventory_turnover_ratio": 2.6,
            "account_receivable_turnover_ratio": null,
            "reinvestment_rate": 5.99,
            "research_to_sale_ratio": null,
            "price_fair": 39.4,
            "eps_avg_yearly": 1.13,
            "eps_latest_yearly": 2.88,
            "eps_growth_yearly": 703.42
        },
        "20061": {
            "year_quarter": 20061,
            "year": 2006,
            "quarter": 1,
            "eps": -0.02,
            "eps_growth_year": -120,
            "eps_4q": 1.42,
            "eps_4q_growth_year": 550.24,
            "roe": -0.06,
            "roe_4q": 4.1899999999999995,
            "gross_profit": 47043,
            "gross_margin": 87.95,
            "gross_margin_4q_avg": 77.48,
            "net_income": -435,
            "revenue": 53491,
            "common_shares": 626940,
            "book_valuer_per_share": 11.55,
            "book_valuer_per_share_4q_avg": 11.54,
            "equity": 724184,
            "current_ratio": 552.15,
            "debt_ratio": 6.03,
            "inventory_turnover_ratio": 0.82,
            "account_receivable_turnover_ratio": null,
            "reinvestment_rate": -11.25,
            "research_to_sale_ratio": null,
            "price_fair": 45.27,
            "eps_avg_yearly": 1.29,
            "eps_latest_yearly": 2.88,
            "eps_growth_yearly": 687.32
        },
        "20062": {
            "year_quarter": 20062,
            "year": 2006,
            "quarter": 2,
            "eps": 0.04,
            "eps_growth_year": -94.44,
            "eps_4q": -0.2,
            "eps_4q_growth_year": -127.06,
            "roe": 0.31,
            "roe_4q": -1.4600000000000002,
            "gross_profit": 40602,
            "gross_margin": 75.7,
            "gross_margin_4q_avg": 74.19,
            "net_income": 2203,
            "revenue": 53637,
            "common_shares": 626940,
            "book_valuer_per_share": 11.27,
            "book_valuer_per_share_4q_avg": 11.51,
            "equity": 706843,
            "current_ratio": 359.59,
            "debt_ratio": 8.61,
            "inventory_turnover_ratio": 1.85,
            "account_receivable_turnover_ratio": null,
            "reinvestment_rate": -15.37,
            "research_to_sale_ratio": null,
            "price_fair": 51.24,
            "eps_avg_yearly": 1.46,
            "eps_latest_yearly": 2.88,
            "eps_growth_yearly": 611.45
        },
        "20063": {
            "year_quarter": 20063,
            "year": 2006,
            "quarter": 3,
            "eps": -0.01,
            "eps_growth_year": null,
            "eps_4q": -0.17,
            "eps_4q_growth_year": -122.86,
            "roe": -0.06,
            "roe_4q": -1.4100000000000001,
            "gross_profit": 35063,
            "gross_margin": 64.03,
            "gross_margin_4q_avg": 73.83,
            "net_income": -400,
            "revenue": 54757,
            "common_shares": 626940,
            "book_valuer_per_share": 11.33,
            "book_valuer_per_share_4q_avg": 11.45,
            "equity": 710594,
            "current_ratio": 459.81,
            "debt_ratio": 6.06,
            "inventory_turnover_ratio": 2.71,
            "account_receivable_turnover_ratio": null,
            "reinvestment_rate": -20.68,
            "research_to_sale_ratio": null,
            "price_fair": 53.55,
            "eps_avg_yearly": 1.53,
            "eps_latest_yearly": 2.88,
            "eps_growth_yearly": 591.59
        },
        "20064": {
            "year_quarter": 20064,
            "year": 2006,
            "quarter": 4,
            "eps": -0.55,
            "eps_growth_year": null,
            "eps_4q": -0.52,
            "eps_4q_growth_year": -185.25,
            "roe": -4.77,
            "roe_4q": -4.579999999999999,
            "gross_profit": 29106,
            "gross_margin": 58.19,
            "gross_margin_4q_avg": 71.47,
            "net_income": -33197,
            "revenue": 50022,
            "common_shares": 626940,
            "book_valuer_per_share": 10.88,
            "book_valuer_per_share_4q_avg": 11.26,
            "equity": 682306,
            "current_ratio": 410.9,
            "debt_ratio": 6.91,
            "inventory_turnover_ratio": 3.45,
            "account_receivable_turnover_ratio": null,
            "reinvestment_rate": null,
            "research_to_sale_ratio": null,
            "price_fair": 45.27,
            "eps_avg_yearly": 1.29,
            "eps_latest_yearly": 2.88,
            "eps_growth_yearly": 673.23
        },
        "20071": {
            "year_quarter": 20071,
            "year": 2007,
            "quarter": 1,
            "eps": -0.06,
            "eps_growth_year": null,
            "eps_4q": -0.61,
            "eps_4q_growth_year": -142.96,
            "roe": -0.51,
            "roe_4q": -5.029999999999999,
            "gross_profit": 35850,
            "gross_margin": 86.9,
            "gross_margin_4q_avg": 71.21,
            "net_income": -3422,
            "revenue": 41253,
            "common_shares": 626940,
            "book_valuer_per_share": 10.65,
            "book_valuer_per_share_4q_avg": 11.03,
            "equity": 667943,
            "current_ratio": 1781.4,
            "debt_ratio": 4.26,
            "inventory_turnover_ratio": 2.04,
            "account_receivable_turnover_ratio": null,
            "reinvestment_rate": null,
            "research_to_sale_ratio": null,
            "price_fair": 65.1,
            "eps_avg_yearly": 1.86,
            "eps_latest_yearly": 2.88,
            "eps_growth_yearly": 1195.56
        },
        "20072": {
            "year_quarter": 20072,
            "year": 2007,
            "quarter": 2,
            "eps": 0.26,
            "eps_growth_year": 550,
            "eps_4q": -0.35,
            "eps_4q_growth_year": null,
            "roe": 2.34,
            "roe_4q": -2.9999999999999996,
            "gross_profit": 26927,
            "gross_margin": 79.92,
            "gross_margin_4q_avg": 72.26,
            "net_income": 15842,
            "revenue": 33694,
            "common_shares": 626940,
            "book_valuer_per_share": 10.96,
            "book_valuer_per_share_4q_avg": 10.96,
            "equity": 687400,
            "current_ratio": 1614.76,
            "debt_ratio": 4.84,
            "inventory_turnover_ratio": 2.91,
            "account_receivable_turnover_ratio": null,
            "reinvestment_rate": -996.11,
            "research_to_sale_ratio": null,
            "price_fair": 65.1,
            "eps_avg_yearly": 1.86,
            "eps_latest_yearly": 2.88,
            "eps_growth_yearly": 1195.56
        },
        "20073": {
            "year_quarter": 20073,
            "year": 2007,
            "quarter": 3,
            "eps": -0.11,
            "eps_growth_year": null,
            "eps_4q": -0.44,
            "eps_4q_growth_year": null,
            "roe": -0.99,
            "roe_4q": -3.9299999999999997,
            "gross_profit": 21181,
            "gross_margin": 66.18,
            "gross_margin_4q_avg": 72.8,
            "net_income": -6751,
            "revenue": 32006,
            "common_shares": 626940,
            "book_valuer_per_share": 10.7,
            "book_valuer_per_share_4q_avg": 10.8,
            "equity": 670759,
            "current_ratio": 1546.59,
            "debt_ratio": 5.08,
            "inventory_turnover_ratio": 3.89,
            "account_receivable_turnover_ratio": null,
            "reinvestment_rate": -30086.9,
            "research_to_sale_ratio": null,
            "price_fair": 65.1,
            "eps_avg_yearly": 1.86,
            "eps_latest_yearly": 2.88,
            "eps_growth_yearly": 1195.56
        },
        "20074": {
            "year_quarter": 20074,
            "year": 2007,
            "quarter": 4,
            "eps": -0.45,
            "eps_growth_year": null,
            "eps_4q": -0.35,
            "eps_4q_growth_year": null,
            "roe": -4.15,
            "roe_4q": -3.3100000000000005,
            "gross_profit": 12578,
            "gross_margin": 32.91,
            "gross_margin_4q_avg": 66.48,
            "net_income": -27054,
            "revenue": 38217,
            "common_shares": 606940,
            "book_valuer_per_share": 10.44,
            "book_valuer_per_share_4q_avg": 10.69,
            "equity": 633499,
            "current_ratio": 839.22,
            "debt_ratio": 6.52,
            "inventory_turnover_ratio": 11.56,
            "account_receivable_turnover_ratio": null,
            "reinvestment_rate": -1924.81,
            "research_to_sale_ratio": null,
            "price_fair": 65.1,
            "eps_avg_yearly": 1.86,
            "eps_latest_yearly": 2.88,
            "eps_growth_yearly": 1195.56
        },
        "20081": {
            "year_quarter": 20081,
            "year": 2008,
            "quarter": 1,
            "eps": -0.04,
            "eps_growth_year": null,
            "eps_4q": -0.31,
            "eps_4q_growth_year": null,
            "roe": -0.42,
            "roe_4q": -3.2200000000000006,
            "gross_profit": 47961,
            "gross_margin": 94,
            "gross_margin_4q_avg": 68.25,
            "net_income": -2645,
            "revenue": 51023,
            "common_shares": 606940,
            "book_valuer_per_share": 10.16,
            "book_valuer_per_share_4q_avg": 10.57,
            "equity": 616609,
            "current_ratio": 923.23,
            "debt_ratio": 6.02,
            "inventory_turnover_ratio": 1.42,
            "account_receivable_turnover_ratio": null,
            "reinvestment_rate": null,
            "research_to_sale_ratio": null,
            "price_fair": 65.1,
            "eps_avg_yearly": 1.86,
            "eps_latest_yearly": 2.88,
            "eps_growth_yearly": 1195.56
        },
        "20082": {
            "year_quarter": 20082,
            "year": 2008,
            "quarter": 2,
            "eps": 0.26,
            "eps_growth_year": 0,
            "eps_4q": -0.34,
            "eps_4q_growth_year": null,
            "roe": 2.56,
            "roe_4q": -3,
            "gross_profit": 63951,
            "gross_margin": 91.73,
            "gross_margin_4q_avg": 71.21,
            "net_income": 15781,
            "revenue": 69715,
            "common_shares": 606940,
            "book_valuer_per_share": 10.18,
            "book_valuer_per_share_4q_avg": 10.37,
            "equity": 618005,
            "current_ratio": 1096.32,
            "debt_ratio": 4.96,
            "inventory_turnover_ratio": 4.22,
            "account_receivable_turnover_ratio": null,
            "reinvestment_rate": null,
            "research_to_sale_ratio": null,
            "price_fair": 100.8,
            "eps_avg_yearly": 2.88,
            "eps_latest_yearly": 2.88,
            "eps_growth_yearly": 2480
        },
        "20083": {
            "year_quarter": 20083,
            "year": 2008,
            "quarter": 3,
            "eps": 0.2,
            "eps_growth_year": null,
            "eps_4q": -0.03,
            "eps_4q_growth_year": null,
            "roe": 2,
            "roe_4q": -0.009999999999999787,
            "gross_profit": 45713,
            "gross_margin": 79.68,
            "gross_margin_4q_avg": 74.58,
            "net_income": 12303,
            "revenue": 57370,
            "common_shares": 606940,
            "book_valuer_per_share": 10.09,
            "book_valuer_per_share_4q_avg": 10.22,
            "equity": 612700,
            "current_ratio": 986.44,
            "debt_ratio": 5.86,
            "inventory_turnover_ratio": 12.45,
            "account_receivable_turnover_ratio": null,
            "reinvestment_rate": -2320.08,
            "research_to_sale_ratio": null,
            "price_fair": 64.4,
            "eps_avg_yearly": 1.84,
            "eps_latest_yearly": 0.8,
            "eps_growth_yearly": 1193.85
        },
        "20084": {
            "year_quarter": 20084,
            "year": 2008,
            "quarter": 4,
            "eps": -0.31,
            "eps_growth_year": null,
            "eps_4q": 0.1,
            "eps_4q_growth_year": null,
            "roe": -3.18,
            "roe_4q": 0.96,
            "gross_profit": 41459,
            "gross_margin": 107.79,
            "gross_margin_4q_avg": 93.3,
            "net_income": -19105,
            "revenue": 38462,
            "common_shares": 606940,
            "book_valuer_per_share": 9.72,
            "book_valuer_per_share_4q_avg": 10.04,
            "equity": 590154,
            "current_ratio": 777.33,
            "debt_ratio": 7.57,
            "inventory_turnover_ratio": -6.93,
            "account_receivable_turnover_ratio": 3.73,
            "reinvestment_rate": null,
            "research_to_sale_ratio": null,
            "price_fair": 64.4,
            "eps_avg_yearly": 1.84,
            "eps_latest_yearly": 0.8,
            "eps_growth_yearly": 1193.85
        },
        "20091": {
            "year_quarter": 20091,
            "year": 2009,
            "quarter": 1,
            "eps": 0.17,
            "eps_growth_year": null,
            "eps_4q": 0.32,
            "eps_4q_growth_year": null,
            "roe": 1.73,
            "roe_4q": 3.11,
            "gross_profit": 49507,
            "gross_margin": 91.91,
            "gross_margin_4q_avg": 92.78,
            "net_income": 10267,
            "revenue": 53865,
            "common_shares": 606940,
            "book_valuer_per_share": 9.8,
            "book_valuer_per_share_4q_avg": 9.95,
            "equity": 594740,
            "current_ratio": 711.3,
            "debt_ratio": 8.57,
            "inventory_turnover_ratio": 19.33,
            "account_receivable_turnover_ratio": 2.21,
            "reinvestment_rate": null,
            "research_to_sale_ratio": null,
            "price_fair": 64.4,
            "eps_avg_yearly": 1.84,
            "eps_latest_yearly": 0.8,
            "eps_growth_yearly": 1193.85
        },
        "20092": {
            "year_quarter": 20092,
            "year": 2009,
            "quarter": 2,
            "eps": 0,
            "eps_growth_year": -100,
            "eps_4q": 0.06,
            "eps_4q_growth_year": null,
            "roe": 0.04,
            "roe_4q": 0.5899999999999999,
            "gross_profit": 45086,
            "gross_margin": 92.91,
            "gross_margin_4q_avg": 93.07,
            "net_income": 213,
            "revenue": 48528,
            "common_shares": 606940,
            "book_valuer_per_share": 9.62,
            "book_valuer_per_share_4q_avg": 9.81,
            "equity": 583837,
            "current_ratio": 1048.56,
            "debt_ratio": 5.67,
            "inventory_turnover_ratio": 12.87,
            "account_receivable_turnover_ratio": 2.33,
            "reinvestment_rate": null,
            "research_to_sale_ratio": null,
            "price_fair": 2.4,
            "eps_avg_yearly": 0.8,
            "eps_latest_yearly": 0.8,
            "eps_growth_yearly": -92.31
        },
        "20093": {
            "year_quarter": 20093,
            "year": 2009,
            "quarter": 3,
            "eps": 0.18,
            "eps_growth_year": -10,
            "eps_4q": 0.04,
            "eps_4q_growth_year": null,
            "roe": 1.88,
            "roe_4q": 0.46999999999999975,
            "gross_profit": 44058,
            "gross_margin": 95.23,
            "gross_margin_4q_avg": 96.96,
            "net_income": 11092,
            "revenue": 46266,
            "common_shares": 606940,
            "book_valuer_per_share": 9.84,
            "book_valuer_per_share_4q_avg": 9.75,
            "equity": 597464,
            "current_ratio": 1075.05,
            "debt_ratio": 5.57,
            "inventory_turnover_ratio": 11.53,
            "account_receivable_turnover_ratio": 3.27,
            "reinvestment_rate": null,
            "research_to_sale_ratio": null,
            "price_fair": 2.4,
            "eps_avg_yearly": 0.8,
            "eps_latest_yearly": 0.8,
            "eps_growth_yearly": -92.31
        },
        "20094": {
            "year_quarter": 20094,
            "year": 2009,
            "quarter": 4,
            "eps": -0.19,
            "eps_growth_year": null,
            "eps_4q": 0.17,
            "eps_4q_growth_year": 67.28,
            "roe": -1.91,
            "roe_4q": 1.74,
            "gross_profit": 45433,
            "gross_margin": 96.84,
            "gross_margin_4q_avg": 94.22,
            "net_income": -11419,
            "revenue": 46915,
            "common_shares": 606940,
            "book_valuer_per_share": 9.88,
            "book_valuer_per_share_4q_avg": 9.79,
            "equity": 599857,
            "current_ratio": 964.57,
            "debt_ratio": 6.31,
            "inventory_turnover_ratio": 3.77,
            "account_receivable_turnover_ratio": 4.58,
            "reinvestment_rate": null,
            "research_to_sale_ratio": null,
            "price_fair": 2.4,
            "eps_avg_yearly": 0.8,
            "eps_latest_yearly": 0.8,
            "eps_growth_yearly": -92.31
        },
        "20101": {
            "year_quarter": 20101,
            "year": 2010,
            "quarter": 1,
            "eps": 0.29,
            "eps_growth_year": 70.59,
            "eps_4q": 0.29,
            "eps_4q_growth_year": -10.21,
            "roe": 2.86,
            "roe_4q": 2.87,
            "gross_profit": 53925,
            "gross_margin": 97.59,
            "gross_margin_4q_avg": 95.64,
            "net_income": 17480,
            "revenue": 55254,
            "common_shares": 606940,
            "book_valuer_per_share": 10.27,
            "book_valuer_per_share_4q_avg": 9.9,
            "equity": 623527,
            "current_ratio": 841.88,
            "debt_ratio": 7.48,
            "inventory_turnover_ratio": 2.27,
            "account_receivable_turnover_ratio": 1.79,
            "reinvestment_rate": null,
            "research_to_sale_ratio": 7.83,
            "price_fair": 2.4,
            "eps_avg_yearly": 0.8,
            "eps_latest_yearly": 0.8,
            "eps_growth_yearly": -92.31
        },
        "20102": {
            "year_quarter": 20102,
            "year": 2010,
            "quarter": 2,
            "eps": 0.19,
            "eps_growth_year": null,
            "eps_4q": 0.47,
            "eps_4q_growth_year": 681.21,
            "roe": 1.85,
            "roe_4q": 4.68,
            "gross_profit": 46993,
            "gross_margin": 93.36,
            "gross_margin_4q_avg": 95.76,
            "net_income": 11580,
            "revenue": 50334,
            "common_shares": 606940,
            "book_valuer_per_share": 10.33,
            "book_valuer_per_share_4q_avg": 10.08,
            "equity": 626731,
            "current_ratio": 1016.21,
            "debt_ratio": 6.38,
            "inventory_turnover_ratio": 6.24,
            "account_receivable_turnover_ratio": 1.66,
            "reinvestment_rate": null,
            "research_to_sale_ratio": 13.82,
            "price_fair": 2.34,
            "eps_avg_yearly": 0.78,
            "eps_latest_yearly": 0.76,
            "eps_growth_yearly": -115.12
        },
        "20103": {
            "year_quarter": 20103,
            "year": 2010,
            "quarter": 3,
            "eps": 0.26,
            "eps_growth_year": 44.23,
            "eps_4q": 0.55,
            "eps_4q_growth_year": 1274.5,
            "roe": 2.46,
            "roe_4q": 5.26,
            "gross_profit": 49616,
            "gross_margin": 81.82,
            "gross_margin_4q_avg": 92.4,
            "net_income": 15757,
            "revenue": 60643,
            "common_shares": 606940,
            "book_valuer_per_share": 10.74,
            "book_valuer_per_share_4q_avg": 10.31,
            "equity": 651758,
            "current_ratio": 958.72,
            "debt_ratio": 6.91,
            "inventory_turnover_ratio": 24.67,
            "account_receivable_turnover_ratio": 2.51,
            "reinvestment_rate": 1316.91,
            "research_to_sale_ratio": 12.12,
            "price_fair": 2.6,
            "eps_avg_yearly": 0.87,
            "eps_latest_yearly": 1.04,
            "eps_growth_yearly": -27.62
        },
        "20104": {
            "year_quarter": 20104,
            "year": 2010,
            "quarter": 4,
            "eps": -0.11,
            "eps_growth_year": null,
            "eps_4q": 0.63,
            "eps_4q_growth_year": 274.6,
            "roe": -1.06,
            "roe_4q": 6.109999999999999,
            "gross_profit": 52158,
            "gross_margin": 116.62,
            "gross_margin_4q_avg": 97.35,
            "net_income": -6784,
            "revenue": 44726,
            "common_shares": 606940,
            "book_valuer_per_share": 10.41,
            "book_valuer_per_share_4q_avg": 10.44,
            "equity": 631629,
            "current_ratio": 1046.79,
            "debt_ratio": 6.61,
            "inventory_turnover_ratio": -18.02,
            "account_receivable_turnover_ratio": 1.56,
            "reinvestment_rate": 111.21,
            "research_to_sale_ratio": 26.4,
            "price_fair": 2.6,
            "eps_avg_yearly": 0.87,
            "eps_latest_yearly": 1.04,
            "eps_growth_yearly": -27.62
        },
        "20111": {
            "year_quarter": 20111,
            "year": 2011,
            "quarter": 1,
            "eps": 0.16,
            "eps_growth_year": -44.83,
            "eps_4q": 0.5,
            "eps_4q_growth_year": 73.36,
            "roe": 1.5,
            "roe_4q": 4.75,
            "gross_profit": 46789,
            "gross_margin": 96.98,
            "gross_margin_4q_avg": 97.2,
            "net_income": 9553,
            "revenue": 48248,
            "common_shares": 606940,
            "book_valuer_per_share": 10.6,
            "book_valuer_per_share_4q_avg": 10.52,
            "equity": 643604,
            "current_ratio": 1681.36,
            "debt_ratio": 4.05,
            "inventory_turnover_ratio": 2.96,
            "account_receivable_turnover_ratio": 1.72,
            "reinvestment_rate": 492.54,
            "research_to_sale_ratio": 17.08,
            "price_fair": 2.6,
            "eps_avg_yearly": 0.87,
            "eps_latest_yearly": 1.04,
            "eps_growth_yearly": -27.62
        },
        "20112": {
            "year_quarter": 20112,
            "year": 2011,
            "quarter": 2,
            "eps": 0.01,
            "eps_growth_year": -95.58,
            "eps_4q": 0.32,
            "eps_4q_growth_year": -32,
            "roe": 0.08,
            "roe_4q": 2.98,
            "gross_profit": 40765,
            "gross_margin": 94.01,
            "gross_margin_4q_avg": 97.36,
            "net_income": 498,
            "revenue": 43362,
            "common_shares": 606940,
            "book_valuer_per_share": 10.44,
            "book_valuer_per_share_4q_avg": 10.55,
            "equity": 616949,
            "current_ratio": 1389.66,
            "debt_ratio": 5,
            "inventory_turnover_ratio": 4.36,
            "account_receivable_turnover_ratio": 1.43,
            "reinvestment_rate": 669.13,
            "research_to_sale_ratio": 18.14,
            "price_fair": 1.98,
            "eps_avg_yearly": 0.66,
            "eps_latest_yearly": 0.04,
            "eps_growth_yearly": -114.47
        },
        "20113": {
            "year_quarter": 20113,
            "year": 2011,
            "quarter": 3,
            "eps": 0.05,
            "eps_growth_year": -81.93,
            "eps_4q": 0.1,
            "eps_4q_growth_year": -81.43,
            "roe": 0.43,
            "roe_4q": 0.9499999999999997,
            "gross_profit": 44976,
            "gross_margin": 82.62,
            "gross_margin_4q_avg": 97.56,
            "net_income": 2772,
            "revenue": 54439,
            "common_shares": 606940,
            "book_valuer_per_share": 10.46,
            "book_valuer_per_share_4q_avg": 10.48,
            "equity": 663985,
            "current_ratio": 818.81,
            "debt_ratio": 7.2,
            "inventory_turnover_ratio": 1.74,
            "account_receivable_turnover_ratio": 1.2,
            "reinvestment_rate": 955.86,
            "research_to_sale_ratio": 14.34,
            "price_fair": 19.88,
            "eps_avg_yearly": 0.57,
            "eps_latest_yearly": 0.2,
            "eps_growth_yearly": 228.43
        },
        "20114": {
            "year_quarter": 20114,
            "year": 2011,
            "quarter": 4,
            "eps": -0.01,
            "eps_growth_year": null,
            "eps_4q": 0.21,
            "eps_4q_growth_year": -66.18,
            "roe": -0.36,
            "roe_4q": 1.65,
            "gross_profit": 52635,
            "gross_margin": 104.78,
            "gross_margin_4q_avg": 94.6,
            "net_income": -2378,
            "revenue": 50234,
            "common_shares": 606940,
            "book_valuer_per_share": 10.38,
            "book_valuer_per_share_4q_avg": 10.47,
            "equity": 655938,
            "current_ratio": 880.87,
            "debt_ratio": 7.12,
            "inventory_turnover_ratio": -0.2,
            "account_receivable_turnover_ratio": 0.93,
            "reinvestment_rate": 497.38,
            "research_to_sale_ratio": 26.33,
            "price_fair": 19.88,
            "eps_avg_yearly": 0.57,
            "eps_latest_yearly": 0.2,
            "eps_growth_yearly": 228.43
        },
        "20121": {
            "year_quarter": 20121,
            "year": 2012,
            "quarter": 1,
            "eps": 0,
            "eps_growth_year": -100,
            "eps_4q": 0.05,
            "eps_4q_growth_year": -89.6,
            "roe": -0.49,
            "roe_4q": -0.33999999999999997,
            "gross_profit": 48055,
            "gross_margin": 89.69,
            "gross_margin_4q_avg": 92.78,
            "net_income": -3184,
            "revenue": 53578,
            "common_shares": 606940,
            "book_valuer_per_share": 10.36,
            "book_valuer_per_share_4q_avg": 10.41,
            "equity": 651355,
            "current_ratio": 1259.12,
            "debt_ratio": 4.93,
            "inventory_turnover_ratio": 0.29,
            "account_receivable_turnover_ratio": 1.09,
            "reinvestment_rate": 461.06,
            "research_to_sale_ratio": 20.34,
            "price_fair": 19.88,
            "eps_avg_yearly": 0.57,
            "eps_latest_yearly": 0.2,
            "eps_growth_yearly": 228.43
        },
        "20122": {
            "year_quarter": 20122,
            "year": 2012,
            "quarter": 2,
            "eps": -1.7,
            "eps_growth_year": -20252.81,
            "eps_4q": -1.66,
            "eps_4q_growth_year": -614.13,
            "roe": -16.22,
            "roe_4q": -16.639999999999997,
            "gross_profit": 43071,
            "gross_margin": 83.94,
            "gross_margin_4q_avg": 90.26,
            "net_income": -104757,
            "revenue": 51312,
            "common_shares": 606940,
            "book_valuer_per_share": 10.23,
            "book_valuer_per_share_4q_avg": 10.36,
            "equity": 640427,
            "current_ratio": 1042.16,
            "debt_ratio": 5.98,
            "inventory_turnover_ratio": 0.31,
            "account_receivable_turnover_ratio": 0.91,
            "reinvestment_rate": null,
            "research_to_sale_ratio": 22.11,
            "price_fair": 19.88,
            "eps_avg_yearly": 0.57,
            "eps_latest_yearly": 0.2,
            "eps_growth_yearly": 228.43
        },
        "20123": {
            "year_quarter": 20123,
            "year": 2012,
            "quarter": 3,
            "eps": -0.15,
            "eps_growth_year": -409.49,
            "eps_4q": -1.85,
            "eps_4q_growth_year": -1907.57,
            "roe": -1.88,
            "roe_4q": -18.949999999999996,
            "gross_profit": 44073,
            "gross_margin": 75.95,
            "gross_margin_4q_avg": 88.59,
            "net_income": -11903,
            "revenue": 58032,
            "common_shares": 606940,
            "book_valuer_per_share": 10.09,
            "book_valuer_per_share_4q_avg": 10.27,
            "equity": 629067,
            "current_ratio": 874.79,
            "debt_ratio": 7.27,
            "inventory_turnover_ratio": 0.4,
            "account_receivable_turnover_ratio": 0.83,
            "reinvestment_rate": null,
            "research_to_sale_ratio": 21.7,
            "price_fair": 17.85,
            "eps_avg_yearly": 0.51,
            "eps_latest_yearly": 0.2,
            "eps_growth_yearly": 308.61
        },
        "20124": {
            "year_quarter": 20124,
            "year": 2012,
            "quarter": 4,
            "eps": -0.61,
            "eps_growth_year": null,
            "eps_4q": -2.45,
            "eps_4q_growth_year": -1256.61,
            "roe": -7.65,
            "roe_4q": -26.24,
            "gross_profit": 43331,
            "gross_margin": 49.69,
            "gross_margin_4q_avg": 74.82,
            "net_income": -46287,
            "revenue": 87198,
            "common_shares": 606940,
            "book_valuer_per_share": 9.46,
            "book_valuer_per_share_4q_avg": 10.04,
            "equity": 581069,
            "current_ratio": 726.95,
            "debt_ratio": 8.96,
            "inventory_turnover_ratio": 1.23,
            "account_receivable_turnover_ratio": 1.2,
            "reinvestment_rate": null,
            "research_to_sale_ratio": 26.58,
            "price_fair": 17.85,
            "eps_avg_yearly": 0.51,
            "eps_latest_yearly": 0.2,
            "eps_growth_yearly": 308.61
        },
        "20131": {
            "year_quarter": 20131,
            "year": 2013,
            "quarter": 1,
            "eps": -0.05,
            "eps_growth_year": null,
            "eps_4q": -2.5,
            "eps_4q_growth_year": -4945.98,
            "roe": -0.68,
            "roe_4q": -26.43,
            "gross_profit": 44025,
            "gross_margin": 75.32,
            "gross_margin_4q_avg": 71.23,
            "net_income": -3932,
            "revenue": 58453,
            "common_shares": 606940,
            "book_valuer_per_share": 9.39,
            "book_valuer_per_share_4q_avg": 9.79,
            "equity": 576186,
            "current_ratio": 912.89,
            "debt_ratio": 7.32,
            "inventory_turnover_ratio": 0.42,
            "account_receivable_turnover_ratio": 1.13,
            "reinvestment_rate": null,
            "research_to_sale_ratio": 20.46,
            "price_fair": 17.85,
            "eps_avg_yearly": 0.51,
            "eps_latest_yearly": 0.2,
            "eps_growth_yearly": 308.61
        },
        "20132": {
            "year_quarter": 20132,
            "year": 2013,
            "quarter": 2,
            "eps": -0.42,
            "eps_growth_year": null,
            "eps_4q": -1.22,
            "eps_4q_growth_year": null,
            "roe": -4.93,
            "roe_4q": -15.14,
            "gross_profit": 41276,
            "gross_margin": 72.8,
            "gross_margin_4q_avg": 68.44,
            "net_income": -27739,
            "revenue": 56697,
            "common_shares": 606940,
            "book_valuer_per_share": 8.98,
            "book_valuer_per_share_4q_avg": 9.48,
            "equity": 548945,
            "current_ratio": 976.95,
            "debt_ratio": 7.04,
            "inventory_turnover_ratio": 0.38,
            "account_receivable_turnover_ratio": 1.51,
            "reinvestment_rate": null,
            "research_to_sale_ratio": 21.26,
            "price_fair": 17.85,
            "eps_avg_yearly": 0.51,
            "eps_latest_yearly": 0.2,
            "eps_growth_yearly": 308.61
        },
        "20133": {
            "year_quarter": 20133,
            "year": 2013,
            "quarter": 3,
            "eps": -0.17,
            "eps_growth_year": null,
            "eps_4q": -1.25,
            "eps_4q_growth_year": null,
            "roe": -2.36,
            "roe_4q": -15.62,
            "gross_profit": 43830,
            "gross_margin": 55.95,
            "gross_margin_4q_avg": 63.44,
            "net_income": -12813,
            "revenue": 78337,
            "common_shares": 606940,
            "book_valuer_per_share": 8.8,
            "book_valuer_per_share_4q_avg": 9.16,
            "equity": 535270,
            "current_ratio": 649.92,
            "debt_ratio": 10.57,
            "inventory_turnover_ratio": 0.82,
            "account_receivable_turnover_ratio": 1.73,
            "reinvestment_rate": null,
            "research_to_sale_ratio": 14.8,
            "price_fair": 17.85,
            "eps_avg_yearly": 0.51,
            "eps_latest_yearly": 0.2,
            "eps_growth_yearly": 308.61
        },
        "20134": {
            "year_quarter": 20134,
            "year": 2013,
            "quarter": 4,
            "eps": -0.63,
            "eps_growth_year": null,
            "eps_4q": -1.27,
            "eps_4q_growth_year": null,
            "roe": -8.67,
            "roe_4q": -16.64,
            "gross_profit": 30845,
            "gross_margin": 37.04,
            "gross_margin_4q_avg": 60.28,
            "net_income": -44426,
            "revenue": 83283,
            "common_shares": 606940,
            "book_valuer_per_share": 8.15,
            "book_valuer_per_share_4q_avg": 8.83,
            "equity": 489885,
            "current_ratio": 578.54,
            "debt_ratio": 12.64,
            "inventory_turnover_ratio": 1.56,
            "account_receivable_turnover_ratio": 1.86,
            "reinvestment_rate": null,
            "research_to_sale_ratio": 61.05,
            "price_fair": 17.85,
            "eps_avg_yearly": 0.51,
            "eps_latest_yearly": 0.2,
            "eps_growth_yearly": 308.61
        },
        "20141": {
            "year_quarter": 20141,
            "year": 2014,
            "quarter": 1,
            "eps": 0.02,
            "eps_growth_year": null,
            "eps_4q": -1.2,
            "eps_4q_growth_year": null,
            "roe": 0.1,
            "roe_4q": -15.86,
            "gross_profit": 45482,
            "gross_margin": 74.36,
            "gross_margin_4q_avg": 60.04,
            "net_income": 471,
            "revenue": 61165,
            "common_shares": 606940,
            "book_valuer_per_share": 8.2,
            "book_valuer_per_share_4q_avg": 8.53,
            "equity": 492009,
            "current_ratio": 955.54,
            "debt_ratio": 7.8,
            "inventory_turnover_ratio": 0.64,
            "account_receivable_turnover_ratio": 1.63,
            "reinvestment_rate": null,
            "research_to_sale_ratio": 30.6,
            "price_fair": 17.85,
            "eps_avg_yearly": 0.51,
            "eps_latest_yearly": 0.2,
            "eps_growth_yearly": 308.61
        },
        "20142": {
            "year_quarter": 20142,
            "year": 2014,
            "quarter": 2,
            "eps": -0.1,
            "eps_growth_year": null,
            "eps_4q": -0.89,
            "eps_4q_growth_year": null,
            "roe": -1.5,
            "roe_4q": -12.43,
            "gross_profit": 42350,
            "gross_margin": 80.39,
            "gross_margin_4q_avg": 61.94,
            "net_income": -7301,
            "revenue": 52683,
            "common_shares": 606940,
            "book_valuer_per_share": 8.07,
            "book_valuer_per_share_4q_avg": 8.31,
            "equity": 483292,
            "current_ratio": 810.65,
            "debt_ratio": 8.99,
            "inventory_turnover_ratio": 0.43,
            "account_receivable_turnover_ratio": 1.26,
            "reinvestment_rate": null,
            "research_to_sale_ratio": 39.95,
            "price_fair": 14.93,
            "eps_avg_yearly": 0.43,
            "eps_latest_yearly": 0.2,
            "eps_growth_yearly": 457.46
        },
        "20143": {
            "year_quarter": 20143,
            "year": 2014,
            "quarter": 3,
            "eps": 0.06,
            "eps_growth_year": null,
            "eps_4q": -0.65,
            "eps_4q_growth_year": null,
            "roe": 0.61,
            "roe_4q": -9.46,
            "gross_profit": 50372,
            "gross_margin": 62.45,
            "gross_margin_4q_avg": 63.56,
            "net_income": 2958,
            "revenue": 80658,
            "common_shares": 590940,
            "book_valuer_per_share": 8.14,
            "book_valuer_per_share_4q_avg": 8.14,
            "equity": 486747,
            "current_ratio": 597.27,
            "debt_ratio": 12.33,
            "inventory_turnover_ratio": 1.27,
            "account_receivable_turnover_ratio": 1.59,
            "reinvestment_rate": null,
            "research_to_sale_ratio": 25.19,
            "price_fair": 4.2,
            "eps_avg_yearly": 0.12,
            "eps_latest_yearly": 0.2,
            "eps_growth_yearly": 612.5
        },
        "20144": {
            "year_quarter": 20144,
            "year": 2014,
            "quarter": 4,
            "eps": 0.09,
            "eps_growth_year": null,
            "eps_4q": 0.07,
            "eps_4q_growth_year": null,
            "roe": 2.91,
            "roe_4q": 2.12,
            "gross_profit": 35293,
            "gross_margin": 50.95,
            "gross_margin_4q_avg": 67.04,
            "net_income": 14352,
            "revenue": 69271,
            "common_shares": 590940,
            "book_valuer_per_share": 8.3,
            "book_valuer_per_share_4q_avg": 8.18,
            "equity": 500235,
            "current_ratio": 657.29,
            "debt_ratio": 11.48,
            "inventory_turnover_ratio": 1.6,
            "account_receivable_turnover_ratio": 1.51,
            "reinvestment_rate": null,
            "research_to_sale_ratio": 31.1,
            "price_fair": 7,
            "eps_avg_yearly": 0.2,
            "eps_latest_yearly": 0.36,
            "eps_growth_yearly": 475
        },
        "20151": {
            "year_quarter": 20151,
            "year": 2015,
            "quarter": 1,
            "eps": -0.04,
            "eps_growth_year": -300,
            "eps_4q": 0.01,
            "eps_4q_growth_year": null,
            "roe": -0.7,
            "roe_4q": 1.3199999999999998,
            "gross_profit": 37279,
            "gross_margin": 53.62,
            "gross_margin_4q_avg": 61.85,
            "net_income": -3551,
            "revenue": 69527,
            "common_shares": 590940,
            "book_valuer_per_share": 8.24,
            "book_valuer_per_share_4q_avg": 8.19,
            "equity": 507896,
            "current_ratio": 842.51,
            "debt_ratio": 9.12,
            "inventory_turnover_ratio": 1.66,
            "account_receivable_turnover_ratio": 1.69,
            "reinvestment_rate": null,
            "research_to_sale_ratio": 27.72,
            "price_fair": 7,
            "eps_avg_yearly": 0.2,
            "eps_latest_yearly": 0.36,
            "eps_growth_yearly": 475
        },
        "20152": {
            "year_quarter": 20152,
            "year": 2015,
            "quarter": 2,
            "eps": 0.16,
            "eps_growth_year": null,
            "eps_4q": 0.27,
            "eps_4q_growth_year": null,
            "roe": 1.32,
            "roe_4q": 4.140000000000001,
            "gross_profit": 39921,
            "gross_margin": 63.16,
            "gross_margin_4q_avg": 57.55,
            "net_income": 6716,
            "revenue": 63208,
            "common_shares": 590940,
            "book_valuer_per_share": 8.38,
            "book_valuer_per_share_4q_avg": 8.27,
            "equity": 513038,
            "current_ratio": 1038.91,
            "debt_ratio": 8.07,
            "inventory_turnover_ratio": 1.24,
            "account_receivable_turnover_ratio": 1.39,
            "reinvestment_rate": null,
            "research_to_sale_ratio": 32.4,
            "price_fair": 9.8,
            "eps_avg_yearly": 0.28,
            "eps_latest_yearly": 0.36,
            "eps_growth_yearly": 900
        },
        "20153": {
            "year_quarter": 20153,
            "year": 2015,
            "quarter": 3,
            "eps": 0.09,
            "eps_growth_year": 50,
            "eps_4q": 0.29,
            "eps_4q_growth_year": null,
            "roe": 0.83,
            "roe_4q": 4.36,
            "gross_profit": 47385,
            "gross_margin": 64.06,
            "gross_margin_4q_avg": 57.95,
            "net_income": 4277,
            "revenue": 73975,
            "common_shares": 590940,
            "book_valuer_per_share": 8.55,
            "book_valuer_per_share_4q_avg": 8.37,
            "equity": 522396,
            "current_ratio": 1001.42,
            "debt_ratio": 8.37,
            "inventory_turnover_ratio": 1.36,
            "account_receivable_turnover_ratio": 1.4,
            "reinvestment_rate": null,
            "research_to_sale_ratio": 27.62,
            "price_fair": 8.1,
            "eps_avg_yearly": 0.36,
            "eps_latest_yearly": 0.36,
            "eps_growth_yearly": 12.5
        },
        "20154": {
            "year_quarter": 20154,
            "year": 2015,
            "quarter": 4,
            "eps": 0.18,
            "eps_growth_year": 98.83,
            "eps_4q": 0.38,
            "eps_4q_growth_year": 448.7,
            "roe": 2.99,
            "roe_4q": 4.44,
            "gross_profit": 68797,
            "gross_margin": 76.6,
            "gross_margin_4q_avg": 64.36,
            "net_income": 15835,
            "revenue": 89817,
            "common_shares": 590940,
            "book_valuer_per_share": 8.69,
            "book_valuer_per_share_4q_avg": 8.47,
            "equity": 536272,
            "current_ratio": 1014.81,
            "debt_ratio": 8.49,
            "inventory_turnover_ratio": 1.22,
            "account_receivable_turnover_ratio": 1.4,
            "reinvestment_rate": null,
            "research_to_sale_ratio": 22.08,
            "price_fair": 16.8,
            "eps_avg_yearly": 0.48,
            "eps_latest_yearly": 0.72,
            "eps_growth_yearly": 141.67
        },
        "20161": {
            "year_quarter": 20161,
            "year": 2016,
            "quarter": 1,
            "eps": -0.01,
            "eps_growth_year": null,
            "eps_4q": 0.42,
            "eps_4q_growth_year": 5004.27,
            "roe": 0.31,
            "roe_4q": 5.45,
            "gross_profit": 48371,
            "gross_margin": 72.48,
            "gross_margin_4q_avg": 69.08,
            "net_income": 1658,
            "revenue": 66736,
            "common_shares": 590940,
            "book_valuer_per_share": 8.68,
            "book_valuer_per_share_4q_avg": 8.58,
            "equity": 537822,
            "current_ratio": 1247.25,
            "debt_ratio": 6.97,
            "inventory_turnover_ratio": 1.33,
            "account_receivable_turnover_ratio": 1.13,
            "reinvestment_rate": null,
            "research_to_sale_ratio": 32.23,
            "price_fair": 16.8,
            "eps_avg_yearly": 0.48,
            "eps_latest_yearly": 0.72,
            "eps_growth_yearly": 141.67
        },
        "20162": {
            "year_quarter": 20162,
            "year": 2016,
            "quarter": 2,
            "eps": 0.22,
            "eps_growth_year": 37.5,
            "eps_4q": 0.48,
            "eps_4q_growth_year": 80,
            "roe": 1.94,
            "roe_4q": 6.07,
            "gross_profit": 39559,
            "gross_margin": 72.67,
            "gross_margin_4q_avg": 71.45,
            "net_income": 10565,
            "revenue": 54436,
            "common_shares": 590940,
            "book_valuer_per_share": 8.92,
            "book_valuer_per_share_4q_avg": 8.71,
            "equity": 549713,
            "current_ratio": 1175.19,
            "debt_ratio": 7.6,
            "inventory_turnover_ratio": 1.01,
            "account_receivable_turnover_ratio": 1.21,
            "reinvestment_rate": null,
            "research_to_sale_ratio": 37.44,
            "price_fair": 16.8,
            "eps_avg_yearly": 0.48,
            "eps_latest_yearly": 0.72,
            "eps_growth_yearly": 141.67
        },
        "20163": {
            "year_quarter": 20163,
            "year": 2016,
            "quarter": 3,
            "eps": 0.09,
            "eps_growth_year": 0,
            "eps_4q": 0.48,
            "eps_4q_growth_year": 63.45,
            "roe": 0.54,
            "roe_4q": 5.78,
            "gross_profit": 44208,
            "gross_margin": 75.32,
            "gross_margin_4q_avg": 74.27,
            "net_income": 2943,
            "revenue": 58695,
            "common_shares": 590940,
            "book_valuer_per_share": 8.96,
            "book_valuer_per_share_4q_avg": 8.81,
            "equity": 550116,
            "current_ratio": 1163.55,
            "debt_ratio": 7.62,
            "inventory_turnover_ratio": 0.91,
            "account_receivable_turnover_ratio": 1.42,
            "reinvestment_rate": null,
            "research_to_sale_ratio": 30.36,
            "price_fair": 15.75,
            "eps_avg_yearly": 0.45,
            "eps_latest_yearly": 0.36,
            "eps_growth_yearly": 47.16
        },
        "20164": {
            "year_quarter": 20164,
            "year": 2016,
            "quarter": 4,
            "eps": 0.08,
            "eps_growth_year": -59.07,
            "eps_4q": 0.37,
            "eps_4q_growth_year": -3.76,
            "roe": 0.1,
            "roe_4q": 2.89,
            "gross_profit": 47685,
            "gross_margin": 75.73,
            "gross_margin_4q_avg": 74.05,
            "net_income": 559,
            "revenue": 62964,
            "common_shares": 590940,
            "book_valuer_per_share": 8.98,
            "book_valuer_per_share_4q_avg": 8.89,
            "equity": 547044,
            "current_ratio": 1090.32,
            "debt_ratio": 8.18,
            "inventory_turnover_ratio": 1.17,
            "account_receivable_turnover_ratio": 1.4,
            "reinvestment_rate": null,
            "research_to_sale_ratio": 30.34,
            "price_fair": 14.84,
            "eps_avg_yearly": 0.42,
            "eps_latest_yearly": 0.32,
            "eps_growth_yearly": 28.84
        },
        "20171": {
            "year_quarter": 20171,
            "year": 2017,
            "quarter": 1,
            "eps": 0.03,
            "eps_growth_year": null,
            "eps_4q": 0.41,
            "eps_4q_growth_year": -3.99,
            "roe": -0.02,
            "roe_4q": 2.56,
            "gross_profit": 27006,
            "gross_margin": 74.08,
            "gross_margin_4q_avg": 74.45,
            "net_income": -83,
            "revenue": 36454,
            "common_shares": 590940,
            "book_valuer_per_share": 8.93,
            "book_valuer_per_share_4q_avg": 8.95,
            "equity": 542430,
            "current_ratio": 1936.71,
            "debt_ratio": 4.96,
            "inventory_turnover_ratio": 0.99,
            "account_receivable_turnover_ratio": 0.94,
            "reinvestment_rate": null,
            "research_to_sale_ratio": 45.11,
            "price_fair": 1.12,
            "eps_avg_yearly": 0.37,
            "eps_latest_yearly": 0.12,
            "eps_growth_yearly": -17.63
        },
        "20172": {
            "year_quarter": 20172,
            "year": 2017,
            "quarter": 2,
            "eps": 0.16,
            "eps_growth_year": -27.27,
            "eps_4q": 0.35,
            "eps_4q_growth_year": -26.47,
            "roe": 1.51,
            "roe_4q": 2.13,
            "gross_profit": 46948,
            "gross_margin": 77.29,
            "gross_margin_4q_avg": 75.61,
            "net_income": 8569,
            "revenue": 60742,
            "common_shares": 590940,
            "book_valuer_per_share": 9.13,
            "book_valuer_per_share_4q_avg": 9,
            "equity": 592814,
            "current_ratio": 1017.37,
            "debt_ratio": 7.93,
            "inventory_turnover_ratio": 1.08,
            "account_receivable_turnover_ratio": 1.36,
            "reinvestment_rate": -204.59,
            "research_to_sale_ratio": 26.4,
            "price_fair": 14.4,
            "eps_avg_yearly": 0.41,
            "eps_latest_yearly": 0.64,
            "eps_growth_yearly": 232.5
        },
        "20173": {
            "year_quarter": 20173,
            "year": 2017,
            "quarter": 3,
            "eps": 0.09,
            "eps_growth_year": 0,
            "eps_4q": 0.36,
            "eps_4q_growth_year": -25.55,
            "roe": 0.88,
            "roe_4q": 2.47,
            "gross_profit": 45592,
            "gross_margin": 74.44,
            "gross_margin_4q_avg": 75.39,
            "net_income": 5243,
            "revenue": 61248,
            "common_shares": 590940,
            "book_valuer_per_share": 9.24,
            "book_valuer_per_share_4q_avg": 9.07,
            "equity": 599842,
            "current_ratio": 1004.38,
            "debt_ratio": 7.9,
            "inventory_turnover_ratio": 1,
            "account_receivable_turnover_ratio": 1.18,
            "reinvestment_rate": -69.75,
            "research_to_sale_ratio": 28.6,
            "price_fair": 14.18,
            "eps_avg_yearly": 0.41,
            "eps_latest_yearly": 0.36,
            "eps_growth_yearly": 181.57
        },
        "20174": {
            "year_quarter": 20174,
            "year": 2017,
            "quarter": 4,
            "eps": 0.07,
            "eps_growth_year": -0.96,
            "eps_4q": 0.36,
            "eps_4q_growth_year": -3.85,
            "roe": 0.32,
            "roe_4q": 2.69,
            "gross_profit": 56697,
            "gross_margin": 79.12,
            "gross_margin_4q_avg": 76.23,
            "net_income": 1899,
            "revenue": 71664,
            "common_shares": 590940,
            "book_valuer_per_share": 9.23,
            "book_valuer_per_share_4q_avg": 9.13,
            "equity": 596269,
            "current_ratio": 833.14,
            "debt_ratio": 9.36,
            "inventory_turnover_ratio": 1.01,
            "account_receivable_turnover_ratio": 1.52,
            "reinvestment_rate": 9.44,
            "research_to_sale_ratio": 26.17,
            "price_fair": 13.69,
            "eps_avg_yearly": 0.39,
            "eps_latest_yearly": 0.28,
            "eps_growth_yearly": 151.52
        },
        "20181": {
            "year_quarter": 20181,
            "year": 2018,
            "quarter": 1,
            "eps": -0.07,
            "eps_growth_year": -333.33,
            "eps_4q": 0.26,
            "eps_4q_growth_year": -35.44,
            "roe": -0.69,
            "roe_4q": 2.02,
            "gross_profit": 40117,
            "gross_margin": 67.24,
            "gross_margin_4q_avg": 74.52,
            "net_income": -4264,
            "revenue": 59659,
            "common_shares": 590940,
            "book_valuer_per_share": 9.72,
            "book_valuer_per_share_4q_avg": 9.33,
            "equity": 630964,
            "current_ratio": 1083.41,
            "debt_ratio": 6.88,
            "inventory_turnover_ratio": 1.31,
            "account_receivable_turnover_ratio": 1.29,
            "reinvestment_rate": -69.19,
            "research_to_sale_ratio": 29.14,
            "price_fair": 13.69,
            "eps_avg_yearly": 0.39,
            "eps_latest_yearly": 0.28,
            "eps_growth_yearly": 151.52
        },
        "20182": {
            "year_quarter": 20182,
            "year": 2018,
            "quarter": 2,
            "eps": 0.03,
            "eps_growth_year": -81.25,
            "eps_4q": 0.13,
            "eps_4q_growth_year": -64.21,
            "roe": 0.02,
            "roe_4q": 0.53,
            "gross_profit": 45997,
            "gross_margin": 71.66,
            "gross_margin_4q_avg": 73.12,
            "net_income": 102,
            "revenue": 64186,
            "common_shares": 590940,
            "book_valuer_per_share": 9.83,
            "book_valuer_per_share_4q_avg": 9.51,
            "equity": 658335,
            "current_ratio": 1095.82,
            "debt_ratio": 6.94,
            "inventory_turnover_ratio": 1.09,
            "account_receivable_turnover_ratio": 1.25,
            "reinvestment_rate": -59.84,
            "research_to_sale_ratio": 28.03,
            "price_fair": 13.69,
            "eps_avg_yearly": 0.39,
            "eps_latest_yearly": 0.28,
            "eps_growth_yearly": 151.52
        },
        "20183": {
            "year_quarter": 20183,
            "year": 2018,
            "quarter": 3,
            "eps": -0.05,
            "eps_growth_year": -155.56,
            "eps_4q": -0.01,
            "eps_4q_growth_year": -103.93,
            "roe": -0.83,
            "roe_4q": -1.18,
            "gross_profit": 39754,
            "gross_margin": 72.22,
            "gross_margin_4q_avg": 72.56,
            "net_income": -5391,
            "revenue": 55043,
            "common_shares": 590940,
            "book_valuer_per_share": 9.7,
            "book_valuer_per_share_4q_avg": 9.62,
            "equity": 647305,
            "current_ratio": 991.75,
            "debt_ratio": 7.68,
            "inventory_turnover_ratio": 0.83,
            "account_receivable_turnover_ratio": 0.91,
            "reinvestment_rate": -73.4,
            "research_to_sale_ratio": 33.79,
            "price_fair": 13.69,
            "eps_avg_yearly": 0.39,
            "eps_latest_yearly": 0.28,
            "eps_growth_yearly": 151.52
        },
        "20184": {
            "year_quarter": 20184,
            "year": 2018,
            "quarter": 4,
            "eps": 0.24,
            "eps_growth_year": 221.17,
            "eps_4q": 0.15,
            "eps_4q_growth_year": -57.53,
            "roe": 7.46,
            "roe_4q": 5.959999999999999,
            "gross_profit": 37242,
            "gross_margin": 64.85,
            "gross_margin_4q_avg": 68.99,
            "net_income": 51145,
            "revenue": 57424,
            "common_shares": 590940,
            "book_valuer_per_share": 10.95,
            "book_valuer_per_share_4q_avg": 10.05,
            "equity": 724192,
            "current_ratio": 636.57,
            "debt_ratio": 9.32,
            "inventory_turnover_ratio": 1.03,
            "account_receivable_turnover_ratio": 1.02,
            "reinvestment_rate": 26.42,
            "research_to_sale_ratio": 37.71,
            "price_fair": 13.83,
            "eps_avg_yearly": 0.4,
            "eps_latest_yearly": 0.28,
            "eps_growth_yearly": 145.45
        },
        "20191": {
            "year_quarter": 20191,
            "year": 2019,
            "quarter": 1,
            "eps": -0.18,
            "eps_growth_year": null,
            "eps_4q": 0.04,
            "eps_4q_growth_year": -85.99,
            "roe": -1.7,
            "roe_4q": 4.949999999999999,
            "gross_profit": 35009,
            "gross_margin": 61.01,
            "gross_margin_4q_avg": 67.44,
            "net_income": -12245,
            "revenue": 57385,
            "common_shares": 590940,
            "book_valuer_per_share": 10.83,
            "book_valuer_per_share_4q_avg": 10.33,
            "equity": 715428,
            "current_ratio": 676.41,
            "debt_ratio": 9.34,
            "inventory_turnover_ratio": 1.14,
            "account_receivable_turnover_ratio": 1.15,
            "reinvestment_rate": 32.18,
            "research_to_sale_ratio": 26.47,
            "price_fair": 13.83,
            "eps_avg_yearly": 0.4,
            "eps_latest_yearly": 0.28,
            "eps_growth_yearly": 145.45
        },
        "20192": {
            "year_quarter": 20192,
            "year": 2019,
            "quarter": 2,
            "eps": -0.24,
            "eps_growth_year": -900,
            "eps_4q": -0.23,
            "eps_4q_growth_year": -284.01,
            "roe": -2.28,
            "roe_4q": 2.6500000000000004,
            "gross_profit": 31358,
            "gross_margin": 62.97,
            "gross_margin_4q_avg": 65.26,
            "net_income": -15856,
            "revenue": 49799,
            "common_shares": 590940,
            "book_valuer_per_share": 10.15,
            "book_valuer_per_share_4q_avg": 10.41,
            "equity": 674044,
            "current_ratio": 450.38,
            "debt_ratio": 13.1,
            "inventory_turnover_ratio": 1.06,
            "account_receivable_turnover_ratio": 1.13,
            "reinvestment_rate": 125.2,
            "research_to_sale_ratio": 29.72,
            "price_fair": 13.83,
            "eps_avg_yearly": 0.4,
            "eps_latest_yearly": 0.28,
            "eps_growth_yearly": 145.45
        },
        "20193": {
            "year_quarter": 20193,
            "year": 2019,
            "quarter": 3,
            "eps": -0.12,
            "eps_growth_year": null,
            "eps_4q": -0.3,
            "eps_4q_growth_year": null,
            "roe": -1.4,
            "roe_4q": 2.08,
            "gross_profit": 37661,
            "gross_margin": 73.42,
            "gross_margin_4q_avg": 65.56,
            "net_income": -9310,
            "revenue": 51298,
            "common_shares": 590940,
            "book_valuer_per_share": 9.96,
            "book_valuer_per_share_4q_avg": 10.47,
            "equity": 660619,
            "current_ratio": 557.1,
            "debt_ratio": 9.85,
            "inventory_turnover_ratio": 0.82,
            "account_receivable_turnover_ratio": 1.27,
            "reinvestment_rate": 168.77,
            "research_to_sale_ratio": 32.52,
            "price_fair": 14,
            "eps_avg_yearly": 0.4,
            "eps_latest_yearly": 0.28,
            "eps_growth_yearly": 191.23
        },
        "20194": {
            "year_quarter": 20194,
            "year": 2019,
            "quarter": 4,
            "eps": 0.32,
            "eps_growth_year": 31.83,
            "eps_4q": -0.23,
            "eps_4q_growth_year": -250.97,
            "roe": 6.89,
            "roe_4q": 1.5100000000000005,
            "gross_profit": 56878,
            "gross_margin": 67.32,
            "gross_margin_4q_avg": 66.18,
            "net_income": 46499,
            "revenue": 84491,
            "common_shares": 590940,
            "book_valuer_per_share": 10,
            "book_valuer_per_share_4q_avg": 10.24,
            "equity": 688411,
            "current_ratio": 400.37,
            "debt_ratio": 12.46,
            "inventory_turnover_ratio": 1.59,
            "account_receivable_turnover_ratio": 1.74,
            "reinvestment_rate": 267.97,
            "research_to_sale_ratio": 25.96,
            "price_fair": 12.13,
            "eps_avg_yearly": 0.35,
            "eps_latest_yearly": 0.28,
            "eps_growth_yearly": 156.44
        },
        "20201": {
            "year_quarter": 20201,
            "year": 2020,
            "quarter": 1,
            "eps": -0.38,
            "eps_growth_year": null,
            "eps_4q": -0.43,
            "eps_4q_growth_year": -1264.03,
            "roe": -3.5,
            "roe_4q": -0.29000000000000004,
            "gross_profit": 23492,
            "gross_margin": 62.84,
            "gross_margin_4q_avg": 66.64,
            "net_income": -23653,
            "revenue": 37382,
            "common_shares": 590940,
            "book_valuer_per_share": 9.62,
            "book_valuer_per_share_4q_avg": 9.93,
            "equity": 665140,
            "current_ratio": 462.22,
            "debt_ratio": 10.23,
            "inventory_turnover_ratio": 0.48,
            "account_receivable_turnover_ratio": 0.9,
            "reinvestment_rate": 634.09,
            "research_to_sale_ratio": 41.04,
            "price_fair": 12.13,
            "eps_avg_yearly": 0.35,
            "eps_latest_yearly": 0.28,
            "eps_growth_yearly": 156.44
        },
        "20202": {
            "year_quarter": 20202,
            "year": 2020,
            "quarter": 2,
            "eps": -0.11,
            "eps_growth_year": null,
            "eps_4q": -0.3,
            "eps_4q_growth_year": null,
            "roe": -1.29,
            "roe_4q": 0.6999999999999997,
            "gross_profit": 33912,
            "gross_margin": 72.55,
            "gross_margin_4q_avg": 69.03,
            "net_income": -8469,
            "revenue": 46744,
            "common_shares": 590940,
            "book_valuer_per_share": 9.44,
            "book_valuer_per_share_4q_avg": 9.76,
            "equity": 651038,
            "current_ratio": 528.44,
            "debt_ratio": 8.85,
            "inventory_turnover_ratio": 0.31,
            "account_receivable_turnover_ratio": 1.58,
            "reinvestment_rate": null,
            "research_to_sale_ratio": 31.22,
            "price_fair": 12.13,
            "eps_avg_yearly": 0.35,
            "eps_latest_yearly": 0.28,
            "eps_growth_yearly": 156.44
        },
        "20203": {
            "year_quarter": 20203,
            "year": 2020,
            "quarter": 3,
            "eps": -0.25,
            "eps_growth_year": null,
            "eps_4q": -0.42,
            "eps_4q_growth_year": null,
            "roe": -2.48,
            "roe_4q": -0.3799999999999999,
            "gross_profit": 28474,
            "gross_margin": 39.53,
            "gross_margin_4q_avg": 60.56,
            "net_income": -16062,
            "revenue": 72024,
            "common_shares": 590940,
            "book_valuer_per_share": 9.23,
            "book_valuer_per_share_4q_avg": 9.57,
            "equity": 644043,
            "current_ratio": 515.59,
            "debt_ratio": 8.85,
            "inventory_turnover_ratio": 1.31,
            "account_receivable_turnover_ratio": 2.14,
            "reinvestment_rate": null,
            "research_to_sale_ratio": 20.28,
            "price_fair": 12.04,
            "eps_avg_yearly": 0.34,
            "eps_latest_yearly": 0.28,
            "eps_growth_yearly": 235
        },
        "20204": {
            "year_quarter": 20204,
            "year": 2020,
            "quarter": 4,
            "eps": 0.19,
            "eps_growth_year": -41.52,
            "eps_4q": -0.55,
            "eps_4q_growth_year": null,
            "roe": 4.69,
            "roe_4q": -2.5799999999999996,
            "gross_profit": 31458,
            "gross_margin": 50.21,
            "gross_margin_4q_avg": 56.28,
            "net_income": 31220,
            "revenue": 62648,
            "common_shares": 590940,
            "book_valuer_per_share": 9.69,
            "book_valuer_per_share_4q_avg": 9.5,
            "equity": 688567,
            "current_ratio": 377.02,
            "debt_ratio": 13.05,
            "inventory_turnover_ratio": 1.53,
            "account_receivable_turnover_ratio": 1.53,
            "reinvestment_rate": null,
            "research_to_sale_ratio": 25.68,
            "price_fair": 12.25,
            "eps_avg_yearly": 0.35,
            "eps_latest_yearly": 0.28,
            "eps_growth_yearly": 304.86
        },
        "20211": {
            "year_quarter": 20211,
            "year": 2021,
            "quarter": 1,
            "eps": 0.07,
            "eps_growth_year": null,
            "eps_4q": -0.11,
            "eps_4q_growth_year": null,
            "roe": 0.31,
            "roe_4q": 1.23,
            "gross_profit": 26538,
            "gross_margin": 62.99,
            "gross_margin_4q_avg": 56.32,
            "net_income": 2133,
            "revenue": 42130,
            "common_shares": 590940,
            "book_valuer_per_share": 9.72,
            "book_valuer_per_share_4q_avg": 9.52,
            "equity": 689210,
            "current_ratio": 527.08,
            "debt_ratio": 10.1,
            "inventory_turnover_ratio": 0.87,
            "account_receivable_turnover_ratio": 1.06,
            "reinvestment_rate": null,
            "research_to_sale_ratio": 33.03,
            "price_fair": 13.65,
            "eps_avg_yearly": 0.39,
            "eps_latest_yearly": 0.28,
            "eps_growth_yearly": 304.2
        },
        "20212": {
            "year_quarter": 20212,
            "year": 2021,
            "quarter": 2,
            "eps": 0.27,
            "eps_growth_year": null,
            "eps_4q": 0.28,
            "eps_4q_growth_year": null,
            "roe": 2.73,
            "roe_4q": 5.25,
            "gross_profit": 27205,
            "gross_margin": 68.76,
            "gross_margin_4q_avg": 55.37,
            "net_income": 19734,
            "revenue": 39567,
            "common_shares": 590940,
            "book_valuer_per_share": 10.85,
            "book_valuer_per_share_4q_avg": 9.87,
            "equity": 757494,
            "current_ratio": 431.43,
            "debt_ratio": 10.08,
            "inventory_turnover_ratio": 0.75,
            "account_receivable_turnover_ratio": 1.32,
            "reinvestment_rate": null,
            "research_to_sale_ratio": 40.35,
            "price_fair": 17.5,
            "eps_avg_yearly": 0.5,
            "eps_latest_yearly": 1.08,
            "eps_growth_yearly": 156.58
        },
        "20213": {
            "year_quarter": 20213,
            "year": 2021,
            "quarter": 3,
            "eps": -0.21,
            "eps_growth_year": null,
            "eps_4q": 0.32,
            "eps_4q_growth_year": null,
            "roe": -1.92,
            "roe_4q": 5.8100000000000005,
            "gross_profit": 29853,
            "gross_margin": 68.38,
            "gross_margin_4q_avg": 62.59,
            "net_income": -14417,
            "revenue": 43655,
            "common_shares": 590940,
            "book_valuer_per_share": 10.63,
            "book_valuer_per_share_4q_avg": 10.22,
            "equity": 742470,
            "current_ratio": 407.21,
            "debt_ratio": 10.72,
            "inventory_turnover_ratio": 0.86,
            "account_receivable_turnover_ratio": 1.43,
            "reinvestment_rate": null,
            "research_to_sale_ratio": 35.22,
            "price_fair": 19.13,
            "eps_avg_yearly": 0.55,
            "eps_latest_yearly": 1.08,
            "eps_growth_yearly": 267.11
        },
        "20214": {
            "year_quarter": 20214,
            "year": 2021,
            "quarter": 4,
            "eps": -0.45,
            "eps_growth_year": -342.98,
            "eps_4q": -0.32,
            "eps_4q_growth_year": null,
            "roe": -2.88,
            "roe_4q": -1.7599999999999998,
            "gross_profit": 25693,
            "gross_margin": 44.87,
            "gross_margin_4q_avg": 61.25,
            "net_income": -21991,
            "revenue": 57265,
            "common_shares": 590940,
            "book_valuer_per_share": 11.26,
            "book_valuer_per_share_4q_avg": 10.62,
            "equity": 783690,
            "current_ratio": 521.15,
            "debt_ratio": 15.66,
            "inventory_turnover_ratio": 2,
            "account_receivable_turnover_ratio": 1.45,
            "reinvestment_rate": null,
            "research_to_sale_ratio": 28.75,
            "price_fair": 23.8,
            "eps_avg_yearly": 0.68,
            "eps_latest_yearly": 1.08,
            "eps_growth_yearly": 445.11
        },
        "20221": {
            "year_quarter": 20221,
            "year": 2022,
            "quarter": 1,
            "eps": -0.24,
            "eps_growth_year": -442.86,
            "eps_4q": -0.36,
            "eps_4q_growth_year": null,
            "roe": -1.26,
            "roe_4q": -3.3299999999999996,
            "gross_profit": 34600,
            "gross_margin": 72.29,
            "gross_margin_4q_avg": 63.58,
            "net_income": -12560,
            "revenue": 47861,
            "common_shares": 590940,
            "book_valuer_per_share": 12.14,
            "book_valuer_per_share_4q_avg": 11.22,
            "equity": 1207113,
            "current_ratio": 1159.81,
            "debt_ratio": 8.6,
            "inventory_turnover_ratio": 0.81,
            "account_receivable_turnover_ratio": 1.09,
            "reinvestment_rate": null,
            "research_to_sale_ratio": 32.25,
            "price_fair": 23.8,
            "eps_avg_yearly": 0.68,
            "eps_latest_yearly": 1.08,
            "eps_growth_yearly": 445.11
        },
        "20222": {
            "year_quarter": 20222,
            "year": 2022,
            "quarter": 2,
            "eps": -0.34,
            "eps_growth_year": -225.93,
            "eps_4q": -0.92,
            "eps_4q_growth_year": -432.83,
            "roe": -2.72,
            "roe_4q": -8.780000000000001,
            "gross_profit": 30239,
            "gross_margin": 62.89,
            "gross_margin_4q_avg": 62.11,
            "net_income": -29940,
            "revenue": 48086,
            "common_shares": 890940,
            "book_valuer_per_share": 11.16,
            "book_valuer_per_share_4q_avg": 11.3,
            "equity": 996994,
            "current_ratio": 671.61,
            "debt_ratio": 12.52,
            "inventory_turnover_ratio": 1.19,
            "account_receivable_turnover_ratio": 1.36,
            "reinvestment_rate": null,
            "research_to_sale_ratio": 35.18,
            "price_fair": 23.8,
            "eps_avg_yearly": 0.68,
            "eps_latest_yearly": 1.08,
            "eps_growth_yearly": 445.11
        },
        "20223": {
            "year_quarter": 20223,
            "year": 2022,
            "quarter": 3,
            "eps": -0.26,
            "eps_growth_year": null,
            "eps_4q": -1.04,
            "eps_4q_growth_year": -428.15,
            "roe": -2.35,
            "roe_4q": -9.21,
            "gross_profit": 22550,
            "gross_margin": 60.67,
            "gross_margin_4q_avg": 60.18,
            "net_income": -23035,
            "revenue": 37171,
            "common_shares": 890940,
            "book_valuer_per_share": 10.8,
            "book_valuer_per_share_4q_avg": 11.34,
            "equity": 964558,
            "current_ratio": 1087.17,
            "debt_ratio": 7.85,
            "inventory_turnover_ratio": 1.08,
            "account_receivable_turnover_ratio": 1.36,
            "reinvestment_rate": null,
            "research_to_sale_ratio": 58.77,
            "price_fair": 23.8,
            "eps_avg_yearly": 0.68,
            "eps_latest_yearly": 1.08,
            "eps_growth_yearly": 445.11
        },
        "20224": {
            "year_quarter": 20224,
            "year": 2022,
            "quarter": 4,
            "eps": -0.14,
            "eps_growth_year": null,
            "eps_4q": -0.88,
            "eps_4q_growth_year": null,
            "roe": -1.32,
            "roe_4q": -7.65,
            "gross_profit": 22927,
            "gross_margin": 64.5,
            "gross_margin_4q_avg": 65.09,
            "net_income": -12711,
            "revenue": 35545,
            "common_shares": 890940,
            "book_valuer_per_share": 10.82,
            "book_valuer_per_share_4q_avg": 11.23,
            "equity": 963795,
            "current_ratio": 1377.8,
            "debt_ratio": 7.17,
            "inventory_turnover_ratio": 0.73,
            "account_receivable_turnover_ratio": 1.39,
            "reinvestment_rate": null,
            "research_to_sale_ratio": 41.36,
            "price_fair": 23.8,
            "eps_avg_yearly": 0.68,
            "eps_latest_yearly": 1.08,
            "eps_growth_yearly": 445.11
        },
        "20231": {
            "year_quarter": 20231,
            "year": 2023,
            "quarter": 1,
            "eps": -0.18,
            "eps_growth_year": null,
            "eps_4q": -0.9,
            "eps_4q_growth_year": null,
            "roe": -1.62,
            "roe_4q": -8.010000000000002,
            "gross_profit": 18214,
            "gross_margin": 64.96,
            "gross_margin_4q_avg": 63.26,
            "net_income": -15621,
            "revenue": 28038,
            "common_shares": 890940,
            "book_valuer_per_share": 10.77,
            "book_valuer_per_share_4q_avg": 10.89,
            "equity": 959510,
            "current_ratio": 1700.3,
            "debt_ratio": 5.81,
            "inventory_turnover_ratio": 0.52,
            "account_receivable_turnover_ratio": 1.36,
            "reinvestment_rate": null,
            "research_to_sale_ratio": 40.97,
            "price_fair": 23.8,
            "eps_avg_yearly": 0.68,
            "eps_latest_yearly": 1.08,
            "eps_growth_yearly": 445.11
        }
    },
    "months": {
        "2001-06": {
            "month": "2001-06",
            "price": "20.96",
            "revenue": 26724
        },
        "2001-07": {
            "month": "2001-07",
            "price": "17.33",
            "revenue": 24025
        },
        "2001-08": {
            "month": "2001-08",
            "price": "16.57",
            "revenue": 16572
        },
        "2001-09": {
            "month": "2001-09",
            "price": "14.65",
            "revenue": 26275
        },
        "2001-10": {
            "month": "2001-10",
            "price": "11.30",
            "revenue": 21327
        },
        "2001-11": {
            "month": "2001-11",
            "price": "13.80",
            "revenue": 15569
        },
        "2001-12": {
            "month": "2001-12",
            "price": "15.73",
            "revenue": 10809
        },
        "2002-01": {
            "month": "2002-01",
            "price": "19.74",
            "revenue": 17724
        },
        "2002-02": {
            "month": "2002-02",
            "price": "24.78",
            "revenue": 14828
        },
        "2002-03": {
            "month": "2002-03",
            "price": "27.34",
            "revenue": 20888
        },
        "2002-04": {
            "month": "2002-04",
            "price": "24.59",
            "revenue": 23920
        },
        "2002-05": {
            "month": "2002-05",
            "price": "17.27",
            "revenue": 27939
        },
        "2002-06": {
            "month": "2002-06",
            "price": "16.36",
            "revenue": 29408
        },
        "2002-07": {
            "month": "2002-07",
            "price": "14.71",
            "revenue": 32828
        },
        "2002-08": {
            "month": "2002-08",
            "price": "15.14",
            "revenue": 33333
        },
        "2002-09": {
            "month": "2002-09",
            "price": "14.07",
            "revenue": 34510
        },
        "2002-10": {
            "month": "2002-10",
            "price": "11.75",
            "revenue": 50947
        },
        "2002-11": {
            "month": "2002-11",
            "price": "14.78",
            "revenue": 30033
        },
        "2002-12": {
            "month": "2002-12",
            "price": "16.15",
            "revenue": 21168
        },
        "2003-01": {
            "month": "2003-01",
            "price": "14.48",
            "revenue": 21899
        },
        "2003-02": {
            "month": "2003-02",
            "price": "12.89",
            "revenue": 16663
        },
        "2003-03": {
            "month": "2003-03",
            "price": "12.10",
            "revenue": 11697
        },
        "2003-04": {
            "month": "2003-04",
            "price": "11.71",
            "revenue": 14062
        },
        "2003-05": {
            "month": "2003-05",
            "price": "9.62",
            "revenue": 13065
        },
        "2003-06": {
            "month": "2003-06",
            "price": "11.23",
            "revenue": 13416
        },
        "2003-07": {
            "month": "2003-07",
            "price": "15.85",
            "revenue": 19749
        },
        "2003-08": {
            "month": "2003-08",
            "price": "19.77",
            "revenue": 11768
        },
        "2003-09": {
            "month": "2003-09",
            "price": "15.34",
            "revenue": 13489
        },
        "2003-10": {
            "month": "2003-10",
            "price": "13.07",
            "revenue": 14509
        },
        "2003-11": {
            "month": "2003-11",
            "price": "12.39",
            "revenue": 15527
        },
        "2003-12": {
            "month": "2003-12",
            "price": "13.71",
            "revenue": 15039
        },
        "2004-01": {
            "month": "2004-01",
            "price": "14.84",
            "revenue": 18315
        },
        "2004-02": {
            "month": "2004-02",
            "price": "14.46",
            "revenue": 18381
        },
        "2004-03": {
            "month": "2004-03",
            "price": "13.77",
            "revenue": 21240
        },
        "2004-04": {
            "month": "2004-04",
            "price": "17.25",
            "revenue": 18097
        },
        "2004-05": {
            "month": "2004-05",
            "price": "15.60",
            "revenue": 20008
        },
        "2004-06": {
            "month": "2004-06",
            "price": "15.12",
            "revenue": 21702
        },
        "2004-07": {
            "month": "2004-07",
            "price": "14.85",
            "revenue": 16380
        },
        "2004-08": {
            "month": "2004-08",
            "price": "14.40",
            "revenue": 17952
        },
        "2004-09": {
            "month": "2004-09",
            "price": "13.78",
            "revenue": 17170
        },
        "2004-10": {
            "month": "2004-10",
            "price": "11.36",
            "revenue": 18385
        },
        "2004-11": {
            "month": "2004-11",
            "price": "9.77",
            "revenue": 17629
        },
        "2004-12": {
            "month": "2004-12",
            "price": "8.57",
            "revenue": 16573
        },
        "2005-01": {
            "month": "2005-01",
            "price": "8.61",
            "revenue": 17341
        },
        "2005-02": {
            "month": "2005-02",
            "price": "9.18",
            "revenue": 18167
        },
        "2005-03": {
            "month": "2005-03",
            "price": "9.72",
            "revenue": 16338
        },
        "2005-04": {
            "month": "2005-04",
            "price": "8.80",
            "revenue": 16614
        },
        "2005-05": {
            "month": "2005-05",
            "price": "7.45",
            "revenue": 15060
        },
        "2005-06": {
            "month": "2005-06",
            "price": "8.35",
            "revenue": 16518
        },
        "2005-07": {
            "month": "2005-07",
            "price": "8.69",
            "revenue": 19845
        },
        "2005-08": {
            "month": "2005-08",
            "price": "8.18",
            "revenue": 17067
        },
        "2005-09": {
            "month": "2005-09",
            "price": "9.42",
            "revenue": 18207
        },
        "2005-10": {
            "month": "2005-10",
            "price": "8.84",
            "revenue": 17636
        },
        "2005-11": {
            "month": "2005-11",
            "price": "8.29",
            "revenue": 16353
        },
        "2005-12": {
            "month": "2005-12",
            "price": "8.86",
            "revenue": 17252
        },
        "2006-01": {
            "month": "2006-01",
            "price": "9.16",
            "revenue": 17314
        },
        "2006-02": {
            "month": "2006-02",
            "price": "8.42",
            "revenue": 17928
        },
        "2006-03": {
            "month": "2006-03",
            "price": "7.95",
            "revenue": 18248
        },
        "2006-04": {
            "month": "2006-04",
            "price": "8.36",
            "revenue": 17459
        },
        "2006-05": {
            "month": "2006-05",
            "price": "8.36",
            "revenue": 17019
        },
        "2006-06": {
            "month": "2006-06",
            "price": "7.36",
            "revenue": 19161
        },
        "2006-07": {
            "month": "2006-07",
            "price": "7.28",
            "revenue": 20554
        },
        "2006-08": {
            "month": "2006-08",
            "price": "7.01",
            "revenue": 18139
        },
        "2006-09": {
            "month": "2006-09",
            "price": "6.87",
            "revenue": 16064
        },
        "2006-10": {
            "month": "2006-10",
            "price": "7.15",
            "revenue": 16291
        },
        "2006-11": {
            "month": "2006-11",
            "price": "7.48",
            "revenue": 16037
        },
        "2006-12": {
            "month": "2006-12",
            "price": "9.06",
            "revenue": 16176
        },
        "2007-01": {
            "month": "2007-01",
            "price": "13.27",
            "revenue": 14530
        },
        "2007-02": {
            "month": "2007-02",
            "price": "11.55",
            "revenue": 13643
        },
        "2007-03": {
            "month": "2007-03",
            "price": "11.86",
            "revenue": 13081
        },
        "2007-04": {
            "month": "2007-04",
            "price": "11.29",
            "revenue": 12101
        },
        "2007-05": {
            "month": "2007-05",
            "price": "10.11",
            "revenue": 11304
        },
        "2007-06": {
            "month": "2007-06",
            "price": "11.34",
            "revenue": 10289
        },
        "2007-07": {
            "month": "2007-07",
            "price": "11.90",
            "revenue": 11274
        },
        "2007-08": {
            "month": "2007-08",
            "price": "9.64",
            "revenue": 10297
        },
        "2007-09": {
            "month": "2007-09",
            "price": "9.51",
            "revenue": 10434
        },
        "2007-10": {
            "month": "2007-10",
            "price": "9.06",
            "revenue": 10824
        },
        "2007-11": {
            "month": "2007-11",
            "price": "8.61",
            "revenue": 13526
        },
        "2007-12": {
            "month": "2007-12",
            "price": "7.61",
            "revenue": 12703
        },
        "2008-01": {
            "month": "2008-01",
            "price": "6.61",
            "revenue": 11203
        },
        "2008-02": {
            "month": "2008-02",
            "price": "6.35",
            "revenue": 10968
        },
        "2008-03": {
            "month": "2008-03",
            "price": "6.84",
            "revenue": 16937
        },
        "2008-04": {
            "month": "2008-04",
            "price": "7.34",
            "revenue": 15279
        },
        "2008-05": {
            "month": "2008-05",
            "price": "7.62",
            "revenue": 13834
        },
        "2008-06": {
            "month": "2008-06",
            "price": "6.85",
            "revenue": 16712
        },
        "2008-07": {
            "month": "2008-07",
            "price": "5.92",
            "revenue": 11286
        },
        "2008-08": {
            "month": "2008-08",
            "price": "5.30",
            "revenue": 13463
        },
        "2008-09": {
            "month": "2008-09",
            "price": "4.32",
            "revenue": 13486
        },
        "2008-10": {
            "month": "2008-10",
            "price": "3.93",
            "revenue": 10830
        },
        "2008-11": {
            "month": "2008-11",
            "price": "3.65",
            "revenue": 13322
        },
        "2008-12": {
            "month": "2008-12",
            "price": "3.62",
            "revenue": 10826
        },
        "2009-01": {
            "month": "2009-01",
            "price": "3.84",
            "revenue": 16866
        },
        "2009-02": {
            "month": "2009-02",
            "price": "3.93",
            "revenue": 12111
        },
        "2009-03": {
            "month": "2009-03",
            "price": "5.00",
            "revenue": 10660
        },
        "2009-04": {
            "month": "2009-04",
            "price": "5.73",
            "revenue": 10262
        },
        "2009-05": {
            "month": "2009-05",
            "price": "5.87",
            "revenue": 10508
        },
        "2009-06": {
            "month": "2009-06",
            "price": "5.35",
            "revenue": 11034
        },
        "2009-07": {
            "month": "2009-07",
            "price": "5.22",
            "revenue": 10588
        },
        "2009-08": {
            "month": "2009-08",
            "price": "5.53",
            "revenue": 10021
        },
        "2009-09": {
            "month": "2009-09",
            "price": "5.98",
            "revenue": 8101
        },
        "2009-10": {
            "month": "2009-10",
            "price": "6.28",
            "revenue": 12917
        },
        "2009-11": {
            "month": "2009-11",
            "price": "6.95",
            "revenue": 10175
        },
        "2009-12": {
            "month": "2009-12",
            "price": "8.23",
            "revenue": 9108
        },
        "2010-01": {
            "month": "2010-01",
            "price": "8.85",
            "revenue": 19006
        },
        "2010-02": {
            "month": "2010-02",
            "price": "8.62",
            "revenue": 10070
        },
        "2010-03": {
            "month": "2010-03",
            "price": "9.16",
            "revenue": 8049
        },
        "2010-04": {
            "month": "2010-04",
            "price": "9.49",
            "revenue": 9259
        },
        "2010-05": {
            "month": "2010-05",
            "price": "12.56",
            "revenue": 11260
        },
        "2010-06": {
            "month": "2010-06",
            "price": "15.00",
            "revenue": 10412
        },
        "2010-07": {
            "month": "2010-07",
            "price": "14.05",
            "revenue": 10667
        },
        "2010-08": {
            "month": "2010-08",
            "price": "13.92",
            "revenue": 11924
        },
        "2010-09": {
            "month": "2010-09",
            "price": "12.56",
            "revenue": 11600
        },
        "2010-10": {
            "month": "2010-10",
            "price": "11.55",
            "revenue": 8677
        },
        "2010-11": {
            "month": "2010-11",
            "price": "10.38",
            "revenue": 12943
        },
        "2010-12": {
            "month": "2010-12",
            "price": "11.66",
            "revenue": 8442
        },
        "2011-01": {
            "month": "2011-01",
            "price": "13.30",
            "revenue": 15202
        },
        "2011-02": {
            "month": "2011-02",
            "price": "12.16",
            "revenue": 10992
        },
        "2011-03": {
            "month": "2011-03",
            "price": "12.23",
            "revenue": 10353
        },
        "2011-04": {
            "month": "2011-04",
            "price": "11.26",
            "revenue": 7111
        },
        "2011-05": {
            "month": "2011-05",
            "price": "10.90",
            "revenue": 12149
        },
        "2011-06": {
            "month": "2011-06",
            "price": "10.83",
            "revenue": 15051
        },
        "2011-07": {
            "month": "2011-07",
            "price": "9.93",
            "revenue": 12907
        },
        "2011-08": {
            "month": "2011-08",
            "price": "8.14",
            "revenue": 13482
        },
        "2011-09": {
            "month": "2011-09",
            "price": "7.31",
            "revenue": 12848
        },
        "2011-10": {
            "month": "2011-10",
            "price": "7.14",
            "revenue": 16787
        },
        "2011-11": {
            "month": "2011-11",
            "price": "6.81",
            "revenue": 11966
        },
        "2011-12": {
            "month": "2011-12",
            "price": "5.80",
            "revenue": 13994
        },
        "2012-01": {
            "month": "2012-01",
            "price": "5.81",
            "revenue": 13583
        },
        "2012-02": {
            "month": "2012-02",
            "price": "7.02",
            "revenue": 12491
        },
        "2012-03": {
            "month": "2012-03",
            "price": "6.79",
            "revenue": 12397
        },
        "2012-04": {
            "month": "2012-04",
            "price": "6.38",
            "revenue": 11016
        },
        "2012-05": {
            "month": "2012-05",
            "price": "6.31",
            "revenue": 11132
        },
        "2012-06": {
            "month": "2012-06",
            "price": "5.73",
            "revenue": 15193
        },
        "2012-07": {
            "month": "2012-07",
            "price": "5.62",
            "revenue": 14909
        },
        "2012-08": {
            "month": "2012-08",
            "price": "5.63",
            "revenue": 11390
        },
        "2012-09": {
            "month": "2012-09",
            "price": "5.02",
            "revenue": 13978
        },
        "2012-10": {
            "month": "2012-10",
            "price": "5.11",
            "revenue": 28370
        },
        "2012-11": {
            "month": "2012-11",
            "price": "5.14",
            "revenue": 12743
        },
        "2012-12": {
            "month": "2012-12",
            "price": "5.62",
            "revenue": 22863
        },
        "2013-01": {
            "month": "2013-01",
            "price": "5.56",
            "revenue": 18679
        },
        "2013-02": {
            "month": "2013-02",
            "price": "5.83",
            "revenue": 15173
        },
        "2013-03": {
            "month": "2013-03",
            "price": "5.92",
            "revenue": 24418
        },
        "2013-04": {
            "month": "2013-04",
            "price": "6.03",
            "revenue": 20104
        },
        "2013-05": {
            "month": "2013-05",
            "price": "6.04",
            "revenue": 16361
        },
        "2013-06": {
            "month": "2013-06",
            "price": "6.01",
            "revenue": 21673
        },
        "2013-07": {
            "month": "2013-07",
            "price": "5.75",
            "revenue": 15399
        },
        "2013-08": {
            "month": "2013-08",
            "price": "5.64",
            "revenue": 29673
        },
        "2013-09": {
            "month": "2013-09",
            "price": "5.60",
            "revenue": 31994
        },
        "2013-10": {
            "month": "2013-10",
            "price": "5.56",
            "revenue": 22236
        },
        "2013-11": {
            "month": "2013-11",
            "price": "5.26",
            "revenue": 31164
        },
        "2013-12": {
            "month": "2013-12",
            "price": "5.29",
            "revenue": 30305
        },
        "2014-01": {
            "month": "2014-01",
            "price": "5.86",
            "revenue": 20951
        },
        "2014-02": {
            "month": "2014-02",
            "price": "6.29",
            "revenue": 15676
        },
        "2014-03": {
            "month": "2014-03",
            "price": "6.52",
            "revenue": 24522
        },
        "2014-04": {
            "month": "2014-04",
            "price": "6.02",
            "revenue": 14479
        },
        "2014-05": {
            "month": "2014-05",
            "price": "5.77",
            "revenue": 19325
        },
        "2014-06": {
            "month": "2014-06",
            "price": "6.66",
            "revenue": 18907
        },
        "2014-07": {
            "month": "2014-07",
            "price": "11.59",
            "revenue": 27779
        },
        "2014-08": {
            "month": "2014-08",
            "price": "15.34",
            "revenue": 27996
        },
        "2014-09": {
            "month": "2014-09",
            "price": "14.30",
            "revenue": 25068
        },
        "2014-10": {
            "month": "2014-10",
            "price": "15.62",
            "revenue": 23545
        },
        "2014-11": {
            "month": "2014-11",
            "price": "20.68",
            "revenue": 17477
        },
        "2014-12": {
            "month": "2014-12",
            "price": "21.50",
            "revenue": 30170
        },
        "2015-01": {
            "month": "2015-01",
            "price": "19.15",
            "revenue": 18159
        },
        "2015-02": {
            "month": "2015-02",
            "price": "18.37",
            "revenue": 24545
        },
        "2015-03": {
            "month": "2015-03",
            "price": "20.23",
            "revenue": 26789
        },
        "2015-04": {
            "month": "2015-04",
            "price": "18.02",
            "revenue": 15869
        },
        "2015-05": {
            "month": "2015-05",
            "price": "16.59",
            "revenue": 19864
        },
        "2015-06": {
            "month": "2015-06",
            "price": "14.77",
            "revenue": 27487
        },
        "2015-07": {
            "month": "2015-07",
            "price": "18.02",
            "revenue": 21899
        },
        "2015-08": {
            "month": "2015-08",
            "price": "15.28",
            "revenue": 25661
        },
        "2015-09": {
            "month": "2015-09",
            "price": "14.46",
            "revenue": 26452
        },
        "2015-10": {
            "month": "2015-10",
            "price": "14.38",
            "revenue": 25889
        },
        "2015-11": {
            "month": "2015-11",
            "price": "14.47",
            "revenue": 18423
        },
        "2015-12": {
            "month": "2015-12",
            "price": "14.88",
            "revenue": 45445
        },
        "2016-01": {
            "month": "2016-01",
            "price": "13.86",
            "revenue": 24972
        },
        "2016-02": {
            "month": "2016-02",
            "price": "14.47",
            "revenue": 11915
        },
        "2016-03": {
            "month": "2016-03",
            "price": "15.57",
            "revenue": 30766
        },
        "2016-04": {
            "month": "2016-04",
            "price": "15.49",
            "revenue": 16706
        },
        "2016-05": {
            "month": "2016-05",
            "price": "15.75",
            "revenue": 15026
        },
        "2016-06": {
            "month": "2016-06",
            "price": "15.86",
            "revenue": 21585
        },
        "2016-07": {
            "month": "2016-07",
            "price": "15.96",
            "revenue": 23117
        },
        "2016-08": {
            "month": "2016-08",
            "price": "14.96",
            "revenue": 14232
        },
        "2016-09": {
            "month": "2016-09",
            "price": "15.84",
            "revenue": 21368
        },
        "2016-10": {
            "month": "2016-10",
            "price": "16.14",
            "revenue": 25567
        },
        "2016-11": {
            "month": "2016-11",
            "price": "16.01",
            "revenue": 16325
        },
        "2016-12": {
            "month": "2016-12",
            "price": "20.05",
            "revenue": 23458
        },
        "2017-01": {
            "month": "2017-01",
            "price": "23.60",
            "revenue": 12277
        },
        "2017-02": {
            "month": "2017-02",
            "price": "32.55",
            "revenue": 9403
        },
        "2017-03": {
            "month": "2017-03",
            "price": "32.25",
            "revenue": 14745
        },
        "2017-04": {
            "month": "2017-04",
            "price": "31.78",
            "revenue": 14991
        },
        "2017-05": {
            "month": "2017-05",
            "price": "28.88",
            "revenue": 13819
        },
        "2017-06": {
            "month": "2017-06",
            "price": "25.86",
            "revenue": 31394
        },
        "2017-07": {
            "month": "2017-07",
            "price": "24.63",
            "revenue": 26996
        },
        "2017-08": {
            "month": "2017-08",
            "price": "23.87",
            "revenue": 16165
        },
        "2017-09": {
            "month": "2017-09",
            "price": "28.43",
            "revenue": 18007
        },
        "2017-10": {
            "month": "2017-10",
            "price": "29.32",
            "revenue": 26986
        },
        "2017-11": {
            "month": "2017-11",
            "price": "26.37",
            "revenue": 17788
        },
        "2017-12": {
            "month": "2017-12",
            "price": "26.35",
            "revenue": 22512
        },
        "2018-01": {
            "month": "2018-01",
            "price": "28.96",
            "revenue": 19071
        },
        "2018-02": {
            "month": "2018-02",
            "price": "26.36",
            "revenue": 16440
        },
        "2018-03": {
            "month": "2018-03",
            "price": "23.63",
            "revenue": 24196
        },
        "2018-04": {
            "month": "2018-04",
            "price": "22.16",
            "revenue": 17118
        },
        "2018-05": {
            "month": "2018-05",
            "price": "21.24",
            "revenue": 15443
        },
        "2018-06": {
            "month": "2018-06",
            "price": "21.01",
            "revenue": 31628
        },
        "2018-07": {
            "month": "2018-07",
            "price": "20.04",
            "revenue": 14247
        },
        "2018-08": {
            "month": "2018-08",
            "price": "22.24",
            "revenue": 15202
        },
        "2018-09": {
            "month": "2018-09",
            "price": "20.22",
            "revenue": 25631
        },
        "2018-10": {
            "month": "2018-10",
            "price": "19.24",
            "revenue": 17379
        },
        "2018-11": {
            "month": "2018-11",
            "price": "17.48",
            "revenue": 15689
        },
        "2018-12": {
            "month": "2018-12",
            "price": "19.14",
            "revenue": 25437
        },
        "2019-01": {
            "month": "2019-01",
            "price": "19.66",
            "revenue": 20874
        },
        "2019-02": {
            "month": "2019-02",
            "price": "20.26",
            "revenue": 14527
        },
        "2019-03": {
            "month": "2019-03",
            "price": "18.39",
            "revenue": 21984
        },
        "2019-04": {
            "month": "2019-04",
            "price": "18.58",
            "revenue": 12266
        },
        "2019-05": {
            "month": "2019-05",
            "price": "18.01",
            "revenue": 14983
        },
        "2019-06": {
            "month": "2019-06",
            "price": "17.29",
            "revenue": 22550
        },
        "2019-07": {
            "month": "2019-07",
            "price": "15.81",
            "revenue": 15491
        },
        "2019-08": {
            "month": "2019-08",
            "price": "15.91",
            "revenue": 13345
        },
        "2019-09": {
            "month": "2019-09",
            "price": "15.84",
            "revenue": 22462
        },
        "2019-10": {
            "month": "2019-10",
            "price": "16.40",
            "revenue": 14881
        },
        "2019-11": {
            "month": "2019-11",
            "price": "15.48",
            "revenue": 31471
        },
        "2019-12": {
            "month": "2019-12",
            "price": "14.25",
            "revenue": 41771
        },
        "2020-01": {
            "month": "2020-01",
            "price": "14.97",
            "revenue": 16092
        },
        "2020-02": {
            "month": "2020-02",
            "price": "13.67",
            "revenue": 8354
        },
        "2020-03": {
            "month": "2020-03",
            "price": "11.84",
            "revenue": 17572
        },
        "2020-04": {
            "month": "2020-04",
            "price": "10.97",
            "revenue": 12196
        },
        "2020-05": {
            "month": "2020-05",
            "price": "14.22",
            "revenue": 12546
        },
        "2020-06": {
            "month": "2020-06",
            "price": "14.46",
            "revenue": 17349
        },
        "2020-07": {
            "month": "2020-07",
            "price": "15.23",
            "revenue": 37772
        },
        "2020-08": {
            "month": "2020-08",
            "price": "15.23",
            "revenue": 15109
        },
        "2020-09": {
            "month": "2020-09",
            "price": "14.85",
            "revenue": 18793
        },
        "2020-10": {
            "month": "2020-10",
            "price": "15.17",
            "revenue": 16711
        },
        "2020-11": {
            "month": "2020-11",
            "price": "15.16",
            "revenue": 12685
        },
        "2020-12": {
            "month": "2020-12",
            "price": "19.27",
            "revenue": 33601
        },
        "2021-01": {
            "month": "2021-01",
            "price": "23.50",
            "revenue": 12886
        },
        "2021-02": {
            "month": "2021-02",
            "price": "22.21",
            "revenue": 10182
        },
        "2021-03": {
            "month": "2021-03",
            "price": "23.32",
            "revenue": 19425
        },
        "2021-04": {
            "month": "2021-04",
            "price": "24.41",
            "revenue": 13916
        },
        "2021-05": {
            "month": "2021-05",
            "price": "17.78",
            "revenue": 10815
        },
        "2021-06": {
            "month": "2021-06",
            "price": "18.78",
            "revenue": 14529
        },
        "2021-07": {
            "month": "2021-07",
            "price": "19.52",
            "revenue": 17061
        },
        "2021-08": {
            "month": "2021-08",
            "price": "18.19",
            "revenue": 13360
        },
        "2021-09": {
            "month": "2021-09",
            "price": "21.60",
            "revenue": 13256
        },
        "2021-10": {
            "month": "2021-10",
            "price": "22.29",
            "revenue": 14976
        },
        "2021-11": {
            "month": "2021-11",
            "price": "19.32",
            "revenue": 12181
        },
        "2021-12": {
            "month": "2021-12",
            "price": "18.93",
            "revenue": 32321
        },
        "2022-01": {
            "month": "2022-01",
            "price": "18.73",
            "revenue": 18523
        },
        "2022-02": {
            "month": "2022-02",
            "price": "17.66",
            "revenue": 10071
        },
        "2022-03": {
            "month": "2022-03",
            "price": "17.78",
            "revenue": 19599
        },
        "2022-04": {
            "month": "2022-04",
            "price": "18.83",
            "revenue": 17496
        },
        "2022-05": {
            "month": "2022-05",
            "price": "17.91",
            "revenue": 14907
        },
        "2022-06": {
            "month": "2022-06",
            "price": "18.15",
            "revenue": 15109
        },
        "2022-07": {
            "month": "2022-07",
            "price": "18.27",
            "revenue": 11677
        },
        "2022-08": {
            "month": "2022-08",
            "price": "17.94",
            "revenue": 10801
        },
        "2022-09": {
            "month": "2022-09",
            "price": "17.09",
            "revenue": 14219
        },
        "2022-10": {
            "month": "2022-10",
            "price": "15.83",
            "revenue": 11786
        },
        "2022-11": {
            "month": "2022-11",
            "price": "15.17",
            "revenue": 10238
        },
        "2022-12": {
            "month": "2022-12",
            "price": "15.15",
            "revenue": 13054
        },
        "2023-01": {
            "month": "2023-01",
            "price": "14.55",
            "revenue": 9667
        },
        "2023-02": {
            "month": "2023-02",
            "price": "14.49",
            "revenue": 5867
        },
        "2023-03": {
            "month": "2023-03",
            "price": "14.68",
            "revenue": 12504
        },
        "2023-04": {
            "month": "2023-04",
            "price": "15.69",
            "revenue": 11514
        },
        "2023-05": {
            "month": "2023-05",
            "price": "15.48",
            "revenue": 15204
        }
    }
}
