{
    "summary": {
        "stock_name": "訊連",
        "stock_id": "5203",
        "category": "資訊服務",
        "main_business": "多媒體影音軟體之開發與銷售",
        "website_url": "http://www.cyberlink.com",
        "ceo": "黃肇雄",
        "pe_ratio": 37,
        "report_year_from": 2001,
        "report_year_to": 2023,
        "age": 22,
        "eps_negative_percentage": 4,
        "eps_growth_avg": {
            "last_all": -6.09,
            "last_2y": -75,
            "last_4y": -22.83,
            "last_8y": -21.57,
            "last_12y": -14.98,
            "last_16y": -10.92,
            "last_20y": -6.09,
            "at_2006_last_3y": 5.97,
            "at_2007_last_3y": 4.95,
            "at_2008_last_3y": 6.02,
            "at_2009_last_3y": 1.23,
            "at_2010_last_3y": -5.67,
            "at_2011_last_3y": -11.01,
            "at_2012_last_3y": -8.27,
            "at_2013_last_3y": -1.78,
            "at_2014_last_3y": 0.44,
            "at_2015_last_3y": -2.31,
            "at_2016_last_3y": -15.3,
            "at_2017_last_3y": -20.32,
            "at_2018_last_3y": -8.87,
            "at_2019_last_3y": 0.28,
            "at_2020_last_3y": -1.43,
            "at_2021_last_3y": -22.83,
            "at_2022_last_3y": -44.6,
            "at_2023_last_3y": -44.6,
            "at_2006_last_all": 13.68,
            "at_2007_last_all": 13.39,
            "at_2008_last_all": 11.17,
            "at_2009_last_all": 7.23,
            "at_2010_last_all": 5.08,
            "at_2011_last_all": 3.63,
            "at_2012_last_all": 4.1,
            "at_2013_last_all": 4.23,
            "at_2014_last_all": 3.65,
            "at_2015_last_all": 1.93,
            "at_2016_last_all": -1.07,
            "at_2017_last_all": -1.91,
            "at_2018_last_all": 0.7,
            "at_2019_last_all": 1.56,
            "at_2020_last_all": -1.15,
            "at_2021_last_all": -6.09,
            "at_2022_last_all": -6.09,
            "at_2023_last_all": -6.09
        },
        "latest_eps": 2.48,
        "latest_price": 92.7,
        "latest_roe": 5.21,
        "latest_gross_margin": 84.89,
        "latest_equity": 4691718,
        "latest_revenue": 430690,
        "latest_gross_profit": 365605,
        "latest_net_income": 54708,
        "latest_debt_ratio": 20.2,
        "latest_current_ratio": 287.51,
        "latest_account_receivable_turnover_ratio": 4.32,
        "latest_inventory_turnover_ratio": 12.98,
        "latest_reinvestment_rate": 883.4,
        "latest_research_to_sale_ratio": 30.22
    },
    "eps_dividends": {
        "1999": {
            "cash": 0.71,
            "stock": 7,
            "eps": 0
        },
        "2000": {
            "cash": 0,
            "stock": 6.23,
            "eps": 0
        },
        "2001": {
            "cash": 0,
            "stock": 5,
            "eps": 5.1
        },
        "2002": {
            "cash": 0,
            "stock": 3.5,
            "eps": 7.37
        },
        "2003": {
            "cash": 1.7,
            "stock": 1.7,
            "eps": 8.55
        },
        "2004": {
            "cash": 2.18,
            "stock": 1.42,
            "eps": 8
        },
        "2005": {
            "cash": 2.98,
            "stock": 0.99,
            "eps": 7.91
        },
        "2006": {
            "cash": 4.99,
            "stock": 0.2,
            "eps": 9.13
        },
        "2007": {
            "cash": 6.48,
            "stock": 0.1,
            "eps": 10.22
        },
        "2008": {
            "cash": 7.49,
            "stock": 0.1,
            "eps": 10
        },
        "2009": {
            "cash": 7.49,
            "stock": 0.1,
            "eps": 7.97
        },
        "2010": {
            "cash": 6.4,
            "stock": 0.08,
            "eps": 7
        },
        "2011": {
            "cash": 13.99,
            "stock": 0,
            "eps": 6.34
        },
        "2012": {
            "cash": 0,
            "stock": 0,
            "eps": 6.9
        },
        "2013": {
            "cash": 7,
            "stock": 0.6,
            "eps": 7.29
        },
        "2014": {
            "cash": 7,
            "stock": 0,
            "eps": 7.05
        },
        "2015": {
            "cash": 7,
            "stock": 0,
            "eps": 5.61
        },
        "2016": {
            "cash": 4,
            "stock": 0,
            "eps": 3.19
        },
        "2017": {
            "cash": 1.6,
            "stock": 0,
            "eps": 2.73
        },
        "2018": {
            "cash": 1.7,
            "stock": 0,
            "eps": 3.89
        },
        "2019": {
            "cash": 3,
            "stock": 0,
            "eps": 4.52
        },
        "2020": {
            "cash": 3.6,
            "stock": 0,
            "eps": 2.26
        },
        "2021": {
            "cash": 2.26,
            "stock": 0,
            "eps": -7.3
        },
        "2022": {
            "cash": 1.72,
            "stock": 0,
            "eps": 2.34
        },
        "2023": {
            "cash": 2.3,
            "stock": 0,
            "eps": 0.69
        }
    },
    "dividends": {
        "1999-04-08": {
            "cash": 0.71,
            "stock": 7
        },
        "2000-05-18": {
            "cash": 0,
            "stock": 6.23
        },
        "2001-05-04": {
            "cash": 0,
            "stock": 5
        },
        "2002-05-27": {
            "cash": 0,
            "stock": 3.5
        },
        "2003-02-24": {
            "cash": 1.7,
            "stock": 1.7
        },
        "2004-02-19": {
            "cash": 2.18,
            "stock": 1.42
        },
        "2005-03-30": {
            "cash": 2.98,
            "stock": 0.99
        },
        "2006-04-04": {
            "cash": 4.99,
            "stock": 0.2
        },
        "2007-04-24": {
            "cash": 6.48,
            "stock": 0.1
        },
        "2008-03-26": {
            "cash": 7.49,
            "stock": 0.1
        },
        "2009-03-23": {
            "cash": 7.49,
            "stock": 0.1
        },
        "2010-03-29": {
            "cash": 6.4,
            "stock": 0.08
        },
        "2011-01-01": {
            "cash": 7,
            "stock": 0
        },
        "2011-03-30": {
            "cash": 6.99,
            "stock": 0
        },
        "2013-03-22": {
            "cash": 7,
            "stock": 0.6
        },
        "2014-08-29": {
            "cash": 7,
            "stock": 0
        },
        "2015-08-31": {
            "cash": 7,
            "stock": 0
        },
        "2016-08-31": {
            "cash": 4,
            "stock": 0
        },
        "2017-08-31": {
            "cash": 1.6,
            "stock": 0
        },
        "2018-08-31": {
            "cash": 1.7,
            "stock": 0
        },
        "2019-08-30": {
            "cash": 3,
            "stock": 0
        },
        "2020-08-31": {
            "cash": 3.6,
            "stock": 0
        },
        "2021-08-31": {
            "cash": 2.26,
            "stock": 0
        },
        "2022-08-31": {
            "cash": 1.72,
            "stock": 0
        },
        "2023-03-28": {
            "cash": 2.3,
            "stock": 0
        }
    },
    "prices": {
        "200101": "230.75",
        "200102": "248.68",
        "200103": "255.77",
        "200104": "209.65",
        "200105": "179.09",
        "200106": "167.20",
        "200107": "109.83",
        "200108": "81.09",
        "200109": "71.06",
        "200110": "68.26",
        "200111": "90.59",
        "200112": "118.71",
        "200201": "126.70",
        "200202": "117.17",
        "200203": "130.71",
        "200204": "141.86",
        "200205": "145.98",
        "200206": "132.92",
        "200207": "111.96",
        "200208": "93.39",
        "200209": "94.25",
        "200210": "91.57",
        "200211": "94.57",
        "200212": "97.11",
        "200301": "89.34",
        "200302": "90.09",
        "200303": "80.05",
        "200304": "77.16",
        "200305": "86.24",
        "200306": "96.72",
        "200307": "122.02",
        "200308": "108.76",
        "200309": "105.19",
        "200310": "103.86",
        "200311": "109.35",
        "200312": "136.39",
        "200401": "144.57",
        "200402": "151.00",
        "200403": "136.98",
        "200404": "139.43",
        "200405": "106.26",
        "200406": "83.36",
        "200407": "78.68",
        "200408": "94.45",
        "200409": "80.00",
        "200410": "85.98",
        "200411": "80.77",
        "200412": "78.15",
        "200501": "76.48",
        "200502": "84.08",
        "200503": "86.06",
        "200504": "87.04",
        "200505": "93.78",
        "200506": "97.40",
        "200507": "103.32",
        "200508": "102.97",
        "200509": "85.19",
        "200510": "81.90",
        "200511": "77.98",
        "200512": "90.28",
        "200601": "86.79",
        "200602": "85.85",
        "200603": "88.94",
        "200604": "110.27",
        "200605": "114.98",
        "200606": "104.50",
        "200607": "114.57",
        "200608": "119.91",
        "200609": "111.88",
        "200610": "111.42",
        "200611": "126.68",
        "200612": "140.38",
        "200701": "138.27",
        "200702": "131.21",
        "200703": "126.63",
        "200704": "121.25",
        "200705": "127.52",
        "200706": "132.78",
        "200707": "147.73",
        "200708": "164.87",
        "200709": "172.11",
        "200710": "160.95",
        "200711": "134.98",
        "200712": "124.81",
        "200801": "120.27",
        "200802": "118.57",
        "200803": "127.64",
        "200804": "143.17",
        "200805": "154.79",
        "200806": "149.86",
        "200807": "142.55",
        "200808": "148.98",
        "200809": "144.76",
        "200810": "123.57",
        "200811": "113.68",
        "200812": "111.52",
        "200901": "116.27",
        "200902": "117.38",
        "200903": "121.84",
        "200904": "128.80",
        "200905": "146.31",
        "200906": "134.83",
        "200907": "138.22",
        "200908": "131.92",
        "200909": "130.77",
        "200910": "129.80",
        "200911": "133.81",
        "200912": "135.72",
        "201001": "147.00",
        "201002": "138.39",
        "201003": "143.57",
        "201004": "148.76",
        "201005": "138.05",
        "201006": "134.12",
        "201007": "135.30",
        "201008": "131.80",
        "201009": "129.95",
        "201010": "121.79",
        "201011": "111.61",
        "201012": "112.26",
        "201101": "105.55",
        "201102": "94.19",
        "201103": "93.04",
        "201104": "85.91",
        "201105": "82.82",
        "201106": "84.58",
        "201107": "89.66",
        "201108": "70.39",
        "201109": "60.90",
        "201110": "69.70",
        "201111": "68.25",
        "201112": "64.21",
        "201201": "67.47",
        "201202": "83.38",
        "201203": "94.21",
        "201204": "87.54",
        "201205": "87.35",
        "201206": "85.15",
        "201207": "86.83",
        "201208": "100.53",
        "201209": "103.30",
        "201210": "105.16",
        "201211": "100.71",
        "201212": "93.64",
        "201301": "93.02",
        "201302": "91.75",
        "201303": "91.42",
        "201304": "93.44",
        "201305": "100.87",
        "201306": "99.52",
        "201307": "98.09",
        "201308": "89.57",
        "201309": "83.46",
        "201310": "84.32",
        "201311": "84.10",
        "201312": "84.14",
        "201401": "87.54",
        "201402": "87.95",
        "201403": "92.12",
        "201404": "92.84",
        "201405": "94.28",
        "201406": "97.65",
        "201407": "97.23",
        "201408": "95.79",
        "201409": "90.70",
        "201410": "87.20",
        "201411": "86.54",
        "201412": "88.09",
        "201501": "91.43",
        "201502": "91.52",
        "201503": "91.80",
        "201504": "93.02",
        "201505": "87.80",
        "201506": "82.65",
        "201507": "78.24",
        "201508": "62.13",
        "201509": "66.99",
        "201510": "70.05",
        "201511": "70.84",
        "201512": "69.47",
        "201601": "66.99",
        "201602": "71.95",
        "201603": "74.18",
        "201604": "71.64",
        "201605": "68.69",
        "201606": "69.30",
        "201607": "70.59",
        "201608": "68.69",
        "201609": "68.57",
        "201610": "64.98",
        "201611": "64.70",
        "201612": "71.10",
        "201701": "70.62",
        "201702": "68.82",
        "201703": "66.14",
        "201704": "65.38",
        "201705": "69.68",
        "201706": "68.49",
        "201707": "63.91",
        "201708": "62.35",
        "201709": "62.10",
        "201710": "64.53",
        "201711": "62.45",
        "201712": "64.04",
        "201801": "66.83",
        "201802": "64.42",
        "201803": "61.92",
        "201804": "64.26",
        "201805": "70.84",
        "201806": "70.27",
        "201807": "66.30",
        "201808": "73.48",
        "201809": "73.14",
        "201810": "64.86",
        "201811": "65.92",
        "201812": "69.26",
        "201901": "68.92",
        "201902": "71.75",
        "201903": "70.76",
        "201904": "72.82",
        "201905": "73.35",
        "201906": "73.67",
        "201907": "80.97",
        "201908": "86.55",
        "201909": "98.25",
        "201910": "96.17",
        "201911": "112.93",
        "201912": "113.14",
        "202001": "108.27",
        "202002": "112.61",
        "202003": "105.67",
        "202004": "109.00",
        "202005": "116.50",
        "202006": "109.80",
        "202007": "114.63",
        "202008": "114.38",
        "202009": "115.30",
        "202010": "112.76",
        "202011": "103.26",
        "202012": "101.74",
        "202101": "105.35",
        "202102": "104.65",
        "202103": "99.63",
        "202104": "98.39",
        "202105": "83.39",
        "202106": "82.79",
        "202107": "81.80",
        "202108": "78.86",
        "202109": "81.70",
        "202110": "86.69",
        "202111": "92.24",
        "202112": "90.22",
        "202201": "86.65",
        "202202": "86.74",
        "202203": "95.88",
        "202204": "87.62",
        "202205": "85.28",
        "202206": "86.20",
        "202207": "84.49",
        "202208": "93.60",
        "202209": "92.23",
        "202210": "87.60",
        "202211": "84.62",
        "202212": "84.30",
        "202301": "83.68",
        "202302": "91.19",
        "202303": "98.30",
        "202304": "100.02",
        "202305": "93.43",
        "202306": "94.76"
    },
    "quarters": {
        "20011": {
            "year_quarter": 20011,
            "year": 2001,
            "quarter": 1,
            "eps": 1.69,
            "eps_growth_year": -50.44,
            "eps_4q": 7.08,
            "eps_4q_growth_year": -9.38,
            "roe": 5.13,
            "roe_4q": 5.13,
            "gross_profit": 93628,
            "gross_margin": 89.74,
            "gross_margin_4q_avg": 89.74,
            "net_income": 34659,
            "revenue": 104334,
            "common_shares": 226850,
            "book_valuer_per_share": 42.88,
            "book_valuer_per_share_4q_avg": 42.88,
            "equity": 972695,
            "current_ratio": 908.83,
            "debt_ratio": 9.01,
            "inventory_turnover_ratio": 2.52,
            "account_receivable_turnover_ratio": null,
            "reinvestment_rate": null,
            "research_to_sale_ratio": null,
            "price_fair": 0,
            "eps_avg_yearly": 0,
            "eps_latest_yearly": 0,
            "eps_growth_yearly": 0
        },
        "20012": {
            "year_quarter": 20012,
            "year": 2001,
            "quarter": 2,
            "eps": 1.32,
            "eps_growth_year": -27.47,
            "eps_4q": 4.44,
            "eps_4q_growth_year": -29.39,
            "roe": 4.63,
            "roe_4q": 9.76,
            "gross_profit": 114747,
            "gross_margin": 94.21,
            "gross_margin_4q_avg": 91.98,
            "net_income": 45978,
            "revenue": 121801,
            "common_shares": 226850,
            "book_valuer_per_share": 44.73,
            "book_valuer_per_share_4q_avg": 43.81,
            "equity": 1014764,
            "current_ratio": 887.74,
            "debt_ratio": 9.15,
            "inventory_turnover_ratio": 6.36,
            "account_receivable_turnover_ratio": null,
            "reinvestment_rate": null,
            "research_to_sale_ratio": null,
            "price_fair": 0,
            "eps_avg_yearly": 0,
            "eps_latest_yearly": 0,
            "eps_growth_yearly": 0
        },
        "20013": {
            "year_quarter": 20013,
            "year": 2001,
            "quarter": 3,
            "eps": 0.7,
            "eps_growth_year": -68.75,
            "eps_4q": 3.85,
            "eps_4q_growth_year": -51.91,
            "roe": 2.38,
            "roe_4q": 12.14,
            "gross_profit": 141701,
            "gross_margin": 93.08,
            "gross_margin_4q_avg": 92.34,
            "net_income": 24446,
            "revenue": 152242,
            "common_shares": 353300,
            "book_valuer_per_share": 29.41,
            "book_valuer_per_share_4q_avg": 39.01,
            "equity": 1039209,
            "current_ratio": 910.3,
            "debt_ratio": 9.06,
            "inventory_turnover_ratio": 10.63,
            "account_receivable_turnover_ratio": null,
            "reinvestment_rate": null,
            "research_to_sale_ratio": null,
            "price_fair": 0,
            "eps_avg_yearly": 0,
            "eps_latest_yearly": 0,
            "eps_growth_yearly": 0
        },
        "20014": {
            "year_quarter": 20014,
            "year": 2001,
            "quarter": 4,
            "eps": 1.39,
            "eps_growth_year": -5.44,
            "eps_4q": 4.38,
            "eps_4q_growth_year": -42.14,
            "roe": 4.57,
            "roe_4q": 16.71,
            "gross_profit": 209348,
            "gross_margin": 93.59,
            "gross_margin_4q_avg": 92.66,
            "net_income": 48795,
            "revenue": 223675,
            "common_shares": 353300,
            "book_valuer_per_share": 30.74,
            "book_valuer_per_share_4q_avg": 36.94,
            "equity": 1094331,
            "current_ratio": 591.39,
            "debt_ratio": 14.48,
            "inventory_turnover_ratio": 3.85,
            "account_receivable_turnover_ratio": null,
            "reinvestment_rate": null,
            "research_to_sale_ratio": null,
            "price_fair": 0,
            "eps_avg_yearly": 0,
            "eps_latest_yearly": 0,
            "eps_growth_yearly": 0
        },
        "20021": {
            "year_quarter": 20021,
            "year": 2002,
            "quarter": 1,
            "eps": 2.23,
            "eps_growth_year": 31.95,
            "eps_4q": 5.6,
            "eps_4q_growth_year": -20.88,
            "roe": 6.99,
            "roe_4q": 18.57,
            "gross_profit": 237994,
            "gross_margin": 93.82,
            "gross_margin_4q_avg": 93.68,
            "net_income": 78921,
            "revenue": 253684,
            "common_shares": 353300,
            "book_valuer_per_share": 32.97,
            "book_valuer_per_share_4q_avg": 34.46,
            "equity": 1164915,
            "current_ratio": 769.45,
            "debt_ratio": 10.55,
            "inventory_turnover_ratio": 3.61,
            "account_receivable_turnover_ratio": null,
            "reinvestment_rate": null,
            "research_to_sale_ratio": null,
            "price_fair": 312.2,
            "eps_avg_yearly": 8.92,
            "eps_latest_yearly": 8.92,
            "eps_growth_yearly": 241.73
        },
        "20022": {
            "year_quarter": 20022,
            "year": 2002,
            "quarter": 2,
            "eps": 1.09,
            "eps_growth_year": -17.42,
            "eps_4q": 4.22,
            "eps_4q_growth_year": -5.02,
            "roe": 4.45,
            "roe_4q": 18.39,
            "gross_profit": 189170,
            "gross_margin": 94.7,
            "gross_margin_4q_avg": 93.8,
            "net_income": 53006,
            "revenue": 199764,
            "common_shares": 353300,
            "book_valuer_per_share": 34.39,
            "book_valuer_per_share_4q_avg": 31.88,
            "equity": 1214968,
            "current_ratio": 819.18,
            "debt_ratio": 9.92,
            "inventory_turnover_ratio": 6.26,
            "account_receivable_turnover_ratio": null,
            "reinvestment_rate": null,
            "research_to_sale_ratio": null,
            "price_fair": 190.04,
            "eps_avg_yearly": 6.64,
            "eps_latest_yearly": 4.36,
            "eps_growth_yearly": 18.62
        },
        "20023": {
            "year_quarter": 20023,
            "year": 2002,
            "quarter": 3,
            "eps": 1.61,
            "eps_growth_year": 130,
            "eps_4q": 5.31,
            "eps_4q_growth_year": 37.97,
            "roe": 6.27,
            "roe_4q": 22.28,
            "gross_profit": 235352,
            "gross_margin": 92.31,
            "gross_margin_4q_avg": 93.61,
            "net_income": 78646,
            "revenue": 254950,
            "common_shares": 487100,
            "book_valuer_per_share": 26.57,
            "book_valuer_per_share_4q_avg": 31.17,
            "equity": 1294450,
            "current_ratio": 691.49,
            "debt_ratio": 11.97,
            "inventory_turnover_ratio": 13.41,
            "account_receivable_turnover_ratio": null,
            "reinvestment_rate": null,
            "research_to_sale_ratio": null,
            "price_fair": 230.07,
            "eps_avg_yearly": 6.57,
            "eps_latest_yearly": 6.44,
            "eps_growth_yearly": 76.02
        },
        "20024": {
            "year_quarter": 20024,
            "year": 2002,
            "quarter": 4,
            "eps": 2.44,
            "eps_growth_year": 75.54,
            "eps_4q": 6.76,
            "eps_4q_growth_year": 54.18,
            "roe": 8.76,
            "roe_4q": 26.47,
            "gross_profit": 338607,
            "gross_margin": 94.27,
            "gross_margin_4q_avg": 93.78,
            "net_income": 118977,
            "revenue": 359193,
            "common_shares": 487100,
            "book_valuer_per_share": 29.03,
            "book_valuer_per_share_4q_avg": 30.74,
            "equity": 1421882,
            "current_ratio": 1054.68,
            "debt_ratio": 46.45,
            "inventory_turnover_ratio": 6.27,
            "account_receivable_turnover_ratio": null,
            "reinvestment_rate": 20.2,
            "research_to_sale_ratio": null,
            "price_fair": 257.95,
            "eps_avg_yearly": 7.37,
            "eps_latest_yearly": 9.76,
            "eps_growth_yearly": 108.57
        },
        "20031": {
            "year_quarter": 20031,
            "year": 2003,
            "quarter": 1,
            "eps": 2.7,
            "eps_growth_year": 21.08,
            "eps_4q": 7.84,
            "eps_4q_growth_year": 40.01,
            "roe": 8.87,
            "roe_4q": 28.349999999999998,
            "gross_profit": 335276,
            "gross_margin": 94.63,
            "gross_margin_4q_avg": 93.98,
            "net_income": 131681,
            "revenue": 354294,
            "common_shares": 487133,
            "book_valuer_per_share": 31.73,
            "book_valuer_per_share_4q_avg": 30.43,
            "equity": 1545871,
            "current_ratio": 1081.26,
            "debt_ratio": 44.36,
            "inventory_turnover_ratio": 6.45,
            "account_receivable_turnover_ratio": null,
            "reinvestment_rate": 16.5,
            "research_to_sale_ratio": null,
            "price_fair": 281.96,
            "eps_avg_yearly": 8.06,
            "eps_latest_yearly": 10.8,
            "eps_growth_yearly": 95.38
        },
        "20032": {
            "year_quarter": 20032,
            "year": 2003,
            "quarter": 2,
            "eps": 1.48,
            "eps_growth_year": 35.78,
            "eps_4q": 7.03,
            "eps_4q_growth_year": 66.56,
            "roe": 5.63,
            "roe_4q": 29.529999999999998,
            "gross_profit": 297222,
            "gross_margin": 95.66,
            "gross_margin_4q_avg": 94.22,
            "net_income": 87856,
            "revenue": 310716,
            "common_shares": 490989,
            "book_valuer_per_share": 32.13,
            "book_valuer_per_share_4q_avg": 29.87,
            "equity": 1577305,
            "current_ratio": 794.48,
            "debt_ratio": 45.01,
            "inventory_turnover_ratio": 14.81,
            "account_receivable_turnover_ratio": null,
            "reinvestment_rate": 15.44,
            "research_to_sale_ratio": null,
            "price_fair": 269.5,
            "eps_avg_yearly": 7.7,
            "eps_latest_yearly": 5.92,
            "eps_growth_yearly": 49.36
        },
        "20033": {
            "year_quarter": 20033,
            "year": 2003,
            "quarter": 3,
            "eps": 2.35,
            "eps_growth_year": 45.96,
            "eps_4q": 8.02,
            "eps_4q_growth_year": 51.03,
            "roe": 7.81,
            "roe_4q": 31.07,
            "gross_profit": 299395,
            "gross_margin": 93.21,
            "gross_margin_4q_avg": 94.44,
            "net_income": 140321,
            "revenue": 321205,
            "common_shares": 633715,
            "book_valuer_per_share": 31.83,
            "book_valuer_per_share_4q_avg": 31.18,
            "equity": 2016821,
            "current_ratio": 1018.6,
            "debt_ratio": 31.03,
            "inventory_turnover_ratio": 19.32,
            "account_receivable_turnover_ratio": null,
            "reinvestment_rate": 27.67,
            "research_to_sale_ratio": null,
            "price_fair": 278,
            "eps_avg_yearly": 7.94,
            "eps_latest_yearly": 9.4,
            "eps_growth_yearly": 75.9
        },
        "20034": {
            "year_quarter": 20034,
            "year": 2003,
            "quarter": 4,
            "eps": 2.02,
            "eps_growth_year": -17.21,
            "eps_4q": 7.4,
            "eps_4q_growth_year": 9.43,
            "roe": 6.02,
            "roe_4q": 28.33,
            "gross_profit": 433747,
            "gross_margin": 89.13,
            "gross_margin_4q_avg": 93.16,
            "net_income": 135625,
            "revenue": 486636,
            "common_shares": 677643,
            "book_valuer_per_share": 36.61,
            "book_valuer_per_share_4q_avg": 33.08,
            "equity": 2491841,
            "current_ratio": 778.4,
            "debt_ratio": 22.01,
            "inventory_turnover_ratio": 7.43,
            "account_receivable_turnover_ratio": null,
            "reinvestment_rate": 28.27,
            "research_to_sale_ratio": null,
            "price_fair": 278.6,
            "eps_avg_yearly": 7.96,
            "eps_latest_yearly": 8.08,
            "eps_growth_yearly": 59.39
        },
        "20041": {
            "year_quarter": 20041,
            "year": 2004,
            "quarter": 1,
            "eps": 1.91,
            "eps_growth_year": -29.26,
            "eps_4q": 7.26,
            "eps_4q_growth_year": -7.35,
            "roe": 5.05,
            "roe_4q": 24.509999999999998,
            "gross_profit": 326126,
            "gross_margin": 91.28,
            "gross_margin_4q_avg": 92.32,
            "net_income": 130203,
            "revenue": 357271,
            "common_shares": 685219,
            "book_valuer_per_share": 38.9,
            "book_valuer_per_share_4q_avg": 34.87,
            "equity": 2665411,
            "current_ratio": 1025.82,
            "debt_ratio": 17.02,
            "inventory_turnover_ratio": 3.1,
            "account_receivable_turnover_ratio": null,
            "reinvestment_rate": 26.36,
            "research_to_sale_ratio": null,
            "price_fair": 277.36,
            "eps_avg_yearly": 7.92,
            "eps_latest_yearly": 7.64,
            "eps_growth_yearly": 50.37
        },
        "20042": {
            "year_quarter": 20042,
            "year": 2004,
            "quarter": 2,
            "eps": 1.86,
            "eps_growth_year": 25.68,
            "eps_4q": 7.81,
            "eps_4q_growth_year": 11.18,
            "roe": 4.81,
            "roe_4q": 23.689999999999998,
            "gross_profit": 278326,
            "gross_margin": 93.81,
            "gross_margin_4q_avg": 91.86,
            "net_income": 127239,
            "revenue": 296703,
            "common_shares": 685381,
            "book_valuer_per_share": 38.38,
            "book_valuer_per_share_4q_avg": 36.43,
            "equity": 2630404,
            "current_ratio": 591.71,
            "debt_ratio": 20.12,
            "inventory_turnover_ratio": 2.87,
            "account_receivable_turnover_ratio": null,
            "reinvestment_rate": 21.83,
            "research_to_sale_ratio": null,
            "price_fair": 275.66,
            "eps_avg_yearly": 7.88,
            "eps_latest_yearly": 7.44,
            "eps_growth_yearly": 44.29
        },
        "20043": {
            "year_quarter": 20043,
            "year": 2004,
            "quarter": 3,
            "eps": 1.94,
            "eps_growth_year": -17.45,
            "eps_4q": 6.72,
            "eps_4q_growth_year": -16.17,
            "roe": 5.65,
            "roe_4q": 21.53,
            "gross_profit": 356485,
            "gross_margin": 96.35,
            "gross_margin_4q_avg": 92.64,
            "net_income": 159879,
            "revenue": 369981,
            "common_shares": 848846,
            "book_valuer_per_share": 35.67,
            "book_valuer_per_share_4q_avg": 37.39,
            "equity": 3027711,
            "current_ratio": 643.19,
            "debt_ratio": 12.88,
            "inventory_turnover_ratio": 2.74,
            "account_receivable_turnover_ratio": null,
            "reinvestment_rate": 19.93,
            "research_to_sale_ratio": null,
            "price_fair": 275.29,
            "eps_avg_yearly": 7.87,
            "eps_latest_yearly": 7.76,
            "eps_growth_yearly": 41.83
        },
        "20044": {
            "year_quarter": 20044,
            "year": 2004,
            "quarter": 4,
            "eps": 2.29,
            "eps_growth_year": 13.37,
            "eps_4q": 7.36,
            "eps_4q_growth_year": -0.49,
            "roe": 6.01,
            "roe_4q": 21.52,
            "gross_profit": 583329,
            "gross_margin": 98.06,
            "gross_margin_4q_avg": 94.88,
            "net_income": 189122,
            "revenue": 594852,
            "common_shares": 857231,
            "book_valuer_per_share": 38.05,
            "book_valuer_per_share_4q_avg": 37.75,
            "equity": 3264480,
            "current_ratio": 839.39,
            "debt_ratio": 10.51,
            "inventory_turnover_ratio": 1.91,
            "account_receivable_turnover_ratio": null,
            "reinvestment_rate": 15.85,
            "research_to_sale_ratio": null,
            "price_fair": 279.07,
            "eps_avg_yearly": 7.97,
            "eps_latest_yearly": 9.16,
            "eps_growth_yearly": 44.35
        },
        "20051": {
            "year_quarter": 20051,
            "year": 2005,
            "quarter": 1,
            "eps": 2.12,
            "eps_growth_year": 10.99,
            "eps_4q": null,
            "eps_4q_growth_year": null,
            "roe": null,
            "roe_4q": 16.47,
            "gross_profit": 582583,
            "gross_margin": 98.45,
            "gross_margin_4q_avg": 96.67,
            "net_income": null,
            "revenue": 591783,
            "common_shares": null,
            "book_valuer_per_share": null,
            "book_valuer_per_share_4q_avg": 28.03,
            "equity": null,
            "current_ratio": null,
            "debt_ratio": null,
            "inventory_turnover_ratio": 1.24,
            "account_receivable_turnover_ratio": null,
            "reinvestment_rate": null,
            "research_to_sale_ratio": null,
            "price_fair": 280.43,
            "eps_avg_yearly": 8.01,
            "eps_latest_yearly": 8.48,
            "eps_growth_yearly": 38.66
        },
        "20052": {
            "year_quarter": 20052,
            "year": 2005,
            "quarter": 2,
            "eps": 1.57,
            "eps_growth_year": -15.59,
            "eps_4q": null,
            "eps_4q_growth_year": null,
            "roe": null,
            "roe_4q": 11.66,
            "gross_profit": 515267,
            "gross_margin": 98.15,
            "gross_margin_4q_avg": 97.75,
            "net_income": null,
            "revenue": 524980,
            "common_shares": 858487,
            "book_valuer_per_share": 38.48,
            "book_valuer_per_share_4q_avg": 28.05,
            "equity": 3303695,
            "current_ratio": 572.52,
            "debt_ratio": 15.61,
            "inventory_turnover_ratio": 2.27,
            "account_receivable_turnover_ratio": null,
            "reinvestment_rate": null,
            "research_to_sale_ratio": null,
            "price_fair": 276.1,
            "eps_avg_yearly": 7.89,
            "eps_latest_yearly": 6.28,
            "eps_growth_yearly": 28.48
        },
        "20053": {
            "year_quarter": 20053,
            "year": 2005,
            "quarter": 3,
            "eps": 2.01,
            "eps_growth_year": 3.61,
            "eps_4q": null,
            "eps_4q_growth_year": null,
            "roe": 5.97,
            "roe_4q": 11.98,
            "gross_profit": null,
            "gross_margin": null,
            "gross_margin_4q_avg": 73.67,
            "net_income": 197069,
            "revenue": 580027,
            "common_shares": null,
            "book_valuer_per_share": null,
            "book_valuer_per_share_4q_avg": 19.13,
            "equity": null,
            "current_ratio": null,
            "debt_ratio": null,
            "inventory_turnover_ratio": null,
            "account_receivable_turnover_ratio": null,
            "reinvestment_rate": null,
            "research_to_sale_ratio": null,
            "price_fair": 276.45,
            "eps_avg_yearly": 7.9,
            "eps_latest_yearly": 8.04,
            "eps_growth_yearly": 34.06
        },
        "20054": {
            "year_quarter": 20054,
            "year": 2005,
            "quarter": 4,
            "eps": 2.21,
            "eps_growth_year": -3.49,
            "eps_4q": null,
            "eps_4q_growth_year": null,
            "roe": 5.66,
            "roe_4q": 11.629999999999999,
            "gross_profit": null,
            "gross_margin": null,
            "gross_margin_4q_avg": 49.15,
            "net_income": 211987,
            "revenue": 764546,
            "common_shares": 972708,
            "book_valuer_per_share": 38.53,
            "book_valuer_per_share_4q_avg": 19.25,
            "equity": 3747639,
            "current_ratio": 757.8,
            "debt_ratio": 11.89,
            "inventory_turnover_ratio": null,
            "account_receivable_turnover_ratio": null,
            "reinvestment_rate": null,
            "research_to_sale_ratio": null,
            "price_fair": 278.51,
            "eps_avg_yearly": 7.96,
            "eps_latest_yearly": 8.84,
            "eps_growth_yearly": 34.42
        },
        "20061": {
            "year_quarter": 20061,
            "year": 2006,
            "quarter": 1,
            "eps": 2.42,
            "eps_growth_year": 14.15,
            "eps_4q": null,
            "eps_4q_growth_year": null,
            "roe": 6.1,
            "roe_4q": 17.73,
            "gross_profit": 507507,
            "gross_margin": 98.76,
            "gross_margin_4q_avg": 49.23,
            "net_income": 236118,
            "revenue": 513905,
            "common_shares": 976353,
            "book_valuer_per_share": 40.97,
            "book_valuer_per_share_4q_avg": 29.5,
            "equity": 3999811,
            "current_ratio": 1232.28,
            "debt_ratio": 7.09,
            "inventory_turnover_ratio": 1.16,
            "account_receivable_turnover_ratio": null,
            "reinvestment_rate": null,
            "research_to_sale_ratio": null,
            "price_fair": 253.64,
            "eps_avg_yearly": 8.01,
            "eps_latest_yearly": 9.68,
            "eps_growth_yearly": 21.68
        },
        "20062": {
            "year_quarter": 20062,
            "year": 2006,
            "quarter": 2,
            "eps": 1.8,
            "eps_growth_year": 14.65,
            "eps_4q": 8.42,
            "eps_4q_growth_year": null,
            "roe": 4.59,
            "roe_4q": 22.32,
            "gross_profit": 427119,
            "gross_margin": 98.86,
            "gross_margin_4q_avg": 49.41,
            "net_income": 175456,
            "revenue": 432051,
            "common_shares": 977376,
            "book_valuer_per_share": 37.33,
            "book_valuer_per_share_4q_avg": 29.21,
            "equity": 3648383,
            "current_ratio": 495.09,
            "debt_ratio": 17.82,
            "inventory_turnover_ratio": 0.85,
            "account_receivable_turnover_ratio": null,
            "reinvestment_rate": null,
            "research_to_sale_ratio": null,
            "price_fair": 286.39,
            "eps_avg_yearly": 8.18,
            "eps_latest_yearly": 7.2,
            "eps_growth_yearly": 28.06
        },
        "20063": {
            "year_quarter": 20063,
            "year": 2006,
            "quarter": 3,
            "eps": 2.72,
            "eps_growth_year": 35.32,
            "eps_4q": null,
            "eps_4q_growth_year": null,
            "roe": null,
            "roe_4q": 16.35,
            "gross_profit": null,
            "gross_margin": null,
            "gross_margin_4q_avg": 49.41,
            "net_income": null,
            "revenue": 762272,
            "common_shares": null,
            "book_valuer_per_share": null,
            "book_valuer_per_share_4q_avg": 29.21,
            "equity": null,
            "current_ratio": null,
            "debt_ratio": null,
            "inventory_turnover_ratio": null,
            "account_receivable_turnover_ratio": null,
            "reinvestment_rate": null,
            "research_to_sale_ratio": null,
            "price_fair": 296.1,
            "eps_avg_yearly": 8.46,
            "eps_latest_yearly": 10.88,
            "eps_growth_yearly": 28.91
        },
        "20064": {
            "year_quarter": 20064,
            "year": 2006,
            "quarter": 4,
            "eps": 2.19,
            "eps_growth_year": -0.9,
            "eps_4q": null,
            "eps_4q_growth_year": null,
            "roe": null,
            "roe_4q": 10.69,
            "gross_profit": null,
            "gross_margin": null,
            "gross_margin_4q_avg": 49.41,
            "net_income": null,
            "revenue": 860451,
            "common_shares": 1027681,
            "book_valuer_per_share": 40.48,
            "book_valuer_per_share_4q_avg": 29.7,
            "equity": 4160457,
            "current_ratio": 729.84,
            "debt_ratio": 12.63,
            "inventory_turnover_ratio": null,
            "account_receivable_turnover_ratio": null,
            "reinvestment_rate": null,
            "research_to_sale_ratio": null,
            "price_fair": 177.62,
            "eps_avg_yearly": 8.4,
            "eps_latest_yearly": 8.76,
            "eps_growth_yearly": 11.15
        },
        "20071": {
            "year_quarter": 20071,
            "year": 2007,
            "quarter": 1,
            "eps": 2.38,
            "eps_growth_year": -1.65,
            "eps_4q": null,
            "eps_4q_growth_year": null,
            "roe": 5.7,
            "roe_4q": 10.29,
            "gross_profit": 536981,
            "gross_margin": 99.02,
            "gross_margin_4q_avg": 49.47,
            "net_income": 244318,
            "revenue": 542290,
            "common_shares": 1028334,
            "book_valuer_per_share": 42.9,
            "book_valuer_per_share_4q_avg": 30.18,
            "equity": 4411229,
            "current_ratio": 1144.72,
            "debt_ratio": 7.12,
            "inventory_turnover_ratio": 1.24,
            "account_receivable_turnover_ratio": null,
            "reinvestment_rate": null,
            "research_to_sale_ratio": null,
            "price_fair": 171.81,
            "eps_avg_yearly": 8.32,
            "eps_latest_yearly": 9.52,
            "eps_growth_yearly": 10.66
        },
        "20072": {
            "year_quarter": 20072,
            "year": 2007,
            "quarter": 2,
            "eps": 2.4,
            "eps_growth_year": 33.33,
            "eps_4q": null,
            "eps_4q_growth_year": null,
            "roe": 5.91,
            "roe_4q": 11.61,
            "gross_profit": 510782,
            "gross_margin": 98.73,
            "gross_margin_4q_avg": 49.44,
            "net_income": 246448,
            "revenue": 517348,
            "common_shares": 1029354,
            "book_valuer_per_share": 38.15,
            "book_valuer_per_share_4q_avg": 30.38,
            "equity": 3927325,
            "current_ratio": 379.99,
            "debt_ratio": 21.39,
            "inventory_turnover_ratio": 1.46,
            "account_receivable_turnover_ratio": null,
            "reinvestment_rate": null,
            "research_to_sale_ratio": null,
            "price_fair": 274.92,
            "eps_avg_yearly": 8.55,
            "eps_latest_yearly": 9.6,
            "eps_growth_yearly": 22.16
        },
        "20073": {
            "year_quarter": 20073,
            "year": 2007,
            "quarter": 3,
            "eps": 2.41,
            "eps_growth_year": -11.4,
            "eps_4q": null,
            "eps_4q_growth_year": null,
            "roe": 6.56,
            "roe_4q": 18.169999999999998,
            "gross_profit": 884991,
            "gross_margin": 99.21,
            "gross_margin_4q_avg": 74.24,
            "net_income": 257771,
            "revenue": 892045,
            "common_shares": null,
            "book_valuer_per_share": null,
            "book_valuer_per_share_4q_avg": 30.38,
            "equity": null,
            "current_ratio": null,
            "debt_ratio": null,
            "inventory_turnover_ratio": 1.58,
            "account_receivable_turnover_ratio": null,
            "reinvestment_rate": null,
            "research_to_sale_ratio": null,
            "price_fair": 150.46,
            "eps_avg_yearly": 8.56,
            "eps_latest_yearly": 9.64,
            "eps_growth_yearly": 7.57
        },
        "20074": {
            "year_quarter": 20074,
            "year": 2007,
            "quarter": 4,
            "eps": 3.03,
            "eps_growth_year": 38.36,
            "eps_4q": 10.04,
            "eps_4q_growth_year": null,
            "roe": 7.16,
            "roe_4q": 25.33,
            "gross_profit": 1115157,
            "gross_margin": 99.31,
            "gross_margin_4q_avg": 99.07,
            "net_income": 323646,
            "revenue": 1122859,
            "common_shares": 1071495,
            "book_valuer_per_share": 42.21,
            "book_valuer_per_share_4q_avg": 30.82,
            "equity": 4522436,
            "current_ratio": 540.39,
            "debt_ratio": 17.05,
            "inventory_turnover_ratio": 1.33,
            "account_receivable_turnover_ratio": null,
            "reinvestment_rate": null,
            "research_to_sale_ratio": null,
            "price_fair": 242.53,
            "eps_avg_yearly": 8.82,
            "eps_latest_yearly": 12.12,
            "eps_growth_yearly": 17.51
        },
        "20081": {
            "year_quarter": 20081,
            "year": 2008,
            "quarter": 1,
            "eps": 2.08,
            "eps_growth_year": -12.6,
            "eps_4q": 9.78,
            "eps_4q_growth_year": null,
            "roe": 4.83,
            "roe_4q": 24.46,
            "gross_profit": 1054787,
            "gross_margin": 99.53,
            "gross_margin_4q_avg": 99.2,
            "net_income": 223556,
            "revenue": 1059777,
            "common_shares": 1073754,
            "book_valuer_per_share": 44.1,
            "book_valuer_per_share_4q_avg": 31.12,
            "equity": 4735693,
            "current_ratio": 556.77,
            "debt_ratio": 15.8,
            "inventory_turnover_ratio": 0.87,
            "account_receivable_turnover_ratio": null,
            "reinvestment_rate": null,
            "research_to_sale_ratio": null,
            "price_fair": 186.33,
            "eps_avg_yearly": 8.86,
            "eps_latest_yearly": 8.32,
            "eps_growth_yearly": 11.04
        },
        "20082": {
            "year_quarter": 20082,
            "year": 2008,
            "quarter": 2,
            "eps": 2.31,
            "eps_growth_year": -3.75,
            "eps_4q": 9.81,
            "eps_4q_growth_year": null,
            "roe": 5.6,
            "roe_4q": 24.15,
            "gross_profit": 1030233,
            "gross_margin": 99.38,
            "gross_margin_4q_avg": 99.36,
            "net_income": 247897,
            "revenue": 1036681,
            "common_shares": 1074744,
            "book_valuer_per_share": 38.25,
            "book_valuer_per_share_4q_avg": 31.14,
            "equity": 4110777,
            "current_ratio": 237.7,
            "debt_ratio": 35,
            "inventory_turnover_ratio": 0.98,
            "account_receivable_turnover_ratio": null,
            "reinvestment_rate": null,
            "research_to_sale_ratio": null,
            "price_fair": 219.37,
            "eps_avg_yearly": 8.97,
            "eps_latest_yearly": 9.24,
            "eps_growth_yearly": 14.46
        },
        "20083": {
            "year_quarter": 20083,
            "year": 2008,
            "quarter": 3,
            "eps": 2.89,
            "eps_growth_year": 19.92,
            "eps_4q": 9.98,
            "eps_4q_growth_year": null,
            "roe": 7.57,
            "roe_4q": 25.16,
            "gross_profit": 1259883,
            "gross_margin": 99.55,
            "gross_margin_4q_avg": 99.44,
            "net_income": 324303,
            "revenue": 1265588,
            "common_shares": 1122780,
            "book_valuer_per_share": 39.69,
            "book_valuer_per_share_4q_avg": 41.06,
            "equity": 4455884,
            "current_ratio": 216.03,
            "debt_ratio": 33.37,
            "inventory_turnover_ratio": 0.69,
            "account_receivable_turnover_ratio": null,
            "reinvestment_rate": null,
            "research_to_sale_ratio": null,
            "price_fair": 273.07,
            "eps_avg_yearly": 9.21,
            "eps_latest_yearly": 11.56,
            "eps_growth_yearly": 19.66
        },
        "20084": {
            "year_quarter": 20084,
            "year": 2008,
            "quarter": 4,
            "eps": 2.72,
            "eps_growth_year": -10.23,
            "eps_4q": 9.82,
            "eps_4q_growth_year": -2.21,
            "roe": 6.61,
            "roe_4q": 24.61,
            "gross_profit": 1310028,
            "gross_margin": 99.53,
            "gross_margin_4q_avg": 99.5,
            "net_income": 305041,
            "revenue": 1316193,
            "common_shares": 1124158,
            "book_valuer_per_share": 42.45,
            "book_valuer_per_share_4q_avg": 41.12,
            "equity": 4772470,
            "current_ratio": 264.29,
            "debt_ratio": 26.58,
            "inventory_turnover_ratio": 0.65,
            "account_receivable_turnover_ratio": 5.3,
            "reinvestment_rate": null,
            "research_to_sale_ratio": null,
            "price_fair": 220.55,
            "eps_avg_yearly": 9.32,
            "eps_latest_yearly": 10.88,
            "eps_growth_yearly": 13.68
        },
        "20091": {
            "year_quarter": 20091,
            "year": 2009,
            "quarter": 1,
            "eps": 1.85,
            "eps_growth_year": -11.06,
            "eps_4q": 9.62,
            "eps_4q_growth_year": -1.68,
            "roe": 4.27,
            "roe_4q": 24.049999999999997,
            "gross_profit": 1034664,
            "gross_margin": 99.56,
            "gross_margin_4q_avg": 99.51,
            "net_income": 208921,
            "revenue": 1039245,
            "common_shares": 1129516,
            "book_valuer_per_share": 44.35,
            "book_valuer_per_share_4q_avg": 41.19,
            "equity": 5009463,
            "current_ratio": 291.62,
            "debt_ratio": 24.28,
            "inventory_turnover_ratio": 0.47,
            "account_receivable_turnover_ratio": 2.37,
            "reinvestment_rate": null,
            "research_to_sale_ratio": null,
            "price_fair": 162.17,
            "eps_avg_yearly": 9.25,
            "eps_latest_yearly": 7.4,
            "eps_growth_yearly": 7.54
        },
        "20092": {
            "year_quarter": 20092,
            "year": 2009,
            "quarter": 2,
            "eps": 1.45,
            "eps_growth_year": -37.23,
            "eps_4q": 8.9,
            "eps_4q_growth_year": -9.33,
            "roe": 3.44,
            "roe_4q": 21.89,
            "gross_profit": 1084984,
            "gross_margin": 99.37,
            "gross_margin_4q_avg": 99.5,
            "net_income": 163256,
            "revenue": 1091852,
            "common_shares": 1130616,
            "book_valuer_per_share": 39.69,
            "book_valuer_per_share_4q_avg": 41.55,
            "equity": 4487633,
            "current_ratio": 208.31,
            "debt_ratio": 34.16,
            "inventory_turnover_ratio": 0.82,
            "account_receivable_turnover_ratio": 3.33,
            "reinvestment_rate": null,
            "research_to_sale_ratio": null,
            "price_fair": 171.6,
            "eps_avg_yearly": 9.22,
            "eps_latest_yearly": 5.8,
            "eps_growth_yearly": 8.62
        },
        "20093": {
            "year_quarter": 20093,
            "year": 2009,
            "quarter": 3,
            "eps": 1.97,
            "eps_growth_year": -31.83,
            "eps_4q": 7.91,
            "eps_4q_growth_year": -20.68,
            "roe": 4.88,
            "roe_4q": 19.2,
            "gross_profit": 1152774,
            "gross_margin": 99.62,
            "gross_margin_4q_avg": 99.52,
            "net_income": 224494,
            "revenue": 1157166,
            "common_shares": 1155964,
            "book_valuer_per_share": 40.71,
            "book_valuer_per_share_4q_avg": 41.8,
            "equity": 4705420,
            "current_ratio": 208.12,
            "debt_ratio": 34.73,
            "inventory_turnover_ratio": 0.69,
            "account_receivable_turnover_ratio": 2.85,
            "reinvestment_rate": null,
            "research_to_sale_ratio": null,
            "price_fair": 189.45,
            "eps_avg_yearly": 9.21,
            "eps_latest_yearly": 7.88,
            "eps_growth_yearly": 10.58
        },
        "20094": {
            "year_quarter": 20094,
            "year": 2009,
            "quarter": 4,
            "eps": 2.7,
            "eps_growth_year": -0.74,
            "eps_4q": 7.83,
            "eps_4q_growth_year": -20.25,
            "roe": 6.35,
            "roe_4q": 18.939999999999998,
            "gross_profit": 1264264,
            "gross_margin": 99.49,
            "gross_margin_4q_avg": 99.51,
            "net_income": 308848,
            "revenue": 1270787,
            "common_shares": 1156820,
            "book_valuer_per_share": 43.35,
            "book_valuer_per_share_4q_avg": 42.03,
            "equity": 5014985,
            "current_ratio": 267.55,
            "debt_ratio": 26.36,
            "inventory_turnover_ratio": 1.21,
            "account_receivable_turnover_ratio": 4,
            "reinvestment_rate": null,
            "research_to_sale_ratio": null,
            "price_fair": 255.2,
            "eps_avg_yearly": 9.33,
            "eps_latest_yearly": 10.8,
            "eps_growth_yearly": 17.35
        },
        "20101": {
            "year_quarter": 20101,
            "year": 2010,
            "quarter": 1,
            "eps": 2.2,
            "eps_growth_year": 18.92,
            "eps_4q": 8.21,
            "eps_4q_growth_year": -14.66,
            "roe": 4.94,
            "roe_4q": 19.61,
            "gross_profit": 1269885,
            "gross_margin": 99.65,
            "gross_margin_4q_avg": 99.53,
            "net_income": 254511,
            "revenue": 1274303,
            "common_shares": 1158710,
            "book_valuer_per_share": 45.65,
            "book_valuer_per_share_4q_avg": 42.35,
            "equity": 5289984,
            "current_ratio": 274.67,
            "debt_ratio": 26.22,
            "inventory_turnover_ratio": 0.91,
            "account_receivable_turnover_ratio": 1.91,
            "reinvestment_rate": null,
            "research_to_sale_ratio": 13.84,
            "price_fair": 188.72,
            "eps_avg_yearly": 9.28,
            "eps_latest_yearly": 8.8,
            "eps_growth_yearly": 10.35
        },
        "20102": {
            "year_quarter": 20102,
            "year": 2010,
            "quarter": 2,
            "eps": 1.66,
            "eps_growth_year": 14.74,
            "eps_4q": 8.05,
            "eps_4q_growth_year": -9.48,
            "roe": 4.05,
            "roe_4q": 20.22,
            "gross_profit": 1172338,
            "gross_margin": 99.68,
            "gross_margin_4q_avg": 99.61,
            "net_income": 205172,
            "revenue": 1176084,
            "common_shares": 1163045,
            "book_valuer_per_share": 41.58,
            "book_valuer_per_share_4q_avg": 42.82,
            "equity": 4836302,
            "current_ratio": 208.8,
            "debt_ratio": 35.22,
            "inventory_turnover_ratio": 0.78,
            "account_receivable_turnover_ratio": 1.85,
            "reinvestment_rate": null,
            "research_to_sale_ratio": 14.81,
            "price_fair": 190.49,
            "eps_avg_yearly": 9.24,
            "eps_latest_yearly": 6.64,
            "eps_growth_yearly": 10.62
        },
        "20103": {
            "year_quarter": 20103,
            "year": 2010,
            "quarter": 3,
            "eps": 1.49,
            "eps_growth_year": -24.46,
            "eps_4q": 8.02,
            "eps_4q_growth_year": 1.34,
            "roe": 3.56,
            "roe_4q": 18.9,
            "gross_profit": 1018712,
            "gross_margin": 99.67,
            "gross_margin_4q_avg": 99.62,
            "net_income": 175139,
            "revenue": 1022071,
            "common_shares": 1176837,
            "book_valuer_per_share": 42.54,
            "book_valuer_per_share_4q_avg": 43.28,
            "equity": 5006689,
            "current_ratio": 220.61,
            "debt_ratio": 33.52,
            "inventory_turnover_ratio": 0.67,
            "account_receivable_turnover_ratio": 2.03,
            "reinvestment_rate": null,
            "research_to_sale_ratio": 15.75,
            "price_fair": 26.8,
            "eps_avg_yearly": 8.93,
            "eps_latest_yearly": 5.96,
            "eps_growth_yearly": -4.72
        },
        "20104": {
            "year_quarter": 20104,
            "year": 2010,
            "quarter": 4,
            "eps": 1.65,
            "eps_growth_year": -38.84,
            "eps_4q": 7.05,
            "eps_4q_growth_year": -9.99,
            "roe": 3.82,
            "roe_4q": 16.37,
            "gross_profit": 1007103,
            "gross_margin": 99.46,
            "gross_margin_4q_avg": 99.62,
            "net_income": 194345,
            "revenue": 1012556,
            "common_shares": 1176837,
            "book_valuer_per_share": 43.88,
            "book_valuer_per_share_4q_avg": 43.41,
            "equity": 5164123,
            "current_ratio": 301.77,
            "debt_ratio": 23.74,
            "inventory_turnover_ratio": 1.03,
            "account_receivable_turnover_ratio": 2.17,
            "reinvestment_rate": 19.98,
            "research_to_sale_ratio": 16.94,
            "price_fair": 112.9,
            "eps_avg_yearly": 8.8,
            "eps_latest_yearly": 6.6,
            "eps_growth_yearly": 2.83
        },
        "20111": {
            "year_quarter": 20111,
            "year": 2011,
            "quarter": 1,
            "eps": 1.65,
            "eps_growth_year": -25,
            "eps_4q": 6.53,
            "eps_4q_growth_year": -20.5,
            "roe": 3.68,
            "roe_4q": 15.11,
            "gross_profit": 1070215,
            "gross_margin": 99.58,
            "gross_margin_4q_avg": 99.6,
            "net_income": 193668,
            "revenue": 1074731,
            "common_shares": 1177398,
            "book_valuer_per_share": 45.65,
            "book_valuer_per_share_4q_avg": 43.41,
            "equity": 5374836,
            "current_ratio": 324.17,
            "debt_ratio": 22.38,
            "inventory_turnover_ratio": 0.79,
            "account_receivable_turnover_ratio": 1.63,
            "reinvestment_rate": 21.33,
            "research_to_sale_ratio": 14.82,
            "price_fair": 86.15,
            "eps_avg_yearly": 8.62,
            "eps_latest_yearly": 6.6,
            "eps_growth_yearly": 0.66
        },
        "20112": {
            "year_quarter": 20112,
            "year": 2011,
            "quarter": 2,
            "eps": 1.24,
            "eps_growth_year": -25.48,
            "eps_4q": 6.02,
            "eps_4q_growth_year": -25.28,
            "roe": 2.9,
            "roe_4q": 13.96,
            "gross_profit": 875628,
            "gross_margin": 99.45,
            "gross_margin_4q_avg": 99.54,
            "net_income": 146175,
            "revenue": 880488,
            "common_shares": 1178987,
            "book_valuer_per_share": 39.84,
            "book_valuer_per_share_4q_avg": 42.98,
            "equity": 4696838,
            "current_ratio": 216.82,
            "debt_ratio": 33.52,
            "inventory_turnover_ratio": 0.78,
            "account_receivable_turnover_ratio": 1.14,
            "reinvestment_rate": 21.76,
            "research_to_sale_ratio": 16.77,
            "price_fair": 24.98,
            "eps_avg_yearly": 8.33,
            "eps_latest_yearly": 4.96,
            "eps_growth_yearly": -5.76
        },
        "20113": {
            "year_quarter": 20113,
            "year": 2011,
            "quarter": 3,
            "eps": 1.42,
            "eps_growth_year": -4.78,
            "eps_4q": 7.08,
            "eps_4q_growth_year": -11.72,
            "roe": 2.86,
            "roe_4q": 13.26,
            "gross_profit": 817994,
            "gross_margin": 99.68,
            "gross_margin_4q_avg": 99.54,
            "net_income": 133707,
            "revenue": 820622,
            "common_shares": 943507,
            "book_valuer_per_share": 49.19,
            "book_valuer_per_share_4q_avg": 44.64,
            "equity": 4641432,
            "current_ratio": 249.85,
            "debt_ratio": 27.78,
            "inventory_turnover_ratio": 0.41,
            "account_receivable_turnover_ratio": 1.57,
            "reinvestment_rate": 33.35,
            "research_to_sale_ratio": 16.72,
            "price_fair": 24.23,
            "eps_avg_yearly": 8.08,
            "eps_latest_yearly": 5.68,
            "eps_growth_yearly": -2.23
        },
        "20114": {
            "year_quarter": 20114,
            "year": 2011,
            "quarter": 4,
            "eps": 2.03,
            "eps_growth_year": 23.22,
            "eps_4q": 7.05,
            "eps_4q_growth_year": 0.12,
            "roe": 4.05,
            "roe_4q": 13.49,
            "gross_profit": 1088547,
            "gross_margin": 99.56,
            "gross_margin_4q_avg": 99.57,
            "net_income": 191995,
            "revenue": 1093360,
            "common_shares": 943507,
            "book_valuer_per_share": 51.3,
            "book_valuer_per_share_4q_avg": 46.5,
            "equity": 4840426,
            "current_ratio": 274.15,
            "debt_ratio": 25.97,
            "inventory_turnover_ratio": 0.67,
            "account_receivable_turnover_ratio": 2.52,
            "reinvestment_rate": 26.54,
            "research_to_sale_ratio": 13.3,
            "price_fair": 94.52,
            "eps_avg_yearly": 7.83,
            "eps_latest_yearly": 8.12,
            "eps_growth_yearly": 2.08
        },
        "20121": {
            "year_quarter": 20121,
            "year": 2012,
            "quarter": 1,
            "eps": 1.87,
            "eps_growth_year": 13.33,
            "eps_4q": 6.87,
            "eps_4q_growth_year": 5.35,
            "roe": 3.6,
            "roe_4q": 13.41,
            "gross_profit": 902438,
            "gross_margin": 99.44,
            "gross_margin_4q_avg": 99.53,
            "net_income": 176771,
            "revenue": 907538,
            "common_shares": 943507,
            "book_valuer_per_share": 52.91,
            "book_valuer_per_share_4q_avg": 48.31,
            "equity": 4991747,
            "current_ratio": 310.47,
            "debt_ratio": 23.02,
            "inventory_turnover_ratio": 0.64,
            "account_receivable_turnover_ratio": 1.86,
            "reinvestment_rate": 19.25,
            "research_to_sale_ratio": 13.52,
            "price_fair": 139.51,
            "eps_avg_yearly": 7.78,
            "eps_latest_yearly": 7.48,
            "eps_growth_yearly": 7.94
        },
        "20122": {
            "year_quarter": 20122,
            "year": 2012,
            "quarter": 2,
            "eps": 1.48,
            "eps_growth_year": 19.36,
            "eps_4q": 6.81,
            "eps_4q_growth_year": 13.11,
            "roe": 2.94,
            "roe_4q": 13.45,
            "gross_profit": 839251,
            "gross_margin": 99.54,
            "gross_margin_4q_avg": 99.56,
            "net_income": 139626,
            "revenue": 843133,
            "common_shares": 943507,
            "book_valuer_per_share": 47.64,
            "book_valuer_per_share_4q_avg": 50.26,
            "equity": 4494520,
            "current_ratio": 220,
            "debt_ratio": 32.97,
            "inventory_turnover_ratio": 0.51,
            "account_receivable_turnover_ratio": 1.98,
            "reinvestment_rate": 10.7,
            "research_to_sale_ratio": 15.43,
            "price_fair": 22.7,
            "eps_avg_yearly": 7.57,
            "eps_latest_yearly": 5.92,
            "eps_growth_yearly": -0.04
        },
        "20123": {
            "year_quarter": 20123,
            "year": 2012,
            "quarter": 3,
            "eps": 1.36,
            "eps_growth_year": -3.93,
            "eps_4q": 6.75,
            "eps_4q_growth_year": -4.65,
            "roe": 2.82,
            "roe_4q": 13.41,
            "gross_profit": 815503,
            "gross_margin": 99.16,
            "gross_margin_4q_avg": 99.43,
            "net_income": 128456,
            "revenue": 822377,
            "common_shares": 943507,
            "book_valuer_per_share": 48.94,
            "book_valuer_per_share_4q_avg": 50.2,
            "equity": 4617914,
            "current_ratio": 281.42,
            "debt_ratio": 25.15,
            "inventory_turnover_ratio": 0.83,
            "account_receivable_turnover_ratio": 1.88,
            "reinvestment_rate": -13.91,
            "research_to_sale_ratio": 15.36,
            "price_fair": 21.56,
            "eps_avg_yearly": 7.19,
            "eps_latest_yearly": 5.44,
            "eps_growth_yearly": -8.34
        },
        "20124": {
            "year_quarter": 20124,
            "year": 2012,
            "quarter": 4,
            "eps": 2.19,
            "eps_growth_year": 7.55,
            "eps_4q": 6.9,
            "eps_4q_growth_year": -2.13,
            "roe": 4.39,
            "roe_4q": 13.749999999999998,
            "gross_profit": 873222,
            "gross_margin": 99.26,
            "gross_margin_4q_avg": 99.35,
            "net_income": 206493,
            "revenue": 879736,
            "common_shares": 943507,
            "book_valuer_per_share": 50.81,
            "book_valuer_per_share_4q_avg": 50.08,
            "equity": 4793938,
            "current_ratio": 307.6,
            "debt_ratio": 23.55,
            "inventory_turnover_ratio": 0.74,
            "account_receivable_turnover_ratio": 2.07,
            "reinvestment_rate": -14.21,
            "research_to_sale_ratio": 14.9,
            "price_fair": 129.68,
            "eps_avg_yearly": 7.05,
            "eps_latest_yearly": 8.76,
            "eps_growth_yearly": 8.39
        },
        "20131": {
            "year_quarter": 20131,
            "year": 2013,
            "quarter": 1,
            "eps": 2.1,
            "eps_growth_year": 12.3,
            "eps_4q": 7.13,
            "eps_4q_growth_year": 3.69,
            "roe": 4.06,
            "roe_4q": 14.209999999999999,
            "gross_profit": 532766,
            "gross_margin": 84.04,
            "gross_margin_4q_avg": 95.5,
            "net_income": 198004,
            "revenue": 633951,
            "common_shares": 943507,
            "book_valuer_per_share": 52.56,
            "book_valuer_per_share_4q_avg": 49.99,
            "equity": 4958713,
            "current_ratio": 409.78,
            "debt_ratio": 22.59,
            "inventory_turnover_ratio": 13.13,
            "account_receivable_turnover_ratio": 1.71,
            "reinvestment_rate": 3.1,
            "research_to_sale_ratio": 21.82,
            "price_fair": 180.42,
            "eps_avg_yearly": 7.12,
            "eps_latest_yearly": 8.4,
            "eps_growth_yearly": 15.36
        },
        "20132": {
            "year_quarter": 20132,
            "year": 2013,
            "quarter": 2,
            "eps": 1.63,
            "eps_growth_year": 10.15,
            "eps_4q": 7.28,
            "eps_4q_growth_year": 7.02,
            "roe": 3.28,
            "roe_4q": 14.55,
            "gross_profit": 513665,
            "gross_margin": 81.77,
            "gross_margin_4q_avg": 91.06,
            "net_income": 154246,
            "revenue": 628183,
            "common_shares": 943507,
            "book_valuer_per_share": 47.22,
            "book_valuer_per_share_4q_avg": 49.88,
            "equity": 4455575,
            "current_ratio": 263.87,
            "debt_ratio": 32.77,
            "inventory_turnover_ratio": 15.76,
            "account_receivable_turnover_ratio": 1.67,
            "reinvestment_rate": 3.18,
            "research_to_sale_ratio": 21.74,
            "price_fair": 180.2,
            "eps_avg_yearly": 7.16,
            "eps_latest_yearly": 6.52,
            "eps_growth_yearly": 15.17
        },
        "20133": {
            "year_quarter": 20133,
            "year": 2013,
            "quarter": 3,
            "eps": 1.64,
            "eps_growth_year": 20.46,
            "eps_4q": 7.22,
            "eps_4q_growth_year": 6.91,
            "roe": 3.61,
            "roe_4q": 15.34,
            "gross_profit": 542238,
            "gross_margin": 82.4,
            "gross_margin_4q_avg": 86.87,
            "net_income": 163608,
            "revenue": 658094,
            "common_shares": 1000984,
            "book_valuer_per_share": 46.11,
            "book_valuer_per_share_4q_avg": 49.18,
            "equity": 4615060,
            "current_ratio": 374.12,
            "debt_ratio": 25.27,
            "inventory_turnover_ratio": 12.51,
            "account_receivable_turnover_ratio": 1.96,
            "reinvestment_rate": 2.18,
            "research_to_sale_ratio": 20.14,
            "price_fair": 115.76,
            "eps_avg_yearly": 7.08,
            "eps_latest_yearly": 6.56,
            "eps_growth_yearly": 6.36
        },
        "20134": {
            "year_quarter": 20134,
            "year": 2013,
            "quarter": 4,
            "eps": 1.92,
            "eps_growth_year": -12.35,
            "eps_4q": 7.07,
            "eps_4q_growth_year": 2.4,
            "roe": 4.07,
            "roe_4q": 15.02,
            "gross_profit": 578309,
            "gross_margin": 87.63,
            "gross_margin_4q_avg": 83.96,
            "net_income": 192092,
            "revenue": 659968,
            "common_shares": 1001429,
            "book_valuer_per_share": 48.09,
            "book_valuer_per_share_4q_avg": 48.5,
            "equity": 4815598,
            "current_ratio": 401.33,
            "debt_ratio": 24.23,
            "inventory_turnover_ratio": 8.22,
            "account_receivable_turnover_ratio": 2.45,
            "reinvestment_rate": -22.59,
            "research_to_sale_ratio": 20.7,
            "price_fair": 78.18,
            "eps_avg_yearly": 6.88,
            "eps_latest_yearly": 7.68,
            "eps_growth_yearly": 1.36
        },
        "20141": {
            "year_quarter": 20141,
            "year": 2014,
            "quarter": 1,
            "eps": 1.72,
            "eps_growth_year": -18.1,
            "eps_4q": 6.81,
            "eps_4q_growth_year": -4.45,
            "roe": 3.51,
            "roe_4q": 14.469999999999999,
            "gross_profit": 462911,
            "gross_margin": 84.85,
            "gross_margin_4q_avg": 84.16,
            "net_income": 172190,
            "revenue": 545557,
            "common_shares": 1001471,
            "book_valuer_per_share": 50.01,
            "book_valuer_per_share_4q_avg": 47.86,
            "equity": 5008394,
            "current_ratio": 455.14,
            "debt_ratio": 22.38,
            "inventory_turnover_ratio": 9.79,
            "account_receivable_turnover_ratio": 2.3,
            "reinvestment_rate": -25.38,
            "research_to_sale_ratio": 24.87,
            "price_fair": 90.52,
            "eps_avg_yearly": 6.76,
            "eps_latest_yearly": 6.88,
            "eps_growth_yearly": 3.39
        },
        "20142": {
            "year_quarter": 20142,
            "year": 2014,
            "quarter": 2,
            "eps": 1.32,
            "eps_growth_year": -19.02,
            "eps_4q": 6.59,
            "eps_4q_growth_year": -9.51,
            "roe": 2.8,
            "roe_4q": 13.989999999999998,
            "gross_profit": 494218,
            "gross_margin": 86.58,
            "gross_margin_4q_avg": 85.37,
            "net_income": 132181,
            "revenue": 570798,
            "common_shares": 1001557,
            "book_valuer_per_share": 44.21,
            "book_valuer_per_share_4q_avg": 47.11,
            "equity": 4427455,
            "current_ratio": 284.41,
            "debt_ratio": 31.97,
            "inventory_turnover_ratio": 9.31,
            "account_receivable_turnover_ratio": 3.21,
            "reinvestment_rate": -27.45,
            "research_to_sale_ratio": 20.32,
            "price_fair": 91.53,
            "eps_avg_yearly": 6.68,
            "eps_latest_yearly": 5.28,
            "eps_growth_yearly": 3.71
        },
        "20143": {
            "year_quarter": 20143,
            "year": 2014,
            "quarter": 3,
            "eps": 1.83,
            "eps_growth_year": 11.59,
            "eps_4q": 6.79,
            "eps_4q_growth_year": -5.91,
            "roe": 4.06,
            "roe_4q": 14.44,
            "gross_profit": 462119,
            "gross_margin": 85.69,
            "gross_margin_4q_avg": 86.19,
            "net_income": 183694,
            "revenue": 539304,
            "common_shares": 1001705,
            "book_valuer_per_share": 46.03,
            "book_valuer_per_share_4q_avg": 47.09,
            "equity": 4611055,
            "current_ratio": 437.6,
            "debt_ratio": 23.4,
            "inventory_turnover_ratio": 8.51,
            "account_receivable_turnover_ratio": 3.87,
            "reinvestment_rate": -26.96,
            "research_to_sale_ratio": 22.95,
            "price_fair": 175.33,
            "eps_avg_yearly": 6.76,
            "eps_latest_yearly": 7.32,
            "eps_growth_yearly": 15.93
        },
        "20144": {
            "year_quarter": 20144,
            "year": 2014,
            "quarter": 4,
            "eps": 2.18,
            "eps_growth_year": 13.88,
            "eps_4q": 7.05,
            "eps_4q_growth_year": -0.21,
            "roe": 4.63,
            "roe_4q": 14.999999999999998,
            "gross_profit": 492949,
            "gross_margin": 86.96,
            "gross_margin_4q_avg": 86.02,
            "net_income": 218912,
            "revenue": 566890,
            "common_shares": 1002192,
            "book_valuer_per_share": 48.3,
            "book_valuer_per_share_4q_avg": 47.14,
            "equity": 4840569,
            "current_ratio": 417.43,
            "debt_ratio": 24.35,
            "inventory_turnover_ratio": 8.53,
            "account_receivable_turnover_ratio": 3.74,
            "reinvestment_rate": -20.79,
            "research_to_sale_ratio": 22.14,
            "price_fair": 193.22,
            "eps_avg_yearly": 6.9,
            "eps_latest_yearly": 8.72,
            "eps_growth_yearly": 18.02
        },
        "20151": {
            "year_quarter": 20151,
            "year": 2015,
            "quarter": 1,
            "eps": 1.07,
            "eps_growth_year": -37.79,
            "eps_4q": 6.41,
            "eps_4q_growth_year": -5.92,
            "roe": 2.2,
            "roe_4q": 13.690000000000001,
            "gross_profit": 415500,
            "gross_margin": 85.63,
            "gross_margin_4q_avg": 86.22,
            "net_income": 107669,
            "revenue": 485208,
            "common_shares": 1002533,
            "book_valuer_per_share": 49.22,
            "book_valuer_per_share_4q_avg": 46.94,
            "equity": 4934100,
            "current_ratio": 451.02,
            "debt_ratio": 23.06,
            "inventory_turnover_ratio": 10.12,
            "account_receivable_turnover_ratio": 3.16,
            "reinvestment_rate": -22.93,
            "research_to_sale_ratio": 23.59,
            "price_fair": 103.24,
            "eps_avg_yearly": 6.75,
            "eps_latest_yearly": 4.28,
            "eps_growth_yearly": 5.29
        },
        "20152": {
            "year_quarter": 20152,
            "year": 2015,
            "quarter": 2,
            "eps": 1.25,
            "eps_growth_year": -5.3,
            "eps_4q": 6.33,
            "eps_4q_growth_year": -4,
            "roe": 2.71,
            "roe_4q": 13.599999999999998,
            "gross_profit": 398123,
            "gross_margin": 86.08,
            "gross_margin_4q_avg": 86.09,
            "net_income": 125805,
            "revenue": 462523,
            "common_shares": 1005361,
            "book_valuer_per_share": 43.28,
            "book_valuer_per_share_4q_avg": 46.71,
            "equity": 4351019,
            "current_ratio": 254.62,
            "debt_ratio": 32.78,
            "inventory_turnover_ratio": 10.76,
            "account_receivable_turnover_ratio": 4.36,
            "reinvestment_rate": -6.69,
            "research_to_sale_ratio": 22.27,
            "price_fair": 173.62,
            "eps_avg_yearly": 6.75,
            "eps_latest_yearly": 5,
            "eps_growth_yearly": 15.71
        },
        "20153": {
            "year_quarter": 20153,
            "year": 2015,
            "quarter": 3,
            "eps": 1.66,
            "eps_growth_year": -9.29,
            "eps_4q": 6.29,
            "eps_4q_growth_year": -7.43,
            "roe": 3.77,
            "roe_4q": 13.309999999999999,
            "gross_profit": 373267,
            "gross_margin": 81.51,
            "gross_margin_4q_avg": 85.05,
            "net_income": 165526,
            "revenue": 457954,
            "common_shares": 1011134,
            "book_valuer_per_share": 46.5,
            "book_valuer_per_share_4q_avg": 46.83,
            "equity": 4440650,
            "current_ratio": 361.89,
            "debt_ratio": 25.71,
            "inventory_turnover_ratio": 12.47,
            "account_receivable_turnover_ratio": 5.22,
            "reinvestment_rate": -11.42,
            "research_to_sale_ratio": 20.89,
            "price_fair": 206.3,
            "eps_avg_yearly": 6.81,
            "eps_latest_yearly": 6.64,
            "eps_growth_yearly": 20.28
        },
        "20154": {
            "year_quarter": 20154,
            "year": 2015,
            "quarter": 4,
            "eps": 1.63,
            "eps_growth_year": -25.44,
            "eps_4q": 5.75,
            "eps_4q_growth_year": -18.48,
            "roe": 3.51,
            "roe_4q": 12.189999999999998,
            "gross_profit": 498075,
            "gross_margin": 87.27,
            "gross_margin_4q_avg": 85.12,
            "net_income": 157640,
            "revenue": 570726,
            "common_shares": 967950,
            "book_valuer_per_share": 47.02,
            "book_valuer_per_share_4q_avg": 46.51,
            "equity": 4551077,
            "current_ratio": 372.77,
            "debt_ratio": 25.1,
            "inventory_turnover_ratio": 9.53,
            "account_receivable_turnover_ratio": 4.72,
            "reinvestment_rate": -13.43,
            "research_to_sale_ratio": 16.22,
            "price_fair": 128.15,
            "eps_avg_yearly": 6.71,
            "eps_latest_yearly": 6.52,
            "eps_growth_yearly": 9.09
        },
        "20161": {
            "year_quarter": 20161,
            "year": 2016,
            "quarter": 1,
            "eps": 0.93,
            "eps_growth_year": -13.08,
            "eps_4q": 5.57,
            "eps_4q_growth_year": -13.04,
            "roe": 1.97,
            "roe_4q": 11.96,
            "gross_profit": 438660,
            "gross_margin": 86.5,
            "gross_margin_4q_avg": 85.34,
            "net_income": 90439,
            "revenue": 507115,
            "common_shares": 967950,
            "book_valuer_per_share": 47.97,
            "book_valuer_per_share_4q_avg": 46.19,
            "equity": 4643345,
            "current_ratio": 411.7,
            "debt_ratio": 23.68,
            "inventory_turnover_ratio": 9.01,
            "account_receivable_turnover_ratio": 3.94,
            "reinvestment_rate": -16.48,
            "research_to_sale_ratio": 16.65,
            "price_fair": 64.78,
            "eps_avg_yearly": 6.48,
            "eps_latest_yearly": 3.72,
            "eps_growth_yearly": 0.33
        },
        "20162": {
            "year_quarter": 20162,
            "year": 2016,
            "quarter": 2,
            "eps": 0.65,
            "eps_growth_year": -48,
            "eps_4q": 4.92,
            "eps_4q_growth_year": -22.22,
            "roe": 1.4,
            "roe_4q": 10.65,
            "gross_profit": 396576,
            "gross_margin": 85.47,
            "gross_margin_4q_avg": 85.19,
            "net_income": 62993,
            "revenue": 463972,
            "common_shares": 968547,
            "book_valuer_per_share": 45.09,
            "book_valuer_per_share_4q_avg": 46.65,
            "equity": 4367592,
            "current_ratio": 310.25,
            "debt_ratio": 29.2,
            "inventory_turnover_ratio": 9.83,
            "account_receivable_turnover_ratio": 4.83,
            "reinvestment_rate": -19.35,
            "research_to_sale_ratio": 18.13,
            "price_fair": 18.81,
            "eps_avg_yearly": 6.27,
            "eps_latest_yearly": 2.6,
            "eps_growth_yearly": -1.99
        },
        "20163": {
            "year_quarter": 20163,
            "year": 2016,
            "quarter": 3,
            "eps": 0.33,
            "eps_growth_year": -80.12,
            "eps_4q": 3.54,
            "eps_4q_growth_year": -43.69,
            "roe": 0.73,
            "roe_4q": 7.609999999999999,
            "gross_profit": 350897,
            "gross_margin": 87.69,
            "gross_margin_4q_avg": 86.73,
            "net_income": 31839,
            "revenue": 400166,
            "common_shares": 968860,
            "book_valuer_per_share": 45.25,
            "book_valuer_per_share_4q_avg": 46.33,
            "equity": 4384020,
            "current_ratio": 447.58,
            "debt_ratio": 23.03,
            "inventory_turnover_ratio": 7.29,
            "account_receivable_turnover_ratio": 5.09,
            "reinvestment_rate": -23.44,
            "research_to_sale_ratio": 19.58,
            "price_fair": 18.04,
            "eps_avg_yearly": 6.01,
            "eps_latest_yearly": 1.32,
            "eps_growth_yearly": -12.27
        },
        "20164": {
            "year_quarter": 20164,
            "year": 2016,
            "quarter": 4,
            "eps": 1.28,
            "eps_growth_year": -21.36,
            "eps_4q": 3.29,
            "eps_4q_growth_year": -42.83,
            "roe": 2.76,
            "roe_4q": 6.859999999999999,
            "gross_profit": 454623,
            "gross_margin": 86.65,
            "gross_margin_4q_avg": 86.58,
            "net_income": 118225,
            "revenue": 524688,
            "common_shares": 968945,
            "book_valuer_per_share": 47.83,
            "book_valuer_per_share_4q_avg": 46.54,
            "equity": 4196334,
            "current_ratio": 394.26,
            "debt_ratio": 25.63,
            "inventory_turnover_ratio": 10.58,
            "account_receivable_turnover_ratio": 5.97,
            "reinvestment_rate": -27.21,
            "research_to_sale_ratio": 19.17,
            "price_fair": 202.48,
            "eps_avg_yearly": 5.79,
            "eps_latest_yearly": 5.12,
            "eps_growth_yearly": 44.44
        },
        "20171": {
            "year_quarter": 20171,
            "year": 2017,
            "quarter": 1,
            "eps": 0.39,
            "eps_growth_year": -58.06,
            "eps_4q": 2.7,
            "eps_4q_growth_year": -51.55,
            "roe": 0.87,
            "roe_4q": 5.76,
            "gross_profit": 387037,
            "gross_margin": 87.11,
            "gross_margin_4q_avg": 86.73,
            "net_income": 36293,
            "revenue": 444291,
            "common_shares": 923590,
            "book_valuer_per_share": 45.16,
            "book_valuer_per_share_4q_avg": 45.83,
            "equity": 4170793,
            "current_ratio": 433.69,
            "debt_ratio": 24.16,
            "inventory_turnover_ratio": 9.9,
            "account_receivable_turnover_ratio": 5.93,
            "reinvestment_rate": 9.68,
            "research_to_sale_ratio": 20.07,
            "price_fair": 187.51,
            "eps_avg_yearly": 5.36,
            "eps_latest_yearly": 1.56,
            "eps_growth_yearly": 28.09
        },
        "20172": {
            "year_quarter": 20172,
            "year": 2017,
            "quarter": 2,
            "eps": 0.77,
            "eps_growth_year": 18.46,
            "eps_4q": 2.93,
            "eps_4q_growth_year": -40.37,
            "roe": 1.74,
            "roe_4q": 6.1,
            "gross_profit": 384799,
            "gross_margin": 87.06,
            "gross_margin_4q_avg": 87.13,
            "net_income": 68659,
            "revenue": 442015,
            "common_shares": 923900,
            "book_valuer_per_share": 45.84,
            "book_valuer_per_share_4q_avg": 46.02,
            "equity": 3732193,
            "current_ratio": 332.82,
            "debt_ratio": 28.38,
            "inventory_turnover_ratio": 9.48,
            "account_receivable_turnover_ratio": 5.81,
            "reinvestment_rate": 13.37,
            "research_to_sale_ratio": 18.31,
            "price_fair": 179.99,
            "eps_avg_yearly": 5.14,
            "eps_latest_yearly": 3.08,
            "eps_growth_yearly": 58.04
        },
        "20173": {
            "year_quarter": 20173,
            "year": 2017,
            "quarter": 3,
            "eps": 0.75,
            "eps_growth_year": 127.27,
            "eps_4q": 3.31,
            "eps_4q_growth_year": -6.37,
            "roe": 1.73,
            "roe_4q": 7.1,
            "gross_profit": 329828,
            "gross_margin": 88.54,
            "gross_margin_4q_avg": 87.34,
            "net_income": 65243,
            "revenue": 372526,
            "common_shares": 870302,
            "book_valuer_per_share": 43.7,
            "book_valuer_per_share_4q_avg": 45.63,
            "equity": 3803213,
            "current_ratio": 405.04,
            "debt_ratio": 25.31,
            "inventory_turnover_ratio": 5.59,
            "account_receivable_turnover_ratio": 4.91,
            "reinvestment_rate": 10.38,
            "research_to_sale_ratio": 22.87,
            "price_fair": 172.2,
            "eps_avg_yearly": 4.92,
            "eps_latest_yearly": 3,
            "eps_growth_yearly": 57.24
        },
        "20174": {
            "year_quarter": 20174,
            "year": 2017,
            "quarter": 4,
            "eps": 0.82,
            "eps_growth_year": -35.89,
            "eps_4q": 2.78,
            "eps_4q_growth_year": -15.46,
            "roe": 1.87,
            "roe_4q": 6.21,
            "gross_profit": 404021,
            "gross_margin": 90.72,
            "gross_margin_4q_avg": 88.36,
            "net_income": 71362,
            "revenue": 445346,
            "common_shares": 871307,
            "book_valuer_per_share": 44.31,
            "book_valuer_per_share_4q_avg": 44.75,
            "equity": 3841556,
            "current_ratio": 384.65,
            "debt_ratio": 25.2,
            "inventory_turnover_ratio": 5.1,
            "account_receivable_turnover_ratio": 8.29,
            "reinvestment_rate": 22.27,
            "research_to_sale_ratio": 21.4,
            "price_fair": 162.58,
            "eps_avg_yearly": 4.65,
            "eps_latest_yearly": 3.28,
            "eps_growth_yearly": 55.31
        },
        "20181": {
            "year_quarter": 20181,
            "year": 2018,
            "quarter": 1,
            "eps": 0.46,
            "eps_growth_year": 17.95,
            "eps_4q": 2.89,
            "eps_4q_growth_year": 7.15,
            "roe": 1.04,
            "roe_4q": 6.380000000000001,
            "gross_profit": 337097,
            "gross_margin": 88.64,
            "gross_margin_4q_avg": 88.74,
            "net_income": 39257,
            "revenue": 380315,
            "common_shares": 845237,
            "book_valuer_per_share": 43.82,
            "book_valuer_per_share_4q_avg": 44.42,
            "equity": 3704146,
            "current_ratio": 377.97,
            "debt_ratio": 25.84,
            "inventory_turnover_ratio": 6.04,
            "account_receivable_turnover_ratio": 4.87,
            "reinvestment_rate": 20.17,
            "research_to_sale_ratio": 22.88,
            "price_fair": 151.55,
            "eps_avg_yearly": 4.33,
            "eps_latest_yearly": 1.84,
            "eps_growth_yearly": 46.93
        },
        "20182": {
            "year_quarter": 20182,
            "year": 2018,
            "quarter": 2,
            "eps": 1.67,
            "eps_growth_year": 116.88,
            "eps_4q": 3.74,
            "eps_4q_growth_year": 27.57,
            "roe": 3.79,
            "roe_4q": 8.43,
            "gross_profit": 370007,
            "gross_margin": 88,
            "gross_margin_4q_avg": 88.98,
            "net_income": 141229,
            "revenue": 420479,
            "common_shares": 847041,
            "book_valuer_per_share": 44.19,
            "book_valuer_per_share_4q_avg": 44.01,
            "equity": 3742834,
            "current_ratio": 347.5,
            "debt_ratio": 28.04,
            "inventory_turnover_ratio": 6.85,
            "account_receivable_turnover_ratio": 4.14,
            "reinvestment_rate": 19.22,
            "research_to_sale_ratio": 19.78,
            "price_fair": 154.61,
            "eps_avg_yearly": 4.42,
            "eps_latest_yearly": 6.68,
            "eps_growth_yearly": 118.51
        },
        "20183": {
            "year_quarter": 20183,
            "year": 2018,
            "quarter": 3,
            "eps": 0.8,
            "eps_growth_year": 6.67,
            "eps_4q": 3.77,
            "eps_4q_growth_year": 13.83,
            "roe": 1.8,
            "roe_4q": 8.5,
            "gross_profit": 319322,
            "gross_margin": 87.26,
            "gross_margin_4q_avg": 88.66,
            "net_income": 68111,
            "revenue": 365925,
            "common_shares": 848158,
            "book_valuer_per_share": 44.97,
            "book_valuer_per_share_4q_avg": 44.32,
            "equity": 3814028,
            "current_ratio": 391.05,
            "debt_ratio": 25.34,
            "inventory_turnover_ratio": 6.15,
            "account_receivable_turnover_ratio": 3.7,
            "reinvestment_rate": 28.74,
            "research_to_sale_ratio": 23.3,
            "price_fair": 145.6,
            "eps_avg_yearly": 4.16,
            "eps_latest_yearly": 3.2,
            "eps_growth_yearly": 95.83
        },
        "20184": {
            "year_quarter": 20184,
            "year": 2018,
            "quarter": 4,
            "eps": 0.96,
            "eps_growth_year": 16.48,
            "eps_4q": 3.92,
            "eps_4q_growth_year": 41.03,
            "roe": 2.1,
            "roe_4q": 8.73,
            "gross_profit": 358821,
            "gross_margin": 88.14,
            "gross_margin_4q_avg": 88.01,
            "net_income": 80232,
            "revenue": 407098,
            "common_shares": 849321,
            "book_valuer_per_share": 45.78,
            "book_valuer_per_share_4q_avg": 44.69,
            "equity": 3840520,
            "current_ratio": 380.19,
            "debt_ratio": 26.05,
            "inventory_turnover_ratio": 6.44,
            "account_receivable_turnover_ratio": 3.65,
            "reinvestment_rate": 20.11,
            "research_to_sale_ratio": 22.04,
            "price_fair": 134.93,
            "eps_avg_yearly": 3.86,
            "eps_latest_yearly": 3.84,
            "eps_growth_yearly": 96.04
        },
        "20191": {
            "year_quarter": 20191,
            "year": 2019,
            "quarter": 1,
            "eps": 0.7,
            "eps_growth_year": 52.17,
            "eps_4q": 4.17,
            "eps_4q_growth_year": 44.06,
            "roe": 1.52,
            "roe_4q": 9.21,
            "gross_profit": 293741,
            "gross_margin": 89.74,
            "gross_margin_4q_avg": 88.29,
            "net_income": 58783,
            "revenue": 327333,
            "common_shares": 835852,
            "book_valuer_per_share": 46.43,
            "book_valuer_per_share_4q_avg": 45.34,
            "equity": 3881158,
            "current_ratio": 400.63,
            "debt_ratio": 25.47,
            "inventory_turnover_ratio": 4.85,
            "account_receivable_turnover_ratio": 2.94,
            "reinvestment_rate": 21.63,
            "research_to_sale_ratio": 26.94,
            "price_fair": 131.69,
            "eps_avg_yearly": 3.76,
            "eps_latest_yearly": 2.8,
            "eps_growth_yearly": 102
        },
        "20192": {
            "year_quarter": 20192,
            "year": 2019,
            "quarter": 2,
            "eps": 1.04,
            "eps_growth_year": -37.72,
            "eps_4q": 3.51,
            "eps_4q_growth_year": -6.18,
            "roe": 2.28,
            "roe_4q": 7.7,
            "gross_profit": 304283,
            "gross_margin": 87.18,
            "gross_margin_4q_avg": 88.08,
            "net_income": 86889,
            "revenue": 349019,
            "common_shares": 837093,
            "book_valuer_per_share": 44.7,
            "book_valuer_per_share_4q_avg": 45.47,
            "equity": 3741628,
            "current_ratio": 332.51,
            "debt_ratio": 29.35,
            "inventory_turnover_ratio": 6.31,
            "account_receivable_turnover_ratio": 4.4,
            "reinvestment_rate": -10.4,
            "research_to_sale_ratio": 24.64,
            "price_fair": 129.85,
            "eps_avg_yearly": 3.71,
            "eps_latest_yearly": 4.16,
            "eps_growth_yearly": 109.94
        },
        "20193": {
            "year_quarter": 20193,
            "year": 2019,
            "quarter": 3,
            "eps": 1.69,
            "eps_growth_year": 111.25,
            "eps_4q": 4.37,
            "eps_4q_growth_year": 15.86,
            "roe": 3.61,
            "roe_4q": 9.51,
            "gross_profit": 320931,
            "gross_margin": 85.16,
            "gross_margin_4q_avg": 87.56,
            "net_income": 142130,
            "revenue": 376859,
            "common_shares": 842041,
            "book_valuer_per_share": 49.01,
            "book_valuer_per_share_4q_avg": 46.48,
            "equity": 4126722,
            "current_ratio": 405.62,
            "debt_ratio": 24.74,
            "inventory_turnover_ratio": 6.37,
            "account_receivable_turnover_ratio": 4.92,
            "reinvestment_rate": 18.66,
            "research_to_sale_ratio": 24.01,
            "price_fair": 130.11,
            "eps_avg_yearly": 3.72,
            "eps_latest_yearly": 6.76,
            "eps_growth_yearly": 117.37
        },
        "20194": {
            "year_quarter": 20194,
            "year": 2019,
            "quarter": 4,
            "eps": 1.09,
            "eps_growth_year": 13.89,
            "eps_4q": 4.49,
            "eps_4q_growth_year": 14.58,
            "roe": 2.22,
            "roe_4q": 9.629999999999999,
            "gross_profit": 347720,
            "gross_margin": 86.62,
            "gross_margin_4q_avg": 87.18,
            "net_income": 92143,
            "revenue": 401435,
            "common_shares": 845992,
            "book_valuer_per_share": 49.42,
            "book_valuer_per_share_4q_avg": 47.39,
            "equity": 4180587,
            "current_ratio": 421.14,
            "debt_ratio": 23.92,
            "inventory_turnover_ratio": 6.19,
            "account_receivable_turnover_ratio": 4.12,
            "reinvestment_rate": 21.76,
            "research_to_sale_ratio": 26.21,
            "price_fair": 125.39,
            "eps_avg_yearly": 3.58,
            "eps_latest_yearly": 4.36,
            "eps_growth_yearly": 108.94
        },
        "20201": {
            "year_quarter": 20201,
            "year": 2020,
            "quarter": 1,
            "eps": 0.91,
            "eps_growth_year": 30,
            "eps_4q": 4.72,
            "eps_4q_growth_year": 13.31,
            "roe": 1.83,
            "roe_4q": 9.94,
            "gross_profit": 314739,
            "gross_margin": 88.22,
            "gross_margin_4q_avg": 86.8,
            "net_income": 76787,
            "revenue": 356754,
            "common_shares": 848790,
            "book_valuer_per_share": 50.12,
            "book_valuer_per_share_4q_avg": 48.31,
            "equity": 4223544,
            "current_ratio": 449.24,
            "debt_ratio": 23.25,
            "inventory_turnover_ratio": 5.88,
            "account_receivable_turnover_ratio": 3.51,
            "reinvestment_rate": 30.88,
            "research_to_sale_ratio": 26.74,
            "price_fair": 125.21,
            "eps_avg_yearly": 3.58,
            "eps_latest_yearly": 3.64,
            "eps_growth_yearly": 115.55
        },
        "20202": {
            "year_quarter": 20202,
            "year": 2020,
            "quarter": 2,
            "eps": 0.59,
            "eps_growth_year": -43.27,
            "eps_4q": 4.31,
            "eps_4q_growth_year": 22.57,
            "roe": 1.22,
            "roe_4q": 8.879999999999999,
            "gross_profit": 368354,
            "gross_margin": 88.78,
            "gross_margin_4q_avg": 87.2,
            "net_income": 49366,
            "revenue": 414887,
            "common_shares": 849230,
            "book_valuer_per_share": 46.33,
            "book_valuer_per_share_4q_avg": 48.72,
            "equity": 3878775,
            "current_ratio": 294.41,
            "debt_ratio": 29.47,
            "inventory_turnover_ratio": 6.52,
            "account_receivable_turnover_ratio": 4.51,
            "reinvestment_rate": 35.15,
            "research_to_sale_ratio": 24.77,
            "price_fair": 124.69,
            "eps_avg_yearly": 3.56,
            "eps_latest_yearly": 2.36,
            "eps_growth_yearly": 114.29
        },
        "20203": {
            "year_quarter": 20203,
            "year": 2020,
            "quarter": 3,
            "eps": 0.63,
            "eps_growth_year": -62.72,
            "eps_4q": 3.28,
            "eps_4q_growth_year": -25,
            "roe": 1.36,
            "roe_4q": 6.630000000000001,
            "gross_profit": 376072,
            "gross_margin": 87.02,
            "gross_margin_4q_avg": 87.66,
            "net_income": 52039,
            "revenue": 432148,
            "common_shares": 839653,
            "book_valuer_per_share": 45.47,
            "book_valuer_per_share_4q_avg": 47.84,
            "equity": 3749790,
            "current_ratio": 361.3,
            "debt_ratio": 25.98,
            "inventory_turnover_ratio": 6.84,
            "account_receivable_turnover_ratio": 5.24,
            "reinvestment_rate": 39.37,
            "research_to_sale_ratio": 25.19,
            "price_fair": 127.31,
            "eps_avg_yearly": 3.64,
            "eps_latest_yearly": 2.52,
            "eps_growth_yearly": 128.29
        },
        "20204": {
            "year_quarter": 20204,
            "year": 2020,
            "quarter": 4,
            "eps": 0.13,
            "eps_growth_year": -88.34,
            "eps_4q": 2.34,
            "eps_4q_growth_year": -47.9,
            "roe": 0.27,
            "roe_4q": 4.68,
            "gross_profit": 395692,
            "gross_margin": 90.57,
            "gross_margin_4q_avg": 88.65,
            "net_income": 10229,
            "revenue": 436873,
            "common_shares": 826003,
            "book_valuer_per_share": 47.39,
            "book_valuer_per_share_4q_avg": 47.33,
            "equity": 3816156,
            "current_ratio": 317.78,
            "debt_ratio": 25.65,
            "inventory_turnover_ratio": 5.28,
            "account_receivable_turnover_ratio": 4.95,
            "reinvestment_rate": 81.87,
            "research_to_sale_ratio": 27.64,
            "price_fair": 117.25,
            "eps_avg_yearly": 3.35,
            "eps_latest_yearly": 0.52,
            "eps_growth_yearly": 36.48
        },
        "20211": {
            "year_quarter": 20211,
            "year": 2021,
            "quarter": 1,
            "eps": 0.38,
            "eps_growth_year": -58.24,
            "eps_4q": 1.8,
            "eps_4q_growth_year": -61.94,
            "roe": 0.8,
            "roe_4q": 3.6500000000000004,
            "gross_profit": 336541,
            "gross_margin": 89.41,
            "gross_margin_4q_avg": 88.95,
            "net_income": 29821,
            "revenue": 376391,
            "common_shares": 806983,
            "book_valuer_per_share": 46.12,
            "book_valuer_per_share_4q_avg": 46.33,
            "equity": 3629585,
            "current_ratio": 307.84,
            "debt_ratio": 25.86,
            "inventory_turnover_ratio": 5.91,
            "account_receivable_turnover_ratio": 4.42,
            "reinvestment_rate": 82.18,
            "research_to_sale_ratio": 28.6,
            "price_fair": 117.16,
            "eps_avg_yearly": 3.35,
            "eps_latest_yearly": 1.52,
            "eps_growth_yearly": 101.94
        },
        "20212": {
            "year_quarter": 20212,
            "year": 2021,
            "quarter": 2,
            "eps": 0.75,
            "eps_growth_year": 27.12,
            "eps_4q": 1.92,
            "eps_4q_growth_year": -55.47,
            "roe": 1.62,
            "roe_4q": 4.05,
            "gross_profit": 378420,
            "gross_margin": 89.79,
            "gross_margin_4q_avg": 89.2,
            "net_income": 59051,
            "revenue": 421452,
            "common_shares": 788433,
            "book_valuer_per_share": 46.39,
            "book_valuer_per_share_4q_avg": 46.34,
            "equity": 3657742,
            "current_ratio": 312.21,
            "debt_ratio": 25.63,
            "inventory_turnover_ratio": 6.38,
            "account_receivable_turnover_ratio": 6.47,
            "reinvestment_rate": 75.13,
            "research_to_sale_ratio": 28.93,
            "price_fair": 116.99,
            "eps_avg_yearly": 3.34,
            "eps_latest_yearly": 3,
            "eps_growth_yearly": 101.92
        },
        "20213": {
            "year_quarter": 20213,
            "year": 2021,
            "quarter": 3,
            "eps": 0.73,
            "eps_growth_year": 15.87,
            "eps_4q": 2.02,
            "eps_4q_growth_year": -38.26,
            "roe": 1.61,
            "roe_4q": 4.300000000000001,
            "gross_profit": 334244,
            "gross_margin": 90.16,
            "gross_margin_4q_avg": 89.98,
            "net_income": 56863,
            "revenue": 370706,
            "common_shares": 790533,
            "book_valuer_per_share": 44.03,
            "book_valuer_per_share_4q_avg": 45.98,
            "equity": 3392640,
            "current_ratio": 276.56,
            "debt_ratio": 27.01,
            "inventory_turnover_ratio": 4.9,
            "account_receivable_turnover_ratio": 5.81,
            "reinvestment_rate": 79.35,
            "research_to_sale_ratio": 29.92,
            "price_fair": 116.81,
            "eps_avg_yearly": 3.34,
            "eps_latest_yearly": 2.92,
            "eps_growth_yearly": 101.9
        },
        "20214": {
            "year_quarter": 20214,
            "year": 2021,
            "quarter": 4,
            "eps": -9.16,
            "eps_growth_year": -7311.13,
            "eps_4q": -7.28,
            "eps_4q_growth_year": -410.95,
            "roe": -23.23,
            "roe_4q": -19.2,
            "gross_profit": 272568,
            "gross_margin": 66.72,
            "gross_margin_4q_avg": 84.02,
            "net_income": -708501,
            "revenue": 408520,
            "common_shares": 773533,
            "book_valuer_per_share": 34.99,
            "book_valuer_per_share_4q_avg": 42.88,
            "equity": 2706457,
            "current_ratio": 290.63,
            "debt_ratio": 31.73,
            "inventory_turnover_ratio": 20.23,
            "account_receivable_turnover_ratio": 5.61,
            "reinvestment_rate": -20.49,
            "research_to_sale_ratio": 33.19,
            "price_fair": 116.95,
            "eps_avg_yearly": 3.34,
            "eps_latest_yearly": 2.92,
            "eps_growth_yearly": 106.21
        },
        "20221": {
            "year_quarter": 20221,
            "year": 2022,
            "quarter": 1,
            "eps": 0.55,
            "eps_growth_year": 44.74,
            "eps_4q": -6.99,
            "eps_4q_growth_year": -488.89,
            "roe": 1.54,
            "roe_4q": -18.46,
            "gross_profit": 325089,
            "gross_margin": 85.23,
            "gross_margin_4q_avg": 82.98,
            "net_income": 42516,
            "revenue": 381420,
            "common_shares": 786943,
            "book_valuer_per_share": 35.91,
            "book_valuer_per_share_4q_avg": 40.33,
            "equity": 2826149,
            "current_ratio": 312.38,
            "debt_ratio": 30.95,
            "inventory_turnover_ratio": 11.07,
            "account_receivable_turnover_ratio": 5.38,
            "reinvestment_rate": -2.48,
            "research_to_sale_ratio": 35.31,
            "price_fair": 120.7,
            "eps_avg_yearly": 3.45,
            "eps_latest_yearly": 2.92,
            "eps_growth_yearly": 126.34
        },
        "20222": {
            "year_quarter": 20222,
            "year": 2022,
            "quarter": 2,
            "eps": 1.28,
            "eps_growth_year": 70.67,
            "eps_4q": -6.45,
            "eps_4q_growth_year": -436.3,
            "roe": 3.58,
            "roe_4q": -16.5,
            "gross_profit": 383502,
            "gross_margin": 86.77,
            "gross_margin_4q_avg": 82.22,
            "net_income": 100924,
            "revenue": 441999,
            "common_shares": 788308,
            "book_valuer_per_share": 35.61,
            "book_valuer_per_share_4q_avg": 37.64,
            "equity": 2807026,
            "current_ratio": 263.77,
            "debt_ratio": 34.19,
            "inventory_turnover_ratio": 11.44,
            "account_receivable_turnover_ratio": 6.3,
            "reinvestment_rate": 12.64,
            "research_to_sale_ratio": 30.6,
            "price_fair": 116.8,
            "eps_avg_yearly": 3.34,
            "eps_latest_yearly": 5.12,
            "eps_growth_yearly": 89.1
        },
        "20223": {
            "year_quarter": 20223,
            "year": 2022,
            "quarter": 3,
            "eps": 1.1,
            "eps_growth_year": 50.68,
            "eps_4q": -6.06,
            "eps_4q_growth_year": -399.26,
            "roe": 3.02,
            "roe_4q": -15.09,
            "gross_profit": 373833,
            "gross_margin": 87.19,
            "gross_margin_4q_avg": 81.48,
            "net_income": 86884,
            "revenue": 428741,
            "common_shares": 789418,
            "book_valuer_per_share": 37.44,
            "book_valuer_per_share_4q_avg": 35.99,
            "equity": 2955648,
            "current_ratio": 317.18,
            "debt_ratio": 28.13,
            "inventory_turnover_ratio": 8.27,
            "account_receivable_turnover_ratio": 4.35,
            "reinvestment_rate": -33.05,
            "research_to_sale_ratio": 31.79,
            "price_fair": 119.8,
            "eps_avg_yearly": 3.42,
            "eps_latest_yearly": 4.4,
            "eps_growth_yearly": 99.97
        },
        "20224": {
            "year_quarter": 20224,
            "year": 2022,
            "quarter": 4,
            "eps": -0.59,
            "eps_growth_year": null,
            "eps_4q": 2.33,
            "eps_4q_growth_year": null,
            "roe": -1.23,
            "roe_4q": 6.91,
            "gross_profit": 379899,
            "gross_margin": 86.53,
            "gross_margin_4q_avg": 86.43,
            "net_income": -46699,
            "revenue": 439040,
            "common_shares": 789418,
            "book_valuer_per_share": 58.9,
            "book_valuer_per_share_4q_avg": 41.97,
            "equity": 4649742,
            "current_ratio": 291.73,
            "debt_ratio": 20.17,
            "inventory_turnover_ratio": 8.39,
            "account_receivable_turnover_ratio": 3.66,
            "reinvestment_rate": 870.86,
            "research_to_sale_ratio": 28.84,
            "price_fair": 118.68,
            "eps_avg_yearly": 3.39,
            "eps_latest_yearly": 4.4,
            "eps_growth_yearly": 101.51
        },
        "20231": {
            "year_quarter": 20231,
            "year": 2023,
            "quarter": 1,
            "eps": 0.69,
            "eps_growth_year": 25.45,
            "eps_4q": 2.48,
            "eps_4q_growth_year": null,
            "roe": 1.17,
            "roe_4q": 6.54,
            "gross_profit": 365605,
            "gross_margin": 84.89,
            "gross_margin_4q_avg": 86.35,
            "net_income": 54708,
            "revenue": 430690,
            "common_shares": 789418,
            "book_valuer_per_share": 59.43,
            "book_valuer_per_share_4q_avg": 47.85,
            "equity": 4691718,
            "current_ratio": 287.51,
            "debt_ratio": 20.2,
            "inventory_turnover_ratio": 12.98,
            "account_receivable_turnover_ratio": 4.32,
            "reinvestment_rate": 883.4,
            "research_to_sale_ratio": 30.22,
            "price_fair": 120.4,
            "eps_avg_yearly": 3.44,
            "eps_latest_yearly": 4.4,
            "eps_growth_yearly": 118.99
        }
    },
    "months": {
        "2001-06": {
            "month": "2001-06",
            "price": "167.20",
            "revenue": 41940
        },
        "2001-07": {
            "month": "2001-07",
            "price": "109.83",
            "revenue": 36788
        },
        "2001-08": {
            "month": "2001-08",
            "price": "81.09",
            "revenue": 60182
        },
        "2001-09": {
            "month": "2001-09",
            "price": "71.06",
            "revenue": 55276
        },
        "2001-10": {
            "month": "2001-10",
            "price": "68.26",
            "revenue": 67839
        },
        "2001-11": {
            "month": "2001-11",
            "price": "90.59",
            "revenue": 72170
        },
        "2001-12": {
            "month": "2001-12",
            "price": "118.71",
            "revenue": 71824
        },
        "2002-01": {
            "month": "2002-01",
            "price": "126.70",
            "revenue": 75696
        },
        "2002-02": {
            "month": "2002-02",
            "price": "117.17",
            "revenue": 88837
        },
        "2002-03": {
            "month": "2002-03",
            "price": "130.71",
            "revenue": 89150
        },
        "2002-04": {
            "month": "2002-04",
            "price": "141.86",
            "revenue": 85628
        },
        "2002-05": {
            "month": "2002-05",
            "price": "145.98",
            "revenue": 61941
        },
        "2002-06": {
            "month": "2002-06",
            "price": "132.92",
            "revenue": 52196
        },
        "2002-07": {
            "month": "2002-07",
            "price": "111.96",
            "revenue": 63995
        },
        "2002-08": {
            "month": "2002-08",
            "price": "93.39",
            "revenue": 74614
        },
        "2002-09": {
            "month": "2002-09",
            "price": "94.25",
            "revenue": 118622
        },
        "2002-10": {
            "month": "2002-10",
            "price": "91.57",
            "revenue": 127740
        },
        "2002-11": {
            "month": "2002-11",
            "price": "94.57",
            "revenue": 120382
        },
        "2002-12": {
            "month": "2002-12",
            "price": "97.11",
            "revenue": 100774
        },
        "2003-01": {
            "month": "2003-01",
            "price": "89.34",
            "revenue": 108353
        },
        "2003-02": {
            "month": "2003-02",
            "price": "90.09",
            "revenue": 112703
        },
        "2003-03": {
            "month": "2003-03",
            "price": "80.05",
            "revenue": 133107
        },
        "2003-04": {
            "month": "2003-04",
            "price": "77.16",
            "revenue": 103724
        },
        "2003-05": {
            "month": "2003-05",
            "price": "86.24",
            "revenue": 101344
        },
        "2003-06": {
            "month": "2003-06",
            "price": "96.72",
            "revenue": 102748
        },
        "2003-07": {
            "month": "2003-07",
            "price": "122.02",
            "revenue": 107034
        },
        "2003-08": {
            "month": "2003-08",
            "price": "108.76",
            "revenue": 79396
        },
        "2003-09": {
            "month": "2003-09",
            "price": "105.19",
            "revenue": 132845
        },
        "2003-10": {
            "month": "2003-10",
            "price": "103.86",
            "revenue": 122721
        },
        "2003-11": {
            "month": "2003-11",
            "price": "109.35",
            "revenue": 114695
        },
        "2003-12": {
            "month": "2003-12",
            "price": "136.39",
            "revenue": 117153
        },
        "2004-01": {
            "month": "2004-01",
            "price": "144.57",
            "revenue": 92661
        },
        "2004-02": {
            "month": "2004-02",
            "price": "151.00",
            "revenue": 127273
        },
        "2004-03": {
            "month": "2004-03",
            "price": "136.98",
            "revenue": 137337
        },
        "2004-04": {
            "month": "2004-04",
            "price": "139.43",
            "revenue": 100570
        },
        "2004-05": {
            "month": "2004-05",
            "price": "106.26",
            "revenue": 99148
        },
        "2004-06": {
            "month": "2004-06",
            "price": "83.36",
            "revenue": 96167
        },
        "2004-07": {
            "month": "2004-07",
            "price": "78.68",
            "revenue": 121877
        },
        "2004-08": {
            "month": "2004-08",
            "price": "94.45",
            "revenue": 121078
        },
        "2004-09": {
            "month": "2004-09",
            "price": "80.00",
            "revenue": 127031
        },
        "2004-10": {
            "month": "2004-10",
            "price": "85.98",
            "revenue": 139226
        },
        "2004-11": {
            "month": "2004-11",
            "price": "80.77",
            "revenue": 126641
        },
        "2004-12": {
            "month": "2004-12",
            "price": "78.15",
            "revenue": 112746
        },
        "2005-01": {
            "month": "2005-01",
            "price": "76.48",
            "revenue": 140612
        },
        "2005-02": {
            "month": "2005-02",
            "price": "84.08",
            "revenue": 127403
        },
        "2005-03": {
            "month": "2005-03",
            "price": "86.06",
            "revenue": 161050
        },
        "2005-04": {
            "month": "2005-04",
            "price": "87.04",
            "revenue": 145801
        },
        "2005-05": {
            "month": "2005-05",
            "price": "93.78",
            "revenue": 100578
        },
        "2005-06": {
            "month": "2005-06",
            "price": "97.40",
            "revenue": 104318
        },
        "2005-07": {
            "month": "2005-07",
            "price": "103.32",
            "revenue": 111840
        },
        "2005-08": {
            "month": "2005-08",
            "price": "102.97",
            "revenue": 213284
        },
        "2005-09": {
            "month": "2005-09",
            "price": "85.19",
            "revenue": 220552
        },
        "2005-10": {
            "month": "2005-10",
            "price": "81.90",
            "revenue": 238111
        },
        "2005-11": {
            "month": "2005-11",
            "price": "77.98",
            "revenue": 253020
        },
        "2005-12": {
            "month": "2005-12",
            "price": "90.28",
            "revenue": 240328
        },
        "2006-01": {
            "month": "2006-01",
            "price": "86.79",
            "revenue": 256645
        },
        "2006-02": {
            "month": "2006-02",
            "price": "85.85",
            "revenue": 243200
        },
        "2006-03": {
            "month": "2006-03",
            "price": "88.94",
            "revenue": 263087
        },
        "2006-04": {
            "month": "2006-04",
            "price": "110.27",
            "revenue": 225882
        },
        "2006-05": {
            "month": "2006-05",
            "price": "114.98",
            "revenue": 244853
        },
        "2006-06": {
            "month": "2006-06",
            "price": "104.50",
            "revenue": 232296
        },
        "2006-07": {
            "month": "2006-07",
            "price": "114.57",
            "revenue": 236291
        },
        "2006-08": {
            "month": "2006-08",
            "price": "119.91",
            "revenue": 263948
        },
        "2006-09": {
            "month": "2006-09",
            "price": "111.88",
            "revenue": 261997
        },
        "2006-10": {
            "month": "2006-10",
            "price": "111.42",
            "revenue": 270206
        },
        "2006-11": {
            "month": "2006-11",
            "price": "126.68",
            "revenue": 289584
        },
        "2006-12": {
            "month": "2006-12",
            "price": "140.38",
            "revenue": 310042
        },
        "2007-01": {
            "month": "2007-01",
            "price": "138.27",
            "revenue": 187790
        },
        "2007-02": {
            "month": "2007-02",
            "price": "131.21",
            "revenue": 286266
        },
        "2007-03": {
            "month": "2007-03",
            "price": "126.63",
            "revenue": 261808
        },
        "2007-04": {
            "month": "2007-04",
            "price": "121.25",
            "revenue": 300356
        },
        "2007-05": {
            "month": "2007-05",
            "price": "127.52",
            "revenue": 303917
        },
        "2007-06": {
            "month": "2007-06",
            "price": "132.78",
            "revenue": 253816
        },
        "2007-07": {
            "month": "2007-07",
            "price": "147.73",
            "revenue": 284283
        },
        "2007-08": {
            "month": "2007-08",
            "price": "164.87",
            "revenue": 315866
        },
        "2007-09": {
            "month": "2007-09",
            "price": "172.11",
            "revenue": 290965
        },
        "2007-10": {
            "month": "2007-10",
            "price": "160.95",
            "revenue": 355288
        },
        "2007-11": {
            "month": "2007-11",
            "price": "134.98",
            "revenue": 360766
        },
        "2007-12": {
            "month": "2007-12",
            "price": "124.81",
            "revenue": 409926
        },
        "2008-01": {
            "month": "2008-01",
            "price": "120.27",
            "revenue": 336406
        },
        "2008-02": {
            "month": "2008-02",
            "price": "118.57",
            "revenue": 380363
        },
        "2008-03": {
            "month": "2008-03",
            "price": "127.64",
            "revenue": 340907
        },
        "2008-04": {
            "month": "2008-04",
            "price": "143.17",
            "revenue": 343853
        },
        "2008-05": {
            "month": "2008-05",
            "price": "154.79",
            "revenue": 355170
        },
        "2008-06": {
            "month": "2008-06",
            "price": "149.86",
            "revenue": 338937
        },
        "2008-07": {
            "month": "2008-07",
            "price": "142.55",
            "revenue": 399027
        },
        "2008-08": {
            "month": "2008-08",
            "price": "148.98",
            "revenue": 429729
        },
        "2008-09": {
            "month": "2008-09",
            "price": "144.76",
            "revenue": 438521
        },
        "2008-10": {
            "month": "2008-10",
            "price": "123.57",
            "revenue": 427385
        },
        "2008-11": {
            "month": "2008-11",
            "price": "113.68",
            "revenue": 408749
        },
        "2008-12": {
            "month": "2008-12",
            "price": "111.52",
            "revenue": 476629
        },
        "2009-01": {
            "month": "2009-01",
            "price": "116.27",
            "revenue": 172755
        },
        "2009-02": {
            "month": "2009-02",
            "price": "117.38",
            "revenue": 207370
        },
        "2009-03": {
            "month": "2009-03",
            "price": "121.84",
            "revenue": 392844
        },
        "2009-04": {
            "month": "2009-04",
            "price": "128.80",
            "revenue": 159034
        },
        "2009-05": {
            "month": "2009-05",
            "price": "146.31",
            "revenue": 176001
        },
        "2009-06": {
            "month": "2009-06",
            "price": "134.83",
            "revenue": 431868
        },
        "2009-07": {
            "month": "2009-07",
            "price": "138.22",
            "revenue": 144047
        },
        "2009-08": {
            "month": "2009-08",
            "price": "131.92",
            "revenue": 209752
        },
        "2009-09": {
            "month": "2009-09",
            "price": "130.77",
            "revenue": 485982
        },
        "2009-10": {
            "month": "2009-10",
            "price": "129.80",
            "revenue": 169698
        },
        "2009-11": {
            "month": "2009-11",
            "price": "133.81",
            "revenue": 188797
        },
        "2009-12": {
            "month": "2009-12",
            "price": "135.72",
            "revenue": 622550
        },
        "2010-01": {
            "month": "2010-01",
            "price": "147.00",
            "revenue": 149580
        },
        "2010-02": {
            "month": "2010-02",
            "price": "138.39",
            "revenue": 142439
        },
        "2010-03": {
            "month": "2010-03",
            "price": "143.57",
            "revenue": 785609
        },
        "2010-04": {
            "month": "2010-04",
            "price": "148.76",
            "revenue": 144311
        },
        "2010-05": {
            "month": "2010-05",
            "price": "138.05",
            "revenue": 151634
        },
        "2010-06": {
            "month": "2010-06",
            "price": "134.12",
            "revenue": 683233
        },
        "2010-07": {
            "month": "2010-07",
            "price": "135.30",
            "revenue": 236509
        },
        "2010-08": {
            "month": "2010-08",
            "price": "131.80",
            "revenue": 209737
        },
        "2010-09": {
            "month": "2010-09",
            "price": "129.95",
            "revenue": 574252
        },
        "2010-10": {
            "month": "2010-10",
            "price": "121.79",
            "revenue": 178035
        },
        "2010-11": {
            "month": "2010-11",
            "price": "111.61",
            "revenue": 212935
        },
        "2010-12": {
            "month": "2010-12",
            "price": "112.26",
            "revenue": 622187
        },
        "2011-01": {
            "month": "2011-01",
            "price": "105.55",
            "revenue": 124106
        },
        "2011-02": {
            "month": "2011-02",
            "price": "94.19",
            "revenue": 119649
        },
        "2011-03": {
            "month": "2011-03",
            "price": "93.04",
            "revenue": 384701
        },
        "2011-04": {
            "month": "2011-04",
            "price": "85.91",
            "revenue": 124880
        },
        "2011-05": {
            "month": "2011-05",
            "price": "82.82",
            "revenue": 112446
        },
        "2011-06": {
            "month": "2011-06",
            "price": "84.58",
            "revenue": 295313
        },
        "2011-07": {
            "month": "2011-07",
            "price": "89.66",
            "revenue": 126921
        },
        "2011-08": {
            "month": "2011-08",
            "price": "70.39",
            "revenue": 144204
        },
        "2011-09": {
            "month": "2011-09",
            "price": "60.90",
            "revenue": 228748
        },
        "2011-10": {
            "month": "2011-10",
            "price": "69.70",
            "revenue": 237666
        },
        "2011-11": {
            "month": "2011-11",
            "price": "68.25",
            "revenue": 259293
        },
        "2011-12": {
            "month": "2011-12",
            "price": "64.21",
            "revenue": 597765
        },
        "2012-01": {
            "month": "2012-01",
            "price": "67.47",
            "revenue": 135500
        },
        "2012-02": {
            "month": "2012-02",
            "price": "83.38",
            "revenue": 144082
        },
        "2012-03": {
            "month": "2012-03",
            "price": "94.21",
            "revenue": 337987
        },
        "2012-04": {
            "month": "2012-04",
            "price": "87.54",
            "revenue": 162973
        },
        "2012-05": {
            "month": "2012-05",
            "price": "87.35",
            "revenue": 148800
        },
        "2012-06": {
            "month": "2012-06",
            "price": "85.15",
            "revenue": 232596
        },
        "2012-07": {
            "month": "2012-07",
            "price": "86.83",
            "revenue": 142344
        },
        "2012-08": {
            "month": "2012-08",
            "price": "100.53",
            "revenue": 144109
        },
        "2012-09": {
            "month": "2012-09",
            "price": "103.30",
            "revenue": 257005
        },
        "2012-10": {
            "month": "2012-10",
            "price": "105.16",
            "revenue": 150761
        },
        "2012-11": {
            "month": "2012-11",
            "price": "100.71",
            "revenue": 168642
        },
        "2012-12": {
            "month": "2012-12",
            "price": "93.64",
            "revenue": 256424
        },
        "2013-01": {
            "month": "2013-01",
            "price": "93.02",
            "revenue": 145168
        },
        "2013-02": {
            "month": "2013-02",
            "price": "91.75",
            "revenue": 213380
        },
        "2013-03": {
            "month": "2013-03",
            "price": "91.42",
            "revenue": 273681
        },
        "2013-04": {
            "month": "2013-04",
            "price": "93.44",
            "revenue": 179309
        },
        "2013-05": {
            "month": "2013-05",
            "price": "100.87",
            "revenue": 158519
        },
        "2013-06": {
            "month": "2013-06",
            "price": "99.52",
            "revenue": 291172
        },
        "2013-07": {
            "month": "2013-07",
            "price": "98.09",
            "revenue": 161620
        },
        "2013-08": {
            "month": "2013-08",
            "price": "89.57",
            "revenue": 147686
        },
        "2013-09": {
            "month": "2013-09",
            "price": "83.46",
            "revenue": 347263
        },
        "2013-10": {
            "month": "2013-10",
            "price": "84.32",
            "revenue": 179182
        },
        "2013-11": {
            "month": "2013-11",
            "price": "84.10",
            "revenue": 107012
        },
        "2013-12": {
            "month": "2013-12",
            "price": "84.14",
            "revenue": 372550
        },
        "2014-01": {
            "month": "2014-01",
            "price": "87.54",
            "revenue": 165988
        },
        "2014-02": {
            "month": "2014-02",
            "price": "87.95",
            "revenue": 117891
        },
        "2014-03": {
            "month": "2014-03",
            "price": "92.12",
            "revenue": 261821
        },
        "2014-04": {
            "month": "2014-04",
            "price": "92.84",
            "revenue": 230114
        },
        "2014-05": {
            "month": "2014-05",
            "price": "94.28",
            "revenue": 122216
        },
        "2014-06": {
            "month": "2014-06",
            "price": "97.65",
            "revenue": 218490
        },
        "2014-07": {
            "month": "2014-07",
            "price": "97.23",
            "revenue": 193043
        },
        "2014-08": {
            "month": "2014-08",
            "price": "95.79",
            "revenue": 120957
        },
        "2014-09": {
            "month": "2014-09",
            "price": "90.70",
            "revenue": 226955
        },
        "2014-10": {
            "month": "2014-10",
            "price": "87.20",
            "revenue": 186481
        },
        "2014-11": {
            "month": "2014-11",
            "price": "86.54",
            "revenue": 140270
        },
        "2014-12": {
            "month": "2014-12",
            "price": "88.09",
            "revenue": 239324
        },
        "2015-01": {
            "month": "2015-01",
            "price": "91.43",
            "revenue": 150244
        },
        "2015-02": {
            "month": "2015-02",
            "price": "91.52",
            "revenue": 125152
        },
        "2015-03": {
            "month": "2015-03",
            "price": "91.80",
            "revenue": 209847
        },
        "2015-04": {
            "month": "2015-04",
            "price": "93.02",
            "revenue": 159356
        },
        "2015-05": {
            "month": "2015-05",
            "price": "87.80",
            "revenue": 117306
        },
        "2015-06": {
            "month": "2015-06",
            "price": "82.65",
            "revenue": 185743
        },
        "2015-07": {
            "month": "2015-07",
            "price": "78.24",
            "revenue": 137265
        },
        "2015-08": {
            "month": "2015-08",
            "price": "62.13",
            "revenue": 113757
        },
        "2015-09": {
            "month": "2015-09",
            "price": "66.99",
            "revenue": 207641
        },
        "2015-10": {
            "month": "2015-10",
            "price": "70.05",
            "revenue": 175128
        },
        "2015-11": {
            "month": "2015-11",
            "price": "70.84",
            "revenue": 161036
        },
        "2015-12": {
            "month": "2015-12",
            "price": "69.47",
            "revenue": 236219
        },
        "2016-01": {
            "month": "2016-01",
            "price": "66.99",
            "revenue": 161634
        },
        "2016-02": {
            "month": "2016-02",
            "price": "71.95",
            "revenue": 156663
        },
        "2016-03": {
            "month": "2016-03",
            "price": "74.18",
            "revenue": 188781
        },
        "2016-04": {
            "month": "2016-04",
            "price": "71.64",
            "revenue": 163995
        },
        "2016-05": {
            "month": "2016-05",
            "price": "68.69",
            "revenue": 130757
        },
        "2016-06": {
            "month": "2016-06",
            "price": "69.30",
            "revenue": 167545
        },
        "2016-07": {
            "month": "2016-07",
            "price": "70.59",
            "revenue": 133772
        },
        "2016-08": {
            "month": "2016-08",
            "price": "68.69",
            "revenue": 106837
        },
        "2016-09": {
            "month": "2016-09",
            "price": "68.57",
            "revenue": 159070
        },
        "2016-10": {
            "month": "2016-10",
            "price": "64.98",
            "revenue": 165119
        },
        "2016-11": {
            "month": "2016-11",
            "price": "64.70",
            "revenue": 145249
        },
        "2016-12": {
            "month": "2016-12",
            "price": "71.10",
            "revenue": 215660
        },
        "2017-01": {
            "month": "2017-01",
            "price": "70.62",
            "revenue": 166618
        },
        "2017-02": {
            "month": "2017-02",
            "price": "68.82",
            "revenue": 124771
        },
        "2017-03": {
            "month": "2017-03",
            "price": "66.14",
            "revenue": 152810
        },
        "2017-04": {
            "month": "2017-04",
            "price": "65.38",
            "revenue": 163766
        },
        "2017-05": {
            "month": "2017-05",
            "price": "69.68",
            "revenue": 117790
        },
        "2017-06": {
            "month": "2017-06",
            "price": "68.49",
            "revenue": 160137
        },
        "2017-07": {
            "month": "2017-07",
            "price": "63.91",
            "revenue": 127838
        },
        "2017-08": {
            "month": "2017-08",
            "price": "62.35",
            "revenue": 106827
        },
        "2017-09": {
            "month": "2017-09",
            "price": "62.10",
            "revenue": 137539
        },
        "2017-10": {
            "month": "2017-10",
            "price": "64.53",
            "revenue": 148640
        },
        "2017-11": {
            "month": "2017-11",
            "price": "62.45",
            "revenue": 114647
        },
        "2017-12": {
            "month": "2017-12",
            "price": "64.04",
            "revenue": 181905
        },
        "2018-01": {
            "month": "2018-01",
            "price": "66.83",
            "revenue": 129223
        },
        "2018-02": {
            "month": "2018-02",
            "price": "64.42",
            "revenue": 115071
        },
        "2018-03": {
            "month": "2018-03",
            "price": "61.92",
            "revenue": 135813
        },
        "2018-04": {
            "month": "2018-04",
            "price": "64.26",
            "revenue": 150102
        },
        "2018-05": {
            "month": "2018-05",
            "price": "70.84",
            "revenue": 102314
        },
        "2018-06": {
            "month": "2018-06",
            "price": "70.27",
            "revenue": 169246
        },
        "2018-07": {
            "month": "2018-07",
            "price": "66.30",
            "revenue": 134417
        },
        "2018-08": {
            "month": "2018-08",
            "price": "73.48",
            "revenue": 100268
        },
        "2018-09": {
            "month": "2018-09",
            "price": "73.14",
            "revenue": 131813
        },
        "2018-10": {
            "month": "2018-10",
            "price": "64.86",
            "revenue": 151181
        },
        "2018-11": {
            "month": "2018-11",
            "price": "65.92",
            "revenue": 106234
        },
        "2018-12": {
            "month": "2018-12",
            "price": "69.26",
            "revenue": 148840
        },
        "2019-01": {
            "month": "2019-01",
            "price": "68.92",
            "revenue": 105525
        },
        "2019-02": {
            "month": "2019-02",
            "price": "71.75",
            "revenue": 99072
        },
        "2019-03": {
            "month": "2019-03",
            "price": "70.76",
            "revenue": 122799
        },
        "2019-04": {
            "month": "2019-04",
            "price": "72.82",
            "revenue": 126150
        },
        "2019-05": {
            "month": "2019-05",
            "price": "73.35",
            "revenue": 107181
        },
        "2019-06": {
            "month": "2019-06",
            "price": "73.67",
            "revenue": 115387
        },
        "2019-07": {
            "month": "2019-07",
            "price": "80.97",
            "revenue": 123966
        },
        "2019-08": {
            "month": "2019-08",
            "price": "86.55",
            "revenue": 109096
        },
        "2019-09": {
            "month": "2019-09",
            "price": "98.25",
            "revenue": 144512
        },
        "2019-10": {
            "month": "2019-10",
            "price": "96.17",
            "revenue": 155765
        },
        "2019-11": {
            "month": "2019-11",
            "price": "112.93",
            "revenue": 99960
        },
        "2019-12": {
            "month": "2019-12",
            "price": "113.14",
            "revenue": 146302
        },
        "2020-01": {
            "month": "2020-01",
            "price": "108.27",
            "revenue": 134458
        },
        "2020-02": {
            "month": "2020-02",
            "price": "112.61",
            "revenue": 111779
        },
        "2020-03": {
            "month": "2020-03",
            "price": "105.67",
            "revenue": 112152
        },
        "2020-04": {
            "month": "2020-04",
            "price": "109.00",
            "revenue": 146737
        },
        "2020-05": {
            "month": "2020-05",
            "price": "116.50",
            "revenue": 131135
        },
        "2020-06": {
            "month": "2020-06",
            "price": "109.80",
            "revenue": 138002
        },
        "2020-07": {
            "month": "2020-07",
            "price": "114.63",
            "revenue": 162626
        },
        "2020-08": {
            "month": "2020-08",
            "price": "114.38",
            "revenue": 148273
        },
        "2020-09": {
            "month": "2020-09",
            "price": "115.30",
            "revenue": 121206
        },
        "2020-10": {
            "month": "2020-10",
            "price": "112.76",
            "revenue": 159391
        },
        "2020-11": {
            "month": "2020-11",
            "price": "103.26",
            "revenue": 129394
        },
        "2020-12": {
            "month": "2020-12",
            "price": "101.74",
            "revenue": 153032
        },
        "2021-01": {
            "month": "2021-01",
            "price": "105.35",
            "revenue": 132052
        },
        "2021-02": {
            "month": "2021-02",
            "price": "104.65",
            "revenue": 117832
        },
        "2021-03": {
            "month": "2021-03",
            "price": "99.63",
            "revenue": 127266
        },
        "2021-04": {
            "month": "2021-04",
            "price": "98.39",
            "revenue": 168132
        },
        "2021-05": {
            "month": "2021-05",
            "price": "83.39",
            "revenue": 123230
        },
        "2021-06": {
            "month": "2021-06",
            "price": "82.79",
            "revenue": 129905
        },
        "2021-07": {
            "month": "2021-07",
            "price": "81.80",
            "revenue": 135647
        },
        "2021-08": {
            "month": "2021-08",
            "price": "78.86",
            "revenue": 110675
        },
        "2021-09": {
            "month": "2021-09",
            "price": "81.70",
            "revenue": 126452
        },
        "2021-10": {
            "month": "2021-10",
            "price": "86.69",
            "revenue": 150429
        },
        "2021-11": {
            "month": "2021-11",
            "price": "92.24",
            "revenue": 112273
        },
        "2021-12": {
            "month": "2021-12",
            "price": "90.22",
            "revenue": 146141
        },
        "2022-01": {
            "month": "2022-01",
            "price": "86.65",
            "revenue": 127491
        },
        "2022-02": {
            "month": "2022-02",
            "price": "86.74",
            "revenue": 125445
        },
        "2022-03": {
            "month": "2022-03",
            "price": "95.88",
            "revenue": 129166
        },
        "2022-04": {
            "month": "2022-04",
            "price": "87.62",
            "revenue": 155372
        },
        "2022-05": {
            "month": "2022-05",
            "price": "85.28",
            "revenue": 137308
        },
        "2022-06": {
            "month": "2022-06",
            "price": "86.20",
            "revenue": 150716
        },
        "2022-07": {
            "month": "2022-07",
            "price": "84.49",
            "revenue": 148930
        },
        "2022-08": {
            "month": "2022-08",
            "price": "93.60",
            "revenue": 139866
        },
        "2022-09": {
            "month": "2022-09",
            "price": "92.23",
            "revenue": 143305
        },
        "2022-10": {
            "month": "2022-10",
            "price": "87.60",
            "revenue": 149289
        },
        "2022-11": {
            "month": "2022-11",
            "price": "84.62",
            "revenue": 143930
        },
        "2022-12": {
            "month": "2022-12",
            "price": "84.30",
            "revenue": 146279
        },
        "2023-01": {
            "month": "2023-01",
            "price": "83.68",
            "revenue": 149839
        },
        "2023-02": {
            "month": "2023-02",
            "price": "91.19",
            "revenue": 144294
        },
        "2023-03": {
            "month": "2023-03",
            "price": "98.30",
            "revenue": 137573
        },
        "2023-04": {
            "month": "2023-04",
            "price": "100.02",
            "revenue": 150667
        },
        "2023-05": {
            "month": "2023-05",
            "price": "93.43",
            "revenue": 140724
        }
    }
}
