{
    "summary": {
        "stock_name": "中茂",
        "stock_id": "5205",
        "category": "綠能環保",
        "main_business": "水資源營運<br>廢棄物處理與再生利用服務<br>電子零組件、民生商品經銷代理",
        "website_url": "http://www.twget.com.tw/",
        "ceo": "詹益國",
        "pe_ratio": -17,
        "report_year_from": 2001,
        "report_year_to": 2023,
        "age": 23,
        "eps_negative_percentage": 65,
        "eps_growth_avg": {
            "last_all": -68.39,
            "last_2y": -100,
            "last_4y": -100,
            "last_8y": -100,
            "last_12y": -100,
            "last_16y": -57.86,
            "last_20y": -63.88,
            "at_2006_last_3y": -100,
            "at_2007_last_3y": -100,
            "at_2008_last_3y": 100,
            "at_2009_last_3y": 13.93,
            "at_2010_last_3y": -15.72,
            "at_2011_last_3y": -36.79,
            "at_2012_last_3y": -82.38,
            "at_2013_last_3y": -87.5,
            "at_2014_last_3y": -100,
            "at_2015_last_3y": null,
            "at_2016_last_3y": null,
            "at_2017_last_3y": null,
            "at_2018_last_3y": null,
            "at_2019_last_3y": -100,
            "at_2020_last_3y": -100,
            "at_2021_last_3y": -100,
            "at_2022_last_3y": -100,
            "at_2023_last_3y": -100,
            "at_2024_last_3y": -100,
            "at_2006_last_all": -100,
            "at_2007_last_all": -100,
            "at_2008_last_all": -33.33,
            "at_2009_last_all": -43.04,
            "at_2010_last_all": -49.43,
            "at_2011_last_all": -57.86,
            "at_2012_last_all": -57.86,
            "at_2013_last_all": -57.86,
            "at_2014_last_all": -57.86,
            "at_2015_last_all": -57.86,
            "at_2016_last_all": -57.86,
            "at_2017_last_all": -57.86,
            "at_2018_last_all": -57.86,
            "at_2019_last_all": -63.88,
            "at_2020_last_all": -63.88,
            "at_2021_last_all": -63.88,
            "at_2022_last_all": -63.88,
            "at_2023_last_all": -68.39,
            "at_2024_last_all": -68.39
        },
        "latest_eps": -1.58,
        "latest_price": 26.25,
        "latest_roe": -24.5,
        "latest_gross_margin": -8.47,
        "latest_equity": 59494,
        "latest_revenue": 6550,
        "latest_gross_profit": -555,
        "latest_net_income": -4059,
        "latest_debt_ratio": 32.84,
        "latest_current_ratio": 105.46,
        "latest_account_receivable_turnover_ratio": 0.78,
        "latest_inventory_turnover_ratio": 76.81,
        "latest_reinvestment_rate": null,
        "latest_research_to_sale_ratio": null
    },
    "eps_dividends": {
        "1999": {
            "cash": 0,
            "stock": 1.5,
            "eps": 0
        },
        "2000": {
            "cash": 0,
            "stock": 2.5,
            "eps": 0
        },
        "2001": {
            "cash": 0,
            "stock": 2,
            "eps": 0.27
        },
        "2002": {
            "cash": 0,
            "stock": 0,
            "eps": -1.57
        },
        "2003": {
            "cash": 0,
            "stock": 0,
            "eps": 0.21
        },
        "2004": {
            "cash": 0,
            "stock": 0,
            "eps": -3.2
        },
        "2005": {
            "cash": 0,
            "stock": 0,
            "eps": -4.27
        },
        "2006": {
            "cash": 0,
            "stock": 0,
            "eps": -3.96
        },
        "2007": {
            "cash": 0,
            "stock": 0,
            "eps": 0.85
        },
        "2008": {
            "cash": 0,
            "stock": 0,
            "eps": 5.17
        },
        "2009": {
            "cash": 1.07,
            "stock": 0,
            "eps": 1.44
        },
        "2010": {
            "cash": 1.1,
            "stock": 0,
            "eps": 0.36
        },
        "2011": {
            "cash": 0.27,
            "stock": 0,
            "eps": -5.01
        },
        "2012": {
            "cash": 0,
            "stock": 0,
            "eps": -8.49
        },
        "2013": {
            "cash": 0,
            "stock": 0,
            "eps": -3.58
        },
        "2014": {
            "cash": 0,
            "stock": 0,
            "eps": -1.7
        },
        "2015": {
            "cash": 0,
            "stock": 0,
            "eps": -0.61
        },
        "2016": {
            "cash": 0,
            "stock": 0,
            "eps": -1.17
        },
        "2017": {
            "cash": 0,
            "stock": 0,
            "eps": -0.64
        },
        "2018": {
            "cash": 0,
            "stock": 0,
            "eps": 0.37
        },
        "2019": {
            "cash": 0,
            "stock": 0,
            "eps": -0.92
        },
        "2020": {
            "cash": 0,
            "stock": 0,
            "eps": -0.58
        },
        "2021": {
            "cash": 0,
            "stock": 0,
            "eps": -1.7
        },
        "2022": {
            "cash": 0,
            "stock": 0,
            "eps": 1.09
        },
        "2023": {
            "cash": 0,
            "stock": 0,
            "eps": -1.17
        }
    },
    "dividends": {
        "1999-06-25": {
            "cash": 0,
            "stock": 1.5
        },
        "2000-05-12": {
            "cash": 0,
            "stock": 2.5
        },
        "2001-06-12": {
            "cash": 0,
            "stock": 2
        },
        "2009-03-27": {
            "cash": 1.07,
            "stock": 0
        },
        "2010-03-17": {
            "cash": 1.1,
            "stock": 0
        },
        "2011-03-22": {
            "cash": 0.27,
            "stock": 0
        }
    },
    "prices": {
        "200101": "無",
        "200102": "無",
        "200103": "無",
        "200104": "無",
        "200105": "28.78",
        "200106": "27.62",
        "200107": "24.84",
        "200108": "20.14",
        "200109": "17.63",
        "200110": "16.37",
        "200111": "19.97",
        "200112": "19.82",
        "200201": "19.24",
        "200202": "17.86",
        "200203": "17.99",
        "200204": "17.55",
        "200205": "13.75",
        "200206": "12.07",
        "200207": "12.37",
        "200208": "10.65",
        "200209": "8.22",
        "200210": "7.07",
        "200211": "6.89",
        "200212": "6.50",
        "200301": "6.50",
        "200302": "6.78",
        "200303": "6.71",
        "200304": "5.58",
        "200305": "4.99",
        "200306": "5.63",
        "200307": "5.90",
        "200308": "6.05",
        "200309": "5.30",
        "200310": "5.89",
        "200311": "6.84",
        "200312": "6.67",
        "200401": "7.11",
        "200402": "8.32",
        "200403": "7.77",
        "200404": "7.58",
        "200405": "6.66",
        "200406": "5.94",
        "200407": "5.49",
        "200408": "5.74",
        "200409": "5.37",
        "200410": "4.85",
        "200411": "4.38",
        "200412": "4.00",
        "200501": "3.74",
        "200502": "3.72",
        "200503": "4.51",
        "200504": "4.46",
        "200505": "4.28",
        "200506": "4.40",
        "200507": "4.45",
        "200508": "4.89",
        "200509": "10.09",
        "200510": "10.01",
        "200511": "9.78",
        "200512": "10.72",
        "200601": "10.23",
        "200602": "9.60",
        "200603": "7.60",
        "200604": "5.85",
        "200605": "5.21",
        "200606": "5.52",
        "200607": "5.23",
        "200608": "4.57",
        "200609": "3.63",
        "200610": "5.12",
        "200611": "3.77",
        "200612": "3.98",
        "200701": "6.99",
        "200702": "7.55",
        "200703": "9.24",
        "200704": "15.55",
        "200705": "14.65",
        "200706": "14.19",
        "200707": "16.10",
        "200708": "16.48",
        "200709": "29.42",
        "200710": "31.79",
        "200711": "28.74",
        "200712": "24.21",
        "200801": "21.86",
        "200802": "19.46",
        "200803": "19.89",
        "200804": "25.09",
        "200805": "29.25",
        "200806": "28.37",
        "200807": "26.41",
        "200808": "27.38",
        "200809": "20.31",
        "200810": "16.19",
        "200811": "19.24",
        "200812": "21.84",
        "200901": "21.84",
        "200902": "20.32",
        "200903": "21.44",
        "200904": "29.16",
        "200905": "31.72",
        "200906": "26.69",
        "200907": "29.62",
        "200908": "47.44",
        "200909": "55.74",
        "200910": "59.11",
        "200911": "59.12",
        "200912": "74.77",
        "201001": "79.68",
        "201002": "68.79",
        "201003": "76.11",
        "201004": "80.06",
        "201005": "76.77",
        "201006": "76.72",
        "201007": "71.97",
        "201008": "69.52",
        "201009": "61.03",
        "201010": "58.04",
        "201011": "52.59",
        "201012": "51.32",
        "201101": "52.08",
        "201102": "63.57",
        "201103": "72.58",
        "201104": "75.98",
        "201105": "74.29",
        "201106": "70.75",
        "201107": "74.84",
        "201108": "73.48",
        "201109": "73.34",
        "201110": "67.58",
        "201111": "38.19",
        "201112": "18.31",
        "201201": "16.27",
        "201202": "24.10",
        "201203": "19.95",
        "201204": "15.00",
        "201205": "11.78",
        "201206": "12.21",
        "201207": "11.80",
        "201208": "9.78",
        "201209": "8.93",
        "201210": "6.29",
        "201211": "4.69",
        "201212": "5.73",
        "201301": "9.46",
        "201302": "9.98",
        "201303": "8.30",
        "201304": "7.30",
        "201305": "6.12",
        "201306": "5.36",
        "201307": "5.30",
        "201308": "5.23",
        "201309": "4.44",
        "201310": "5.06",
        "201311": "5.01",
        "201312": "4.27",
        "201401": "4.53",
        "201402": "9.36",
        "201403": "27.70",
        "201404": "26.27",
        "201405": "25.76",
        "201406": "24.98",
        "201407": "22.60",
        "201408": "17.87",
        "201409": "13.78",
        "201410": "13.50",
        "201411": "10.95",
        "201412": "13.37",
        "201501": "24.92",
        "201502": "25.19",
        "201503": "25.19",
        "201504": "21.52",
        "201505": "15.30",
        "201506": "10.40",
        "201507": "13.89",
        "201508": "11.13",
        "201509": "7.94",
        "201510": "11.15",
        "201511": "無",
        "201512": "9.49",
        "201601": "9.90",
        "201602": "10.15",
        "201603": "9.93",
        "201604": "13.55",
        "201605": "15.31",
        "201606": "18.94",
        "201607": "19.97",
        "201608": "18.97",
        "201609": "19.30",
        "201610": "19.33",
        "201611": "18.84",
        "201612": "18.60",
        "201701": "15.35",
        "201702": "17.59",
        "201703": "16.45",
        "201704": "13.00",
        "201705": "11.66",
        "201706": "11.80",
        "201707": "12.11",
        "201708": "9.25",
        "201709": "9.66",
        "201710": "11.12",
        "201711": "13.68",
        "201712": "10.49",
        "201801": "9.86",
        "201802": "10.68",
        "201803": "13.27",
        "201804": "13.26",
        "201805": "13.37",
        "201806": "13.24",
        "201807": "14.22",
        "201808": "15.02",
        "201809": "17.18",
        "201810": "16.20",
        "201811": "無",
        "201812": "13.84",
        "201901": "11.91",
        "201902": "12.76",
        "201903": "10.79",
        "201904": "10.68",
        "201905": "10.61",
        "201906": "11.14",
        "201907": "10.82",
        "201908": "10.70",
        "201909": "10.31",
        "201910": "9.52",
        "201911": "9.53",
        "201912": "8.98",
        "202001": "8.97",
        "202002": "7.80",
        "202003": "無",
        "202004": "6.17",
        "202005": "6.05",
        "202006": "10.66",
        "202007": "8.51",
        "202008": "7.82",
        "202009": "8.23",
        "202010": "9.16",
        "202011": "10.20",
        "202012": "10.68",
        "202101": "8.44",
        "202102": "7.30",
        "202103": "8.50",
        "202104": "9.10",
        "202105": "14.48",
        "202106": "12.57",
        "202107": "18.26",
        "202108": "21.70",
        "202109": "13.53",
        "202110": "11.91",
        "202111": "11.80",
        "202112": "11.02",
        "202201": "11.74",
        "202202": "13.47",
        "202203": "15.04",
        "202204": "14.52",
        "202205": "15.85",
        "202206": "23.18",
        "202207": "23.48",
        "202208": "33.87",
        "202209": "41.85",
        "202210": "35.33",
        "202211": "33.20",
        "202212": "42.50",
        "202301": "41.40",
        "202302": "39.00",
        "202303": "37.93",
        "202304": "37.26",
        "202305": "37.85",
        "202306": "36.29",
        "202307": "35.01",
        "202308": "32.99",
        "202309": "30.07",
        "202310": "29.14",
        "202311": "27.47",
        "202312": "26.85"
    },
    "quarters": {
        "20011": {
            "year_quarter": 20011,
            "year": 2001,
            "quarter": 1,
            "eps": 0.15,
            "eps_growth_year": null,
            "eps_4q": null,
            "eps_4q_growth_year": null,
            "roe": 1.21,
            "roe_4q": 1.21,
            "gross_profit": 59206,
            "gross_margin": 64.74,
            "gross_margin_4q_avg": 64.74,
            "net_income": 3115,
            "net_income_4q": null,
            "revenue": 91447,
            "revenue_4q": null,
            "common_shares": 202420,
            "book_valuer_per_share": 12.8,
            "book_valuer_per_share_4q_avg": 12.8,
            "equity": 259063,
            "current_ratio": 180.27,
            "debt_ratio": 31.83,
            "inventory_turnover_ratio": 1.27,
            "account_receivable_turnover_ratio": null,
            "reinvestment_rate": null,
            "research_to_sale_ratio": null,
            "price_fair": 0,
            "eps_avg_yearly": 0,
            "eps_latest_yearly": 0,
            "eps_growth_yearly": 0
        },
        "20012": {
            "year_quarter": 20012,
            "year": 2001,
            "quarter": 2,
            "eps": -0.61,
            "eps_growth_year": null,
            "eps_4q": 0.33,
            "eps_4q_growth_year": null,
            "roe": -5.89,
            "roe_4q": -4.68,
            "gross_profit": 48105,
            "gross_margin": 54.55,
            "gross_margin_4q_avg": 59.65,
            "net_income": -14817,
            "net_income_4q": null,
            "revenue": 88191,
            "revenue_4q": null,
            "common_shares": 202420,
            "book_valuer_per_share": 12.05,
            "book_valuer_per_share_4q_avg": 12.43,
            "equity": 243973,
            "current_ratio": 179.58,
            "debt_ratio": 40.83,
            "inventory_turnover_ratio": 1.48,
            "account_receivable_turnover_ratio": null,
            "reinvestment_rate": null,
            "research_to_sale_ratio": null,
            "price_fair": 0,
            "eps_avg_yearly": 0,
            "eps_latest_yearly": 0,
            "eps_growth_yearly": 0
        },
        "20013": {
            "year_quarter": 20013,
            "year": 2001,
            "quarter": 3,
            "eps": -0.31,
            "eps_growth_year": -173.81,
            "eps_4q": -0.38,
            "eps_4q_growth_year": null,
            "roe": -3.13,
            "roe_4q": -7.81,
            "gross_profit": 46306,
            "gross_margin": 66.64,
            "gross_margin_4q_avg": 61.98,
            "net_income": -7523,
            "net_income_4q": null,
            "revenue": 69492,
            "revenue_4q": null,
            "common_shares": 246080,
            "book_valuer_per_share": 9.62,
            "book_valuer_per_share_4q_avg": 11.49,
            "equity": 236677,
            "current_ratio": 169.83,
            "debt_ratio": 40.33,
            "inventory_turnover_ratio": 0.71,
            "account_receivable_turnover_ratio": null,
            "reinvestment_rate": null,
            "research_to_sale_ratio": null,
            "price_fair": 0,
            "eps_avg_yearly": 0,
            "eps_latest_yearly": 0,
            "eps_growth_yearly": 0
        },
        "20014": {
            "year_quarter": 20014,
            "year": 2001,
            "quarter": 4,
            "eps": 1.04,
            "eps_growth_year": 112.24,
            "eps_4q": 0.26,
            "eps_4q_growth_year": null,
            "roe": 10.28,
            "roe_4q": 2.4699999999999998,
            "gross_profit": 78843,
            "gross_margin": 61.18,
            "gross_margin_4q_avg": 61.78,
            "net_income": 25647,
            "net_income_4q": null,
            "revenue": 128867,
            "revenue_4q": null,
            "common_shares": 246080,
            "book_valuer_per_share": 10.66,
            "book_valuer_per_share_4q_avg": 11.28,
            "equity": 262298,
            "current_ratio": 169.49,
            "debt_ratio": 41.66,
            "inventory_turnover_ratio": 1.73,
            "account_receivable_turnover_ratio": null,
            "reinvestment_rate": null,
            "research_to_sale_ratio": null,
            "price_fair": 0,
            "eps_avg_yearly": 0,
            "eps_latest_yearly": 0,
            "eps_growth_yearly": 0
        },
        "20021": {
            "year_quarter": 20021,
            "year": 2002,
            "quarter": 1,
            "eps": -1.02,
            "eps_growth_year": -780,
            "eps_4q": -0.89,
            "eps_4q_growth_year": null,
            "roe": -10.08,
            "roe_4q": -8.82,
            "gross_profit": 29834,
            "gross_margin": 64.69,
            "gross_margin_4q_avg": 61.77,
            "net_income": -25162,
            "net_income_4q": null,
            "revenue": 46115,
            "revenue_4q": null,
            "common_shares": 246080,
            "book_valuer_per_share": 9.64,
            "book_valuer_per_share_4q_avg": 10.49,
            "equity": 237158,
            "current_ratio": 159.94,
            "debt_ratio": 40.84,
            "inventory_turnover_ratio": 0.9,
            "account_receivable_turnover_ratio": null,
            "reinvestment_rate": null,
            "research_to_sale_ratio": null,
            "price_fair": 0,
            "eps_avg_yearly": 0,
            "eps_latest_yearly": 0,
            "eps_growth_yearly": 0
        },
        "20022": {
            "year_quarter": 20022,
            "year": 2002,
            "quarter": 2,
            "eps": -0.03,
            "eps_growth_year": null,
            "eps_4q": -0.32,
            "eps_4q_growth_year": -195,
            "roe": -0.31,
            "roe_4q": -3.240000000000001,
            "gross_profit": 62388,
            "gross_margin": 81.03,
            "gross_margin_4q_avg": 68.39,
            "net_income": -725,
            "net_income_4q": null,
            "revenue": 76991,
            "revenue_4q": null,
            "common_shares": 246080,
            "book_valuer_per_share": 9.57,
            "book_valuer_per_share_4q_avg": 9.87,
            "equity": 235514,
            "current_ratio": 152.23,
            "debt_ratio": 42.35,
            "inventory_turnover_ratio": 1.1,
            "account_receivable_turnover_ratio": null,
            "reinvestment_rate": null,
            "research_to_sale_ratio": null,
            "price_fair": 0,
            "eps_avg_yearly": 0,
            "eps_latest_yearly": 0,
            "eps_growth_yearly": 0
        },
        "20023": {
            "year_quarter": 20023,
            "year": 2002,
            "quarter": 3,
            "eps": -0.49,
            "eps_growth_year": null,
            "eps_4q": -0.5,
            "eps_4q_growth_year": null,
            "roe": -5.25,
            "roe_4q": -5.360000000000001,
            "gross_profit": 45535,
            "gross_margin": 69.34,
            "gross_margin_4q_avg": 69.06,
            "net_income": -12064,
            "net_income_4q": null,
            "revenue": 65665,
            "revenue_4q": null,
            "common_shares": 246080,
            "book_valuer_per_share": 9.12,
            "book_valuer_per_share_4q_avg": 9.75,
            "equity": 224435,
            "current_ratio": 135.72,
            "debt_ratio": 46.15,
            "inventory_turnover_ratio": 1.04,
            "account_receivable_turnover_ratio": null,
            "reinvestment_rate": null,
            "research_to_sale_ratio": null,
            "price_fair": 0,
            "eps_avg_yearly": 0,
            "eps_latest_yearly": 0,
            "eps_growth_yearly": 0
        },
        "20024": {
            "year_quarter": 20024,
            "year": 2002,
            "quarter": 4,
            "eps": -0.03,
            "eps_growth_year": -102.88,
            "eps_4q": -1.57,
            "eps_4q_growth_year": -702.88,
            "roe": -0.34,
            "roe_4q": -15.98,
            "gross_profit": 49228,
            "gross_margin": 60.95,
            "gross_margin_4q_avg": 69,
            "net_income": -761,
            "net_income_4q": null,
            "revenue": 80766,
            "revenue_4q": null,
            "common_shares": 246080,
            "book_valuer_per_share": 9.11,
            "book_valuer_per_share_4q_avg": 9.36,
            "equity": 224091,
            "current_ratio": 132.45,
            "debt_ratio": 48.79,
            "inventory_turnover_ratio": 1.52,
            "account_receivable_turnover_ratio": null,
            "reinvestment_rate": null,
            "research_to_sale_ratio": null,
            "price_fair": 0,
            "eps_avg_yearly": 0,
            "eps_latest_yearly": 0,
            "eps_growth_yearly": 0
        },
        "20031": {
            "year_quarter": 20031,
            "year": 2003,
            "quarter": 1,
            "eps": -0.66,
            "eps_growth_year": null,
            "eps_4q": -1.21,
            "eps_4q_growth_year": null,
            "roe": -7.47,
            "roe_4q": -13.37,
            "gross_profit": 42974,
            "gross_margin": 80.14,
            "gross_margin_4q_avg": 72.87,
            "net_income": -16139,
            "net_income_4q": null,
            "revenue": 53621,
            "revenue_4q": null,
            "common_shares": 246080,
            "book_valuer_per_share": 8.45,
            "book_valuer_per_share_4q_avg": 9.06,
            "equity": 207932,
            "current_ratio": 130.77,
            "debt_ratio": 48.94,
            "inventory_turnover_ratio": 0.65,
            "account_receivable_turnover_ratio": null,
            "reinvestment_rate": null,
            "research_to_sale_ratio": null,
            "price_fair": 0,
            "eps_avg_yearly": 0,
            "eps_latest_yearly": 0,
            "eps_growth_yearly": 0
        },
        "20032": {
            "year_quarter": 20032,
            "year": 2003,
            "quarter": 2,
            "eps": -0.42,
            "eps_growth_year": null,
            "eps_4q": -1.6,
            "eps_4q_growth_year": null,
            "roe": -5.14,
            "roe_4q": -18.2,
            "gross_profit": 44710,
            "gross_margin": 66.06,
            "gross_margin_4q_avg": 69.12,
            "net_income": -10414,
            "net_income_4q": null,
            "revenue": 67682,
            "revenue_4q": null,
            "common_shares": 246080,
            "book_valuer_per_share": 8.02,
            "book_valuer_per_share_4q_avg": 8.68,
            "equity": 197442,
            "current_ratio": 126.57,
            "debt_ratio": 52.19,
            "inventory_turnover_ratio": 1.42,
            "account_receivable_turnover_ratio": null,
            "reinvestment_rate": null,
            "research_to_sale_ratio": null,
            "price_fair": 0,
            "eps_avg_yearly": 0,
            "eps_latest_yearly": 0,
            "eps_growth_yearly": 0
        },
        "20033": {
            "year_quarter": 20033,
            "year": 2003,
            "quarter": 3,
            "eps": -0.7,
            "eps_growth_year": null,
            "eps_4q": -1.81,
            "eps_4q_growth_year": null,
            "roe": -9.12,
            "roe_4q": -22.069999999999997,
            "gross_profit": 41391,
            "gross_margin": 56.16,
            "gross_margin_4q_avg": 65.83,
            "net_income": -17216,
            "net_income_4q": null,
            "revenue": 73699,
            "revenue_4q": null,
            "common_shares": 246080,
            "book_valuer_per_share": 7.31,
            "book_valuer_per_share_4q_avg": 8.22,
            "equity": 179913,
            "current_ratio": 114.95,
            "debt_ratio": 53.16,
            "inventory_turnover_ratio": 2.22,
            "account_receivable_turnover_ratio": null,
            "reinvestment_rate": null,
            "research_to_sale_ratio": null,
            "price_fair": 0,
            "eps_avg_yearly": 0,
            "eps_latest_yearly": 0,
            "eps_growth_yearly": 0
        },
        "20034": {
            "year_quarter": 20034,
            "year": 2003,
            "quarter": 4,
            "eps": 1.99,
            "eps_growth_year": null,
            "eps_4q": 0.21,
            "eps_4q_growth_year": null,
            "roe": 23.94,
            "roe_4q": 2.2100000000000035,
            "gross_profit": 103451,
            "gross_margin": 78.73,
            "gross_margin_4q_avg": 70.27,
            "net_income": 48946,
            "net_income_4q": null,
            "revenue": 131404,
            "revenue_4q": null,
            "common_shares": 246080,
            "book_valuer_per_share": 9.3,
            "book_valuer_per_share_4q_avg": 8.27,
            "equity": 228961,
            "current_ratio": 144.58,
            "debt_ratio": 48.73,
            "inventory_turnover_ratio": 2.08,
            "account_receivable_turnover_ratio": null,
            "reinvestment_rate": null,
            "research_to_sale_ratio": null,
            "price_fair": 0,
            "eps_avg_yearly": 0,
            "eps_latest_yearly": 0,
            "eps_growth_yearly": 0
        },
        "20041": {
            "year_quarter": 20041,
            "year": 2004,
            "quarter": 1,
            "eps": -1.07,
            "eps_growth_year": null,
            "eps_4q": -0.2,
            "eps_4q_growth_year": null,
            "roe": -12.21,
            "roe_4q": -2.5299999999999985,
            "gross_profit": 31001,
            "gross_margin": 74.05,
            "gross_margin_4q_avg": 68.75,
            "net_income": -26328,
            "net_income_4q": null,
            "revenue": 41864,
            "revenue_4q": null,
            "common_shares": 246080,
            "book_valuer_per_share": 8.22,
            "book_valuer_per_share_4q_avg": 8.21,
            "equity": 202255,
            "current_ratio": 131.98,
            "debt_ratio": 50.39,
            "inventory_turnover_ratio": 0.83,
            "account_receivable_turnover_ratio": null,
            "reinvestment_rate": null,
            "research_to_sale_ratio": null,
            "price_fair": 0,
            "eps_avg_yearly": 0,
            "eps_latest_yearly": 0,
            "eps_growth_yearly": 0
        },
        "20042": {
            "year_quarter": 20042,
            "year": 2004,
            "quarter": 2,
            "eps": -0.98,
            "eps_growth_year": null,
            "eps_4q": -0.76,
            "eps_4q_growth_year": null,
            "roe": -12.63,
            "roe_4q": -10.020000000000001,
            "gross_profit": 33263,
            "gross_margin": 86.59,
            "gross_margin_4q_avg": 73.88,
            "net_income": -24046,
            "net_income_4q": null,
            "revenue": 38416,
            "revenue_4q": null,
            "common_shares": 246080,
            "book_valuer_per_share": 7.26,
            "book_valuer_per_share_4q_avg": 8.02,
            "equity": 178602,
            "current_ratio": 113.14,
            "debt_ratio": 51.91,
            "inventory_turnover_ratio": 0.38,
            "account_receivable_turnover_ratio": null,
            "reinvestment_rate": null,
            "research_to_sale_ratio": null,
            "price_fair": 0,
            "eps_avg_yearly": 0,
            "eps_latest_yearly": 0,
            "eps_growth_yearly": 0
        },
        "20043": {
            "year_quarter": 20043,
            "year": 2004,
            "quarter": 3,
            "eps": -0.71,
            "eps_growth_year": null,
            "eps_4q": -0.77,
            "eps_4q_growth_year": null,
            "roe": -10.3,
            "roe_4q": -11.2,
            "gross_profit": 36936,
            "gross_margin": 78.06,
            "gross_margin_4q_avg": 79.36,
            "net_income": -17507,
            "net_income_4q": null,
            "revenue": 47316,
            "revenue_4q": null,
            "common_shares": 246080,
            "book_valuer_per_share": 6.56,
            "book_valuer_per_share_4q_avg": 7.84,
            "equity": 161470,
            "current_ratio": 91.4,
            "debt_ratio": 53.89,
            "inventory_turnover_ratio": 0.79,
            "account_receivable_turnover_ratio": null,
            "reinvestment_rate": null,
            "research_to_sale_ratio": null,
            "price_fair": 0,
            "eps_avg_yearly": 0,
            "eps_latest_yearly": 0,
            "eps_growth_yearly": 0
        },
        "20044": {
            "year_quarter": 20044,
            "year": 2004,
            "quarter": 4,
            "eps": -0.44,
            "eps_growth_year": -122.11,
            "eps_4q": -2.81,
            "eps_4q_growth_year": -1433.84,
            "roe": -5.61,
            "roe_4q": -40.75,
            "gross_profit": 32429,
            "gross_margin": 69.86,
            "gross_margin_4q_avg": 77.14,
            "net_income": -11850,
            "net_income_4q": null,
            "revenue": 46419,
            "revenue_4q": null,
            "common_shares": 529360,
            "book_valuer_per_share": 4.65,
            "book_valuer_per_share_4q_avg": 6.67,
            "equity": 261256,
            "current_ratio": 113.44,
            "debt_ratio": 43.89,
            "inventory_turnover_ratio": 1.18,
            "account_receivable_turnover_ratio": null,
            "reinvestment_rate": null,
            "research_to_sale_ratio": null,
            "price_fair": 0,
            "eps_avg_yearly": 0,
            "eps_latest_yearly": 0,
            "eps_growth_yearly": 0
        },
        "20051": {
            "year_quarter": 20051,
            "year": 2005,
            "quarter": 1,
            "eps": -0.94,
            "eps_growth_year": null,
            "eps_4q": -1.94,
            "eps_4q_growth_year": null,
            "roe": -21.9,
            "roe_4q": -50.440000000000005,
            "gross_profit": 22436,
            "gross_margin": 63.91,
            "gross_margin_4q_avg": 74.61,
            "net_income": -50008,
            "net_income_4q": null,
            "revenue": 35104,
            "revenue_4q": null,
            "common_shares": 529360,
            "book_valuer_per_share": 3.69,
            "book_valuer_per_share_4q_avg": 5.54,
            "equity": 195435,
            "current_ratio": 95.65,
            "debt_ratio": 48.96,
            "inventory_turnover_ratio": 0.94,
            "account_receivable_turnover_ratio": null,
            "reinvestment_rate": null,
            "research_to_sale_ratio": null,
            "price_fair": 0,
            "eps_avg_yearly": 0,
            "eps_latest_yearly": 0,
            "eps_growth_yearly": 0
        },
        "20052": {
            "year_quarter": 20052,
            "year": 2005,
            "quarter": 2,
            "eps": -1.11,
            "eps_growth_year": null,
            "eps_4q": -4.1,
            "eps_4q_growth_year": null,
            "roe": -16.55,
            "roe_4q": -54.36,
            "gross_profit": 26633,
            "gross_margin": 48.19,
            "gross_margin_4q_avg": 65.01,
            "net_income": -29260,
            "net_income_4q": null,
            "revenue": 55271,
            "revenue_4q": null,
            "common_shares": 264680,
            "book_valuer_per_share": 5.98,
            "book_valuer_per_share_4q_avg": 5.22,
            "equity": 158244,
            "current_ratio": 73.76,
            "debt_ratio": 55.92,
            "inventory_turnover_ratio": 1.81,
            "account_receivable_turnover_ratio": null,
            "reinvestment_rate": null,
            "research_to_sale_ratio": null,
            "price_fair": 0,
            "eps_avg_yearly": 0,
            "eps_latest_yearly": 0,
            "eps_growth_yearly": 0
        },
        "20053": {
            "year_quarter": 20053,
            "year": 2005,
            "quarter": 3,
            "eps": -0.81,
            "eps_growth_year": null,
            "eps_4q": -4.25,
            "eps_4q_growth_year": null,
            "roe": -13.97,
            "roe_4q": -58.03,
            "gross_profit": 30227,
            "gross_margin": 71.12,
            "gross_margin_4q_avg": 63.27,
            "net_income": -21452,
            "net_income_4q": null,
            "revenue": 42499,
            "revenue_4q": null,
            "common_shares": 264680,
            "book_valuer_per_share": 5.63,
            "book_valuer_per_share_4q_avg": 4.99,
            "equity": 148968,
            "current_ratio": 65.76,
            "debt_ratio": 54.19,
            "inventory_turnover_ratio": 0.78,
            "account_receivable_turnover_ratio": null,
            "reinvestment_rate": null,
            "research_to_sale_ratio": null,
            "price_fair": 0,
            "eps_avg_yearly": 0,
            "eps_latest_yearly": 0,
            "eps_growth_yearly": 0
        },
        "20054": {
            "year_quarter": 20054,
            "year": 2005,
            "quarter": 4,
            "eps": -1.41,
            "eps_growth_year": null,
            "eps_4q": -3.93,
            "eps_4q_growth_year": null,
            "roe": -19.03,
            "roe_4q": -71.44999999999999,
            "gross_profit": 16163,
            "gross_margin": 29.67,
            "gross_margin_4q_avg": 53.22,
            "net_income": -38344,
            "net_income_4q": null,
            "revenue": 54472,
            "revenue_4q": null,
            "common_shares": 344680,
            "book_valuer_per_share": 5.1,
            "book_valuer_per_share_4q_avg": 5.1,
            "equity": 254052,
            "current_ratio": 97.67,
            "debt_ratio": 57.48,
            "inventory_turnover_ratio": 1.06,
            "account_receivable_turnover_ratio": null,
            "reinvestment_rate": null,
            "research_to_sale_ratio": null,
            "price_fair": 0,
            "eps_avg_yearly": 0,
            "eps_latest_yearly": 0,
            "eps_growth_yearly": 0
        },
        "20061": {
            "year_quarter": 20061,
            "year": 2006,
            "quarter": 1,
            "eps": -0.62,
            "eps_growth_year": null,
            "eps_4q": -3.2,
            "eps_4q_growth_year": null,
            "roe": -10.5,
            "roe_4q": -60.05,
            "gross_profit": 24558,
            "gross_margin": 86.36,
            "gross_margin_4q_avg": 58.84,
            "net_income": -21430,
            "net_income_4q": null,
            "revenue": 28437,
            "revenue_4q": null,
            "common_shares": 344680,
            "book_valuer_per_share": 4.47,
            "book_valuer_per_share_4q_avg": 5.3,
            "equity": 154213,
            "current_ratio": 58.17,
            "debt_ratio": 54.37,
            "inventory_turnover_ratio": 0.12,
            "account_receivable_turnover_ratio": null,
            "reinvestment_rate": null,
            "research_to_sale_ratio": null,
            "price_fair": 0,
            "eps_avg_yearly": 0,
            "eps_latest_yearly": 0,
            "eps_growth_yearly": 0
        },
        "20062": {
            "year_quarter": 20062,
            "year": 2006,
            "quarter": 2,
            "eps": -1.38,
            "eps_growth_year": null,
            "eps_4q": -3.74,
            "eps_4q_growth_year": null,
            "roe": -35.44,
            "roe_4q": -78.94,
            "gross_profit": 22171,
            "gross_margin": 52.97,
            "gross_margin_4q_avg": 60.03,
            "net_income": -47571,
            "net_income_4q": null,
            "revenue": 41854,
            "revenue_4q": null,
            "common_shares": 344680,
            "book_valuer_per_share": 3.31,
            "book_valuer_per_share_4q_avg": 4.63,
            "equity": 114209,
            "current_ratio": 90.32,
            "debt_ratio": 59.71,
            "inventory_turnover_ratio": 3.68,
            "account_receivable_turnover_ratio": null,
            "reinvestment_rate": null,
            "research_to_sale_ratio": null,
            "price_fair": 0,
            "eps_avg_yearly": 0,
            "eps_latest_yearly": 0,
            "eps_growth_yearly": 0
        },
        "20063": {
            "year_quarter": 20063,
            "year": 2006,
            "quarter": 3,
            "eps": -0.1,
            "eps_growth_year": null,
            "eps_4q": -3.22,
            "eps_4q_growth_year": null,
            "roe": -3.16,
            "roe_4q": -68.13,
            "gross_profit": 18321,
            "gross_margin": 70.2,
            "gross_margin_4q_avg": 59.8,
            "net_income": -3557,
            "net_income_4q": null,
            "revenue": 26100,
            "revenue_4q": null,
            "common_shares": 344680,
            "book_valuer_per_share": 3.21,
            "book_valuer_per_share_4q_avg": 4.02,
            "equity": 110652,
            "current_ratio": 79.91,
            "debt_ratio": 59.11,
            "inventory_turnover_ratio": 3.23,
            "account_receivable_turnover_ratio": null,
            "reinvestment_rate": null,
            "research_to_sale_ratio": null,
            "price_fair": 0,
            "eps_avg_yearly": 0,
            "eps_latest_yearly": 0,
            "eps_growth_yearly": 0
        },
        "20064": {
            "year_quarter": 20064,
            "year": 2006,
            "quarter": 4,
            "eps": -1.86,
            "eps_growth_year": null,
            "eps_4q": -3.38,
            "eps_4q_growth_year": null,
            "roe": -36.28,
            "roe_4q": -85.38,
            "gross_profit": 7041,
            "gross_margin": 8.15,
            "gross_margin_4q_avg": 54.42,
            "net_income": -32880,
            "net_income_4q": null,
            "revenue": 86396,
            "revenue_4q": null,
            "common_shares": 344680,
            "book_valuer_per_share": 2.05,
            "book_valuer_per_share_4q_avg": 3.26,
            "equity": 70605,
            "current_ratio": 117.89,
            "debt_ratio": 80.16,
            "inventory_turnover_ratio": 4.51,
            "account_receivable_turnover_ratio": null,
            "reinvestment_rate": null,
            "research_to_sale_ratio": null,
            "price_fair": 0,
            "eps_avg_yearly": 0,
            "eps_latest_yearly": 0,
            "eps_growth_yearly": 0
        },
        "20071": {
            "year_quarter": 20071,
            "year": 2007,
            "quarter": 1,
            "eps": 0.21,
            "eps_growth_year": null,
            "eps_4q": -4.6,
            "eps_4q_growth_year": null,
            "roe": 5.07,
            "roe_4q": -69.81,
            "gross_profit": 25024,
            "gross_margin": 9.66,
            "gross_margin_4q_avg": 35.25,
            "net_income": 3671,
            "net_income_4q": null,
            "revenue": 259120,
            "revenue_4q": null,
            "common_shares": 176680,
            "book_valuer_per_share": 4.2,
            "book_valuer_per_share_4q_avg": 3.19,
            "equity": 74276,
            "current_ratio": 96.15,
            "debt_ratio": 82.04,
            "inventory_turnover_ratio": 13.13,
            "account_receivable_turnover_ratio": null,
            "reinvestment_rate": null,
            "research_to_sale_ratio": null,
            "price_fair": 0,
            "eps_avg_yearly": 0,
            "eps_latest_yearly": 0,
            "eps_growth_yearly": 0
        },
        "20072": {
            "year_quarter": 20072,
            "year": 2007,
            "quarter": 2,
            "eps": -0.01,
            "eps_growth_year": null,
            "eps_4q": -1.63,
            "eps_4q_growth_year": null,
            "roe": -0.11,
            "roe_4q": -34.480000000000004,
            "gross_profit": 25018,
            "gross_margin": 9.87,
            "gross_margin_4q_avg": 24.47,
            "net_income": -102,
            "net_income_4q": null,
            "revenue": 253458,
            "revenue_4q": null,
            "common_shares": 201880,
            "book_valuer_per_share": 5.4,
            "book_valuer_per_share_4q_avg": 3.72,
            "equity": 108974,
            "current_ratio": 118.7,
            "debt_ratio": 69.81,
            "inventory_turnover_ratio": 122.85,
            "account_receivable_turnover_ratio": null,
            "reinvestment_rate": null,
            "research_to_sale_ratio": null,
            "price_fair": 0,
            "eps_avg_yearly": 0,
            "eps_latest_yearly": 0,
            "eps_growth_yearly": 0
        },
        "20073": {
            "year_quarter": 20073,
            "year": 2007,
            "quarter": 3,
            "eps": 0.35,
            "eps_growth_year": null,
            "eps_4q": -1.16,
            "eps_4q_growth_year": null,
            "roe": 6.05,
            "roe_4q": -25.270000000000003,
            "gross_profit": 31522,
            "gross_margin": 8.78,
            "gross_margin_4q_avg": 9.12,
            "net_income": 6800,
            "net_income_4q": null,
            "revenue": 358843,
            "revenue_4q": null,
            "common_shares": 201880,
            "book_valuer_per_share": 5.73,
            "book_valuer_per_share_4q_avg": 4.35,
            "equity": 115774,
            "current_ratio": 121.12,
            "debt_ratio": 70.15,
            "inventory_turnover_ratio": 156.69,
            "account_receivable_turnover_ratio": null,
            "reinvestment_rate": null,
            "research_to_sale_ratio": null,
            "price_fair": 0,
            "eps_avg_yearly": 0,
            "eps_latest_yearly": 0,
            "eps_growth_yearly": 0
        },
        "20074": {
            "year_quarter": 20074,
            "year": 2007,
            "quarter": 4,
            "eps": 0.3,
            "eps_growth_year": null,
            "eps_4q": 0.83,
            "eps_4q_growth_year": null,
            "roe": 4.93,
            "roe_4q": 15.940000000000001,
            "gross_profit": 24182,
            "gross_margin": 8.65,
            "gross_margin_4q_avg": 9.24,
            "net_income": 5852,
            "net_income_4q": null,
            "revenue": 279632,
            "revenue_4q": null,
            "common_shares": 201880,
            "book_valuer_per_share": 6.02,
            "book_valuer_per_share_4q_avg": 5.34,
            "equity": 121626,
            "current_ratio": 137.13,
            "debt_ratio": 59.58,
            "inventory_turnover_ratio": 42.91,
            "account_receivable_turnover_ratio": null,
            "reinvestment_rate": null,
            "research_to_sale_ratio": null,
            "price_fair": 3.6,
            "eps_avg_yearly": 1.2,
            "eps_latest_yearly": 1.2,
            "eps_growth_yearly": -57.14
        },
        "20081": {
            "year_quarter": 20081,
            "year": 2008,
            "quarter": 1,
            "eps": 0.94,
            "eps_growth_year": 347.62,
            "eps_4q": 1.56,
            "eps_4q_growth_year": null,
            "roe": 14.45,
            "roe_4q": 25.32,
            "gross_profit": 35427,
            "gross_margin": 9.3,
            "gross_margin_4q_avg": 9.15,
            "net_income": 18950,
            "net_income_4q": null,
            "revenue": 380948,
            "revenue_4q": null,
            "common_shares": 201880,
            "book_valuer_per_share": 6.96,
            "book_valuer_per_share_4q_avg": 6.03,
            "equity": 140576,
            "current_ratio": 133.29,
            "debt_ratio": 64.56,
            "inventory_turnover_ratio": 52.55,
            "account_receivable_turnover_ratio": null,
            "reinvestment_rate": null,
            "research_to_sale_ratio": null,
            "price_fair": 86.8,
            "eps_avg_yearly": 2.48,
            "eps_latest_yearly": 3.76,
            "eps_growth_yearly": 398.1
        },
        "20082": {
            "year_quarter": 20082,
            "year": 2008,
            "quarter": 2,
            "eps": 1.2,
            "eps_growth_year": null,
            "eps_4q": 2.76,
            "eps_4q_growth_year": null,
            "roe": 15.91,
            "roe_4q": 41.339999999999996,
            "gross_profit": 43937,
            "gross_margin": 11.25,
            "gross_margin_4q_avg": 9.5,
            "net_income": 24298,
            "net_income_4q": null,
            "revenue": 390632,
            "revenue_4q": null,
            "common_shares": 201880,
            "book_valuer_per_share": 8.17,
            "book_valuer_per_share_4q_avg": 6.72,
            "equity": 164874,
            "current_ratio": 140.23,
            "debt_ratio": 62.79,
            "inventory_turnover_ratio": 110.96,
            "account_receivable_turnover_ratio": null,
            "reinvestment_rate": null,
            "research_to_sale_ratio": null,
            "price_fair": 113.87,
            "eps_avg_yearly": 3.25,
            "eps_latest_yearly": 4.8,
            "eps_growth_yearly": 302.28
        },
        "20083": {
            "year_quarter": 20083,
            "year": 2008,
            "quarter": 3,
            "eps": 1.92,
            "eps_growth_year": 448.57,
            "eps_4q": 4.36,
            "eps_4q_growth_year": null,
            "roe": 21,
            "roe_4q": 56.29,
            "gross_profit": 35935,
            "gross_margin": 10.88,
            "gross_margin_4q_avg": 10.02,
            "net_income": 38686,
            "net_income_4q": null,
            "revenue": 330428,
            "revenue_4q": null,
            "common_shares": 201880,
            "book_valuer_per_share": 10.08,
            "book_valuer_per_share_4q_avg": 7.81,
            "equity": 203560,
            "current_ratio": 195.66,
            "debt_ratio": 41.39,
            "inventory_turnover_ratio": 165.96,
            "account_receivable_turnover_ratio": null,
            "reinvestment_rate": null,
            "research_to_sale_ratio": null,
            "price_fair": 152.6,
            "eps_avg_yearly": 4.36,
            "eps_latest_yearly": 7.68,
            "eps_growth_yearly": 286.71
        },
        "20084": {
            "year_quarter": 20084,
            "year": 2008,
            "quarter": 4,
            "eps": 1.11,
            "eps_growth_year": 270,
            "eps_4q": 5.17,
            "eps_4q_growth_year": 521.93,
            "roe": 10.43,
            "roe_4q": 61.790000000000006,
            "gross_profit": 34595,
            "gross_margin": 10.69,
            "gross_margin_4q_avg": 10.53,
            "net_income": 22391,
            "net_income_4q": null,
            "revenue": 323709,
            "revenue_4q": null,
            "common_shares": 201880,
            "book_valuer_per_share": 11.19,
            "book_valuer_per_share_4q_avg": 9.1,
            "equity": 225865,
            "current_ratio": 167.42,
            "debt_ratio": 51.64,
            "inventory_turnover_ratio": 117.45,
            "account_receivable_turnover_ratio": 2.79,
            "reinvestment_rate": null,
            "research_to_sale_ratio": null,
            "price_fair": 153.16,
            "eps_avg_yearly": 4.38,
            "eps_latest_yearly": 4.44,
            "eps_growth_yearly": 195.62
        },
        "20091": {
            "year_quarter": 20091,
            "year": 2009,
            "quarter": 1,
            "eps": 0.45,
            "eps_growth_year": -52.13,
            "eps_4q": 4.66,
            "eps_4q_growth_year": 198.02,
            "roe": 3.96,
            "roe_4q": 51.3,
            "gross_profit": 24007,
            "gross_margin": 9.93,
            "gross_margin_4q_avg": 10.69,
            "net_income": 9133,
            "net_income_4q": null,
            "revenue": 241651,
            "revenue_4q": null,
            "common_shares": 201880,
            "book_valuer_per_share": 11.64,
            "book_valuer_per_share_4q_avg": 10.27,
            "equity": 234998,
            "current_ratio": 184.82,
            "debt_ratio": 46.93,
            "inventory_turnover_ratio": 99.7,
            "account_receivable_turnover_ratio": 1.1,
            "reinvestment_rate": null,
            "research_to_sale_ratio": null,
            "price_fair": 138.13,
            "eps_avg_yearly": 3.95,
            "eps_latest_yearly": 1.8,
            "eps_growth_yearly": 123.37
        },
        "20092": {
            "year_quarter": 20092,
            "year": 2009,
            "quarter": 2,
            "eps": 0.38,
            "eps_growth_year": -68.33,
            "eps_4q": 3.83,
            "eps_4q_growth_year": 38.82,
            "roe": 3.39,
            "roe_4q": 38.78,
            "gross_profit": 36661,
            "gross_margin": 10.66,
            "gross_margin_4q_avg": 10.54,
            "net_income": 7728,
            "net_income_4q": null,
            "revenue": 344035,
            "revenue_4q": null,
            "common_shares": 201880,
            "book_valuer_per_share": 10.95,
            "book_valuer_per_share_4q_avg": 10.97,
            "equity": 221139,
            "current_ratio": 163.31,
            "debt_ratio": 54.28,
            "inventory_turnover_ratio": 315.58,
            "account_receivable_turnover_ratio": 1.43,
            "reinvestment_rate": null,
            "research_to_sale_ratio": null,
            "price_fair": 126,
            "eps_avg_yearly": 3.6,
            "eps_latest_yearly": 1.52,
            "eps_growth_yearly": 96.86
        },
        "20093": {
            "year_quarter": 20093,
            "year": 2009,
            "quarter": 3,
            "eps": 0.25,
            "eps_growth_year": -86.98,
            "eps_4q": 2.16,
            "eps_4q_growth_year": -50.4,
            "roe": 2.23,
            "roe_4q": 20.009999999999998,
            "gross_profit": 30515,
            "gross_margin": 10.4,
            "gross_margin_4q_avg": 10.42,
            "net_income": 5135,
            "net_income_4q": null,
            "revenue": 293459,
            "revenue_4q": null,
            "common_shares": 209670,
            "book_valuer_per_share": 11.38,
            "book_valuer_per_share_4q_avg": 11.29,
            "equity": 238684,
            "current_ratio": 211.11,
            "debt_ratio": 41.48,
            "inventory_turnover_ratio": 249.12,
            "account_receivable_turnover_ratio": 1.33,
            "reinvestment_rate": null,
            "research_to_sale_ratio": null,
            "price_fair": 114.63,
            "eps_avg_yearly": 3.28,
            "eps_latest_yearly": 1,
            "eps_growth_yearly": 67.65
        },
        "20094": {
            "year_quarter": 20094,
            "year": 2009,
            "quarter": 4,
            "eps": 0.36,
            "eps_growth_year": -67.57,
            "eps_4q": 1.4,
            "eps_4q_growth_year": -72.89,
            "roe": 3.05,
            "roe_4q": 12.629999999999999,
            "gross_profit": 35006,
            "gross_margin": 10.87,
            "gross_margin_4q_avg": 10.47,
            "net_income": 7400,
            "net_income_4q": null,
            "revenue": 322079,
            "revenue_4q": null,
            "common_shares": 209670,
            "book_valuer_per_share": 11.74,
            "book_valuer_per_share_4q_avg": 11.43,
            "equity": 246084,
            "current_ratio": 181.31,
            "debt_ratio": 49.79,
            "inventory_turnover_ratio": 278.44,
            "account_receivable_turnover_ratio": 2.93,
            "reinvestment_rate": -430.75,
            "research_to_sale_ratio": null,
            "price_fair": 107.49,
            "eps_avg_yearly": 3.07,
            "eps_latest_yearly": 1.44,
            "eps_growth_yearly": 79.69
        },
        "20101": {
            "year_quarter": 20101,
            "year": 2010,
            "quarter": 1,
            "eps": 0.24,
            "eps_growth_year": -46.67,
            "eps_4q": 1.08,
            "eps_4q_growth_year": -76.91,
            "roe": 1.64,
            "roe_4q": 10.31,
            "gross_profit": 29592,
            "gross_margin": 10.27,
            "gross_margin_4q_avg": 10.55,
            "net_income": 5502,
            "net_income_4q": null,
            "revenue": 288087,
            "revenue_4q": null,
            "common_shares": 239670,
            "book_valuer_per_share": 0,
            "book_valuer_per_share_4q_avg": 8.52,
            "equity": 424292,
            "current_ratio": 221.34,
            "debt_ratio": 41.89,
            "inventory_turnover_ratio": 126.99,
            "account_receivable_turnover_ratio": 1.28,
            "reinvestment_rate": -101.62,
            "research_to_sale_ratio": 0.1,
            "price_fair": 100.1,
            "eps_avg_yearly": 2.86,
            "eps_latest_yearly": 0.96,
            "eps_growth_yearly": 58.38
        },
        "20102": {
            "year_quarter": 20102,
            "year": 2010,
            "quarter": 2,
            "eps": 1,
            "eps_growth_year": 162.25,
            "eps_4q": 1.75,
            "eps_4q_growth_year": -54.36,
            "roe": 5.63,
            "roe_4q": 12.55,
            "gross_profit": 44863,
            "gross_margin": 11.93,
            "gross_margin_4q_avg": 10.87,
            "net_income": 23884,
            "net_income_4q": null,
            "revenue": 376040,
            "revenue_4q": null,
            "common_shares": 239670,
            "book_valuer_per_share": 17.69,
            "book_valuer_per_share_4q_avg": 10.2,
            "equity": 423876,
            "current_ratio": 206.62,
            "debt_ratio": 44.01,
            "inventory_turnover_ratio": 95.92,
            "account_receivable_turnover_ratio": 1.52,
            "reinvestment_rate": -44.12,
            "research_to_sale_ratio": 0.08,
            "price_fair": 103.73,
            "eps_avg_yearly": 2.96,
            "eps_latest_yearly": 4,
            "eps_growth_yearly": 168.23
        },
        "20103": {
            "year_quarter": 20103,
            "year": 2010,
            "quarter": 3,
            "eps": 0.43,
            "eps_growth_year": 71.18,
            "eps_4q": 1.92,
            "eps_4q_growth_year": -10.94,
            "roe": 2.43,
            "roe_4q": 12.75,
            "gross_profit": 38504,
            "gross_margin": 15.32,
            "gross_margin_4q_avg": 12.1,
            "net_income": 10519,
            "net_income_4q": null,
            "revenue": 251390,
            "revenue_4q": null,
            "common_shares": 245800,
            "book_valuer_per_share": 17.99,
            "book_valuer_per_share_4q_avg": 11.86,
            "equity": 442133,
            "current_ratio": 272.22,
            "debt_ratio": 32.14,
            "inventory_turnover_ratio": 30.34,
            "account_receivable_turnover_ratio": 1.11,
            "reinvestment_rate": -33.91,
            "research_to_sale_ratio": 0.14,
            "price_fair": 100.1,
            "eps_avg_yearly": 2.86,
            "eps_latest_yearly": 1.72,
            "eps_growth_yearly": 135.21
        },
        "20104": {
            "year_quarter": 20104,
            "year": 2010,
            "quarter": 4,
            "eps": -1.31,
            "eps_growth_year": -464.92,
            "eps_4q": 0.3,
            "eps_4q_growth_year": -78.69,
            "roe": -7.63,
            "roe_4q": 2.0700000000000003,
            "gross_profit": 14978,
            "gross_margin": 10.2,
            "gross_margin_4q_avg": 11.93,
            "net_income": -32512,
            "net_income_4q": null,
            "revenue": 146857,
            "revenue_4q": null,
            "common_shares": 247480,
            "book_valuer_per_share": 16.57,
            "book_valuer_per_share_4q_avg": 13.06,
            "equity": 410020,
            "current_ratio": 312.1,
            "debt_ratio": 28.33,
            "inventory_turnover_ratio": 15.88,
            "account_receivable_turnover_ratio": 0.98,
            "reinvestment_rate": -1.04,
            "research_to_sale_ratio": 0.14,
            "price_fair": 100.1,
            "eps_avg_yearly": 2.86,
            "eps_latest_yearly": 1.72,
            "eps_growth_yearly": 135.21
        },
        "20111": {
            "year_quarter": 20111,
            "year": 2011,
            "quarter": 1,
            "eps": 0.14,
            "eps_growth_year": -41.67,
            "eps_4q": 0.22,
            "eps_4q_growth_year": -79.73,
            "roe": 0.85,
            "roe_4q": 1.2800000000000002,
            "gross_profit": 24627,
            "gross_margin": 13.07,
            "gross_margin_4q_avg": 12.63,
            "net_income": 3501,
            "net_income_4q": null,
            "revenue": 188358,
            "revenue_4q": null,
            "common_shares": 247480,
            "book_valuer_per_share": 16.75,
            "book_valuer_per_share_4q_avg": 17.25,
            "equity": 414497,
            "current_ratio": 176.5,
            "debt_ratio": 50.24,
            "inventory_turnover_ratio": 27.16,
            "account_receivable_turnover_ratio": 1.32,
            "reinvestment_rate": 19.13,
            "research_to_sale_ratio": 0.21,
            "price_fair": 100.1,
            "eps_avg_yearly": 2.86,
            "eps_latest_yearly": 1.72,
            "eps_growth_yearly": 135.21
        },
        "20112": {
            "year_quarter": 20112,
            "year": 2011,
            "quarter": 2,
            "eps": -0.07,
            "eps_growth_year": -106.57,
            "eps_4q": -0.81,
            "eps_4q_growth_year": -146.46,
            "roe": -0.39,
            "roe_4q": -4.74,
            "gross_profit": 6853,
            "gross_margin": 11.33,
            "gross_margin_4q_avg": 12.48,
            "net_income": -1620,
            "net_income_4q": null,
            "revenue": 60498,
            "revenue_4q": null,
            "common_shares": 247480,
            "book_valuer_per_share": 16.43,
            "book_valuer_per_share_4q_avg": 16.94,
            "equity": 406536,
            "current_ratio": 419.36,
            "debt_ratio": 19.74,
            "inventory_turnover_ratio": 14.57,
            "account_receivable_turnover_ratio": 0.52,
            "reinvestment_rate": 17.54,
            "research_to_sale_ratio": 0,
            "price_fair": 100.1,
            "eps_avg_yearly": 2.86,
            "eps_latest_yearly": 1.72,
            "eps_growth_yearly": 135.21
        },
        "20113": {
            "year_quarter": 20113,
            "year": 2011,
            "quarter": 3,
            "eps": -0.2,
            "eps_growth_year": -146.31,
            "eps_4q": -1.44,
            "eps_4q_growth_year": -174.61,
            "roe": -1.21,
            "roe_4q": -8.38,
            "gross_profit": 10862,
            "gross_margin": 8.97,
            "gross_margin_4q_avg": 10.89,
            "net_income": -4905,
            "net_income_4q": null,
            "revenue": 121058,
            "revenue_4q": null,
            "common_shares": 247480,
            "book_valuer_per_share": 16.29,
            "book_valuer_per_share_4q_avg": 16.51,
            "equity": 403176,
            "current_ratio": 667.96,
            "debt_ratio": 11.56,
            "inventory_turnover_ratio": 125.22,
            "account_receivable_turnover_ratio": 1.51,
            "reinvestment_rate": 21.03,
            "research_to_sale_ratio": 0,
            "price_fair": 100.1,
            "eps_avg_yearly": 2.86,
            "eps_latest_yearly": 1.72,
            "eps_growth_yearly": 135.21
        },
        "20114": {
            "year_quarter": 20114,
            "year": 2011,
            "quarter": 4,
            "eps": -4.88,
            "eps_growth_year": null,
            "eps_4q": -5,
            "eps_4q_growth_year": -1774.82,
            "roe": -35.02,
            "roe_4q": -35.77,
            "gross_profit": 6429,
            "gross_margin": 15.76,
            "gross_margin_4q_avg": 12.28,
            "net_income": -118429,
            "net_income_4q": null,
            "revenue": 40794,
            "revenue_4q": null,
            "common_shares": 247480,
            "book_valuer_per_share": 11.25,
            "book_valuer_per_share_4q_avg": 15.18,
            "equity": 273207,
            "current_ratio": 241.59,
            "debt_ratio": 25.46,
            "inventory_turnover_ratio": 2.67,
            "account_receivable_turnover_ratio": 0.4,
            "reinvestment_rate": 314.53,
            "research_to_sale_ratio": 21.28,
            "price_fair": 105.38,
            "eps_avg_yearly": 3.01,
            "eps_latest_yearly": 1.72,
            "eps_growth_yearly": 152.7
        },
        "20121": {
            "year_quarter": 20121,
            "year": 2012,
            "quarter": 1,
            "eps": -2.04,
            "eps_growth_year": -1557.14,
            "eps_4q": -7.19,
            "eps_4q_growth_year": -3400.87,
            "roe": -19.85,
            "roe_4q": -56.470000000000006,
            "gross_profit": 5574,
            "gross_margin": 17.42,
            "gross_margin_4q_avg": 13.37,
            "net_income": -49627,
            "net_income_4q": null,
            "revenue": 32004,
            "revenue_4q": null,
            "common_shares": 247480,
            "book_valuer_per_share": 9.34,
            "book_valuer_per_share_4q_avg": 13.33,
            "equity": 226752,
            "current_ratio": 186.27,
            "debt_ratio": 29.6,
            "inventory_turnover_ratio": 1.01,
            "account_receivable_turnover_ratio": 0.35,
            "reinvestment_rate": null,
            "research_to_sale_ratio": 0,
            "price_fair": 102.76,
            "eps_avg_yearly": 2.94,
            "eps_latest_yearly": 1.72,
            "eps_growth_yearly": 82.63
        },
        "20122": {
            "year_quarter": 20122,
            "year": 2012,
            "quarter": 2,
            "eps": -1.64,
            "eps_growth_year": null,
            "eps_4q": -8.77,
            "eps_4q_growth_year": null,
            "roe": -19.3,
            "roe_4q": -75.38000000000001,
            "gross_profit": -2619,
            "gross_margin": -3.89,
            "gross_margin_4q_avg": 9.57,
            "net_income": -39929,
            "net_income_4q": null,
            "revenue": 67354,
            "revenue_4q": null,
            "common_shares": 242750,
            "book_valuer_per_share": 7.71,
            "book_valuer_per_share_4q_avg": 11.15,
            "equity": 187052,
            "current_ratio": 144.05,
            "debt_ratio": 37.91,
            "inventory_turnover_ratio": 3.73,
            "account_receivable_turnover_ratio": 0.84,
            "reinvestment_rate": null,
            "research_to_sale_ratio": 0,
            "price_fair": 95.51,
            "eps_avg_yearly": 2.73,
            "eps_latest_yearly": 1.72,
            "eps_growth_yearly": 79.52
        },
        "20123": {
            "year_quarter": 20123,
            "year": 2012,
            "quarter": 3,
            "eps": -1.13,
            "eps_growth_year": null,
            "eps_4q": -9.7,
            "eps_4q_growth_year": null,
            "roe": -15.77,
            "roe_4q": -89.94,
            "gross_profit": 3666,
            "gross_margin": 10.66,
            "gross_margin_4q_avg": 9.99,
            "net_income": -27457,
            "net_income_4q": null,
            "revenue": 34383,
            "revenue_4q": null,
            "common_shares": 242750,
            "book_valuer_per_share": 6.64,
            "book_valuer_per_share_4q_avg": 8.74,
            "equity": 161262,
            "current_ratio": 138.02,
            "debt_ratio": 35.5,
            "inventory_turnover_ratio": 2.84,
            "account_receivable_turnover_ratio": 0.53,
            "reinvestment_rate": null,
            "research_to_sale_ratio": 0,
            "price_fair": 73.85,
            "eps_avg_yearly": 2.11,
            "eps_latest_yearly": 1.72,
            "eps_growth_yearly": 59.46
        },
        "20124": {
            "year_quarter": 20124,
            "year": 2012,
            "quarter": 4,
            "eps": -3.68,
            "eps_growth_year": null,
            "eps_4q": -8.5,
            "eps_4q_growth_year": null,
            "roe": -77.13,
            "roe_4q": -132.04999999999998,
            "gross_profit": -2212,
            "gross_margin": -19.77,
            "gross_margin_4q_avg": 1.11,
            "net_income": -89372,
            "net_income_4q": null,
            "revenue": 11188,
            "revenue_4q": null,
            "common_shares": 242750,
            "book_valuer_per_share": 2.9,
            "book_valuer_per_share_4q_avg": 6.65,
            "equity": 70493,
            "current_ratio": 83.8,
            "debt_ratio": 43.99,
            "inventory_turnover_ratio": 1.33,
            "account_receivable_turnover_ratio": 0.4,
            "reinvestment_rate": null,
            "research_to_sale_ratio": 0,
            "price_fair": 62.2,
            "eps_avg_yearly": 1.78,
            "eps_latest_yearly": 1.72,
            "eps_growth_yearly": 92.06
        },
        "20131": {
            "year_quarter": 20131,
            "year": 2013,
            "quarter": 1,
            "eps": -0.5,
            "eps_growth_year": null,
            "eps_4q": -6.96,
            "eps_4q_growth_year": null,
            "roe": -18.38,
            "roe_4q": -130.57999999999998,
            "gross_profit": 379,
            "gross_margin": 5.55,
            "gross_margin_4q_avg": -1.86,
            "net_income": -12093,
            "net_income_4q": null,
            "revenue": 6834,
            "revenue_4q": null,
            "common_shares": 242750,
            "book_valuer_per_share": 2.52,
            "book_valuer_per_share_4q_avg": 4.94,
            "equity": 61098,
            "current_ratio": 56.93,
            "debt_ratio": 40.13,
            "inventory_turnover_ratio": 0.78,
            "account_receivable_turnover_ratio": 0.87,
            "reinvestment_rate": null,
            "research_to_sale_ratio": null,
            "price_fair": 62.07,
            "eps_avg_yearly": 1.77,
            "eps_latest_yearly": 1.72,
            "eps_growth_yearly": 147.04
        },
        "20132": {
            "year_quarter": 20132,
            "year": 2013,
            "quarter": 2,
            "eps": -1.87,
            "eps_growth_year": null,
            "eps_4q": -6.49,
            "eps_4q_growth_year": null,
            "roe": -107.25,
            "roe_4q": -218.53,
            "gross_profit": -645,
            "gross_margin": -12.25,
            "gross_margin_4q_avg": -3.95,
            "net_income": -49742,
            "net_income_4q": null,
            "revenue": 5264,
            "revenue_4q": null,
            "common_shares": 275130,
            "book_valuer_per_share": 1.15,
            "book_valuer_per_share_4q_avg": 3.3,
            "equity": 31663,
            "current_ratio": 100.79,
            "debt_ratio": 51.43,
            "inventory_turnover_ratio": 1.08,
            "account_receivable_turnover_ratio": 1.19,
            "reinvestment_rate": null,
            "research_to_sale_ratio": null,
            "price_fair": 63.84,
            "eps_avg_yearly": 1.82,
            "eps_latest_yearly": 1.72,
            "eps_growth_yearly": 188.9
        },
        "20133": {
            "year_quarter": 20133,
            "year": 2013,
            "quarter": 3,
            "eps": -0.34,
            "eps_growth_year": null,
            "eps_4q": -5.84,
            "eps_4q_growth_year": null,
            "roe": -34.21,
            "roe_4q": -236.97,
            "gross_profit": 2659,
            "gross_margin": 34.93,
            "gross_margin_4q_avg": 2.12,
            "net_income": -9489,
            "net_income_4q": null,
            "revenue": 7613,
            "revenue_4q": null,
            "common_shares": 275130,
            "book_valuer_per_share": 0.87,
            "book_valuer_per_share_4q_avg": 1.86,
            "equity": 23809,
            "current_ratio": 68.41,
            "debt_ratio": 55.8,
            "inventory_turnover_ratio": 2.67,
            "account_receivable_turnover_ratio": 2.1,
            "reinvestment_rate": null,
            "research_to_sale_ratio": null,
            "price_fair": 71.05,
            "eps_avg_yearly": 2.03,
            "eps_latest_yearly": 1.72,
            "eps_growth_yearly": 270.33
        },
        "20134": {
            "year_quarter": 20134,
            "year": 2013,
            "quarter": 4,
            "eps": -0.87,
            "eps_growth_year": null,
            "eps_4q": -7.35,
            "eps_4q_growth_year": null,
            "roe": -50.4,
            "roe_4q": -210.24,
            "gross_profit": 813,
            "gross_margin": 22.72,
            "gross_margin_4q_avg": 12.74,
            "net_income": -9556,
            "net_income_4q": null,
            "revenue": 3578,
            "revenue_4q": null,
            "common_shares": 110052,
            "book_valuer_per_share": 1.28,
            "book_valuer_per_share_4q_avg": 1.46,
            "equity": 14112,
            "current_ratio": 72.57,
            "debt_ratio": 68.32,
            "inventory_turnover_ratio": null,
            "account_receivable_turnover_ratio": 0.84,
            "reinvestment_rate": null,
            "research_to_sale_ratio": null,
            "price_fair": 77.93,
            "eps_avg_yearly": 2.23,
            "eps_latest_yearly": 1.72,
            "eps_growth_yearly": 301.78
        },
        "20141": {
            "year_quarter": 20141,
            "year": 2014,
            "quarter": 1,
            "eps": -0.64,
            "eps_growth_year": null,
            "eps_4q": -4.55,
            "eps_4q_growth_year": null,
            "roe": -17.99,
            "roe_4q": -209.85,
            "gross_profit": 686,
            "gross_margin": 17.21,
            "gross_margin_4q_avg": 15.65,
            "net_income": -8599,
            "net_income_4q": null,
            "revenue": 3985,
            "revenue_4q": null,
            "common_shares": 170052,
            "book_valuer_per_share": 4.79,
            "book_valuer_per_share_4q_avg": 2.02,
            "equity": 81479,
            "current_ratio": 635.53,
            "debt_ratio": 11.12,
            "inventory_turnover_ratio": 12.89,
            "account_receivable_turnover_ratio": 1.15,
            "reinvestment_rate": null,
            "research_to_sale_ratio": null,
            "price_fair": 100.1,
            "eps_avg_yearly": 2.86,
            "eps_latest_yearly": 1.72,
            "eps_growth_yearly": 519.33
        },
        "20142": {
            "year_quarter": 20142,
            "year": 2014,
            "quarter": 2,
            "eps": -0.5,
            "eps_growth_year": null,
            "eps_4q": -2.13,
            "eps_4q_growth_year": null,
            "roe": -10.79,
            "roe_4q": -113.38999999999999,
            "gross_profit": 444,
            "gross_margin": 35.35,
            "gross_margin_4q_avg": 27.55,
            "net_income": -8506,
            "net_income_4q": null,
            "revenue": 1256,
            "revenue_4q": null,
            "common_shares": 170052,
            "book_valuer_per_share": 4.48,
            "book_valuer_per_share_4q_avg": 2.86,
            "equity": 76201,
            "current_ratio": 743.62,
            "debt_ratio": 8.84,
            "inventory_turnover_ratio": 2.52,
            "account_receivable_turnover_ratio": 0.73,
            "reinvestment_rate": null,
            "research_to_sale_ratio": null,
            "price_fair": 5.16,
            "eps_avg_yearly": 1.72,
            "eps_latest_yearly": 1.72,
            "eps_growth_yearly": -228
        },
        "20143": {
            "year_quarter": 20143,
            "year": 2014,
            "quarter": 3,
            "eps": -0.43,
            "eps_growth_year": null,
            "eps_4q": -1.99,
            "eps_4q_growth_year": null,
            "roe": -10.39,
            "roe_4q": -89.57,
            "gross_profit": 479,
            "gross_margin": 42.02,
            "gross_margin_4q_avg": 29.33,
            "net_income": -7260,
            "net_income_4q": null,
            "revenue": 1140,
            "revenue_4q": null,
            "common_shares": 170052,
            "book_valuer_per_share": 3.74,
            "book_valuer_per_share_4q_avg": 3.57,
            "equity": 63589,
            "current_ratio": 792.9,
            "debt_ratio": 8.51,
            "inventory_turnover_ratio": 10.02,
            "account_receivable_turnover_ratio": 0.85,
            "reinvestment_rate": null,
            "research_to_sale_ratio": null,
            "price_fair": 0,
            "eps_avg_yearly": 0,
            "eps_latest_yearly": 0,
            "eps_growth_yearly": 0
        },
        "20144": {
            "year_quarter": 20144,
            "year": 2014,
            "quarter": 4,
            "eps": -0.13,
            "eps_growth_year": null,
            "eps_4q": -1.57,
            "eps_4q_growth_year": null,
            "roe": -3.65,
            "roe_4q": -42.81999999999999,
            "gross_profit": 598,
            "gross_margin": 50.42,
            "gross_margin_4q_avg": 36.25,
            "net_income": -2276,
            "net_income_4q": null,
            "revenue": 1186,
            "revenue_4q": null,
            "common_shares": 170052,
            "book_valuer_per_share": 3.6,
            "book_valuer_per_share_4q_avg": 4.15,
            "equity": 61212,
            "current_ratio": 970.23,
            "debt_ratio": 7.02,
            "inventory_turnover_ratio": 40.55,
            "account_receivable_turnover_ratio": 0.98,
            "reinvestment_rate": null,
            "research_to_sale_ratio": null,
            "price_fair": 0,
            "eps_avg_yearly": 0,
            "eps_latest_yearly": 0,
            "eps_growth_yearly": 0
        },
        "20151": {
            "year_quarter": 20151,
            "year": 2015,
            "quarter": 1,
            "eps": 0.18,
            "eps_growth_year": null,
            "eps_4q": -0.88,
            "eps_4q_growth_year": null,
            "roe": 4.84,
            "roe_4q": -19.990000000000002,
            "gross_profit": 392,
            "gross_margin": 53.63,
            "gross_margin_4q_avg": 45.36,
            "net_income": 3065,
            "net_income_4q": null,
            "revenue": 731,
            "revenue_4q": null,
            "common_shares": 170052,
            "book_valuer_per_share": 3.85,
            "book_valuer_per_share_4q_avg": 3.92,
            "equity": 65459,
            "current_ratio": 958.08,
            "debt_ratio": 7.21,
            "inventory_turnover_ratio": 18.83,
            "account_receivable_turnover_ratio": 0.96,
            "reinvestment_rate": null,
            "research_to_sale_ratio": null,
            "price_fair": 0,
            "eps_avg_yearly": 0,
            "eps_latest_yearly": 0,
            "eps_growth_yearly": 0
        },
        "20152": {
            "year_quarter": 20152,
            "year": 2015,
            "quarter": 2,
            "eps": -0.21,
            "eps_growth_year": null,
            "eps_4q": -0.59,
            "eps_4q_growth_year": null,
            "roe": -5.59,
            "roe_4q": -14.790000000000001,
            "gross_profit": 163,
            "gross_margin": 53.09,
            "gross_margin_4q_avg": 49.79,
            "net_income": -3526,
            "net_income_4q": null,
            "revenue": 307,
            "revenue_4q": null,
            "common_shares": 170052,
            "book_valuer_per_share": 3.57,
            "book_valuer_per_share_4q_avg": 3.69,
            "equity": 60751,
            "current_ratio": 1101.49,
            "debt_ratio": 6.28,
            "inventory_turnover_ratio": 24,
            "account_receivable_turnover_ratio": 1.07,
            "reinvestment_rate": null,
            "research_to_sale_ratio": null,
            "price_fair": 0,
            "eps_avg_yearly": 0,
            "eps_latest_yearly": 0,
            "eps_growth_yearly": 0
        },
        "20153": {
            "year_quarter": 20153,
            "year": 2015,
            "quarter": 3,
            "eps": -0.2,
            "eps_growth_year": null,
            "eps_4q": -0.36,
            "eps_4q_growth_year": null,
            "roe": -6.27,
            "roe_4q": -10.67,
            "gross_profit": 477,
            "gross_margin": 54.45,
            "gross_margin_4q_avg": 52.9,
            "net_income": -3424,
            "net_income_4q": null,
            "revenue": 876,
            "revenue_4q": null,
            "common_shares": 170052,
            "book_valuer_per_share": 2.85,
            "book_valuer_per_share_4q_avg": 3.47,
            "equity": 48546,
            "current_ratio": 1276.76,
            "debt_ratio": 6.24,
            "inventory_turnover_ratio": 0.77,
            "account_receivable_turnover_ratio": 1.37,
            "reinvestment_rate": null,
            "research_to_sale_ratio": null,
            "price_fair": 0,
            "eps_avg_yearly": 0,
            "eps_latest_yearly": 0,
            "eps_growth_yearly": 0
        },
        "20154": {
            "year_quarter": 20154,
            "year": 2015,
            "quarter": 4,
            "eps": -0.38,
            "eps_growth_year": null,
            "eps_4q": -0.6,
            "eps_4q_growth_year": null,
            "roe": -13.61,
            "roe_4q": -20.63,
            "gross_profit": 129,
            "gross_margin": 85.43,
            "gross_margin_4q_avg": 61.65,
            "net_income": -6403,
            "net_income_4q": null,
            "revenue": 151,
            "revenue_4q": null,
            "common_shares": 170052,
            "book_valuer_per_share": 2.68,
            "book_valuer_per_share_4q_avg": 3.24,
            "equity": 45550,
            "current_ratio": 930.83,
            "debt_ratio": 7.73,
            "inventory_turnover_ratio": 0.02,
            "account_receivable_turnover_ratio": 0.23,
            "reinvestment_rate": null,
            "research_to_sale_ratio": null,
            "price_fair": 0,
            "eps_avg_yearly": 0,
            "eps_latest_yearly": 0,
            "eps_growth_yearly": 0
        },
        "20161": {
            "year_quarter": 20161,
            "year": 2016,
            "quarter": 1,
            "eps": -0.27,
            "eps_growth_year": -250,
            "eps_4q": -1.06,
            "eps_4q_growth_year": null,
            "roe": -10.39,
            "roe_4q": -35.86,
            "gross_profit": -388,
            "gross_margin": -131.97,
            "gross_margin_4q_avg": 15.25,
            "net_income": -4675,
            "net_income_4q": null,
            "revenue": 294,
            "revenue_4q": null,
            "common_shares": 170052,
            "book_valuer_per_share": 2.61,
            "book_valuer_per_share_4q_avg": 2.93,
            "equity": 44421,
            "current_ratio": 448.57,
            "debt_ratio": 8.63,
            "inventory_turnover_ratio": 0.94,
            "account_receivable_turnover_ratio": 0.86,
            "reinvestment_rate": null,
            "research_to_sale_ratio": null,
            "price_fair": 0,
            "eps_avg_yearly": 0,
            "eps_latest_yearly": 0,
            "eps_growth_yearly": 0
        },
        "20162": {
            "year_quarter": 20162,
            "year": 2016,
            "quarter": 2,
            "eps": -0.36,
            "eps_growth_year": null,
            "eps_4q": -1.21,
            "eps_4q_growth_year": null,
            "roe": -16.1,
            "roe_4q": -46.370000000000005,
            "gross_profit": 508,
            "gross_margin": 3.04,
            "gross_margin_4q_avg": 2.74,
            "net_income": -7296,
            "net_income_4q": null,
            "revenue": 16683,
            "revenue_4q": null,
            "common_shares": 170052,
            "book_valuer_per_share": 2.15,
            "book_valuer_per_share_4q_avg": 2.57,
            "equity": 46227,
            "current_ratio": 638.97,
            "debt_ratio": 10.64,
            "inventory_turnover_ratio": 28.76,
            "account_receivable_turnover_ratio": 7.8,
            "reinvestment_rate": null,
            "research_to_sale_ratio": null,
            "price_fair": 0,
            "eps_avg_yearly": 0,
            "eps_latest_yearly": 0,
            "eps_growth_yearly": 0
        },
        "20163": {
            "year_quarter": 20163,
            "year": 2016,
            "quarter": 3,
            "eps": -0.2,
            "eps_growth_year": null,
            "eps_4q": -1.21,
            "eps_4q_growth_year": null,
            "roe": -11.9,
            "roe_4q": -52,
            "gross_profit": 2715,
            "gross_margin": 16.63,
            "gross_margin_4q_avg": -6.72,
            "net_income": -5160,
            "net_income_4q": null,
            "revenue": 16330,
            "revenue_4q": null,
            "common_shares": 170052,
            "book_valuer_per_share": 1.93,
            "book_valuer_per_share_4q_avg": 2.34,
            "equity": 40521,
            "current_ratio": 128.92,
            "debt_ratio": 51.76,
            "inventory_turnover_ratio": 35.83,
            "account_receivable_turnover_ratio": 2.81,
            "reinvestment_rate": null,
            "research_to_sale_ratio": null,
            "price_fair": 0,
            "eps_avg_yearly": 0,
            "eps_latest_yearly": 0,
            "eps_growth_yearly": 0
        },
        "20164": {
            "year_quarter": 20164,
            "year": 2016,
            "quarter": 4,
            "eps": -0.34,
            "eps_growth_year": null,
            "eps_4q": -1.17,
            "eps_4q_growth_year": null,
            "roe": -28.98,
            "roe_4q": -67.37,
            "gross_profit": 954,
            "gross_margin": 6.6,
            "gross_margin_4q_avg": -26.43,
            "net_income": -9984,
            "net_income_4q": null,
            "revenue": 14462,
            "revenue_4q": null,
            "common_shares": 170052,
            "book_valuer_per_share": 1.46,
            "book_valuer_per_share_4q_avg": 2.04,
            "equity": 28378,
            "current_ratio": 103.42,
            "debt_ratio": 72.92,
            "inventory_turnover_ratio": 71.09,
            "account_receivable_turnover_ratio": 0.8,
            "reinvestment_rate": null,
            "research_to_sale_ratio": null,
            "price_fair": 0,
            "eps_avg_yearly": 0,
            "eps_latest_yearly": 0,
            "eps_growth_yearly": 0
        },
        "20171": {
            "year_quarter": 20171,
            "year": 2017,
            "quarter": 1,
            "eps": -0.18,
            "eps_growth_year": null,
            "eps_4q": -1.08,
            "eps_4q_growth_year": null,
            "roe": -20.58,
            "roe_4q": -77.56,
            "gross_profit": 1304,
            "gross_margin": 11.37,
            "gross_margin_4q_avg": 9.41,
            "net_income": -5107,
            "net_income_4q": null,
            "revenue": 11469,
            "revenue_4q": null,
            "common_shares": 170052,
            "book_valuer_per_share": 1.17,
            "book_valuer_per_share_4q_avg": 1.68,
            "equity": 21264,
            "current_ratio": 110.94,
            "debt_ratio": 79.05,
            "inventory_turnover_ratio": 43.16,
            "account_receivable_turnover_ratio": 0.78,
            "reinvestment_rate": null,
            "research_to_sale_ratio": null,
            "price_fair": 0,
            "eps_avg_yearly": 0,
            "eps_latest_yearly": 0,
            "eps_growth_yearly": 0
        },
        "20172": {
            "year_quarter": 20172,
            "year": 2017,
            "quarter": 2,
            "eps": -0.38,
            "eps_growth_year": null,
            "eps_4q": -1.1,
            "eps_4q_growth_year": null,
            "roe": -49.49,
            "roe_4q": -110.95,
            "gross_profit": 1035,
            "gross_margin": 19.44,
            "gross_margin_4q_avg": 13.51,
            "net_income": -8435,
            "net_income_4q": null,
            "revenue": 5325,
            "revenue_4q": null,
            "common_shares": 170052,
            "book_valuer_per_share": 0.79,
            "book_valuer_per_share_4q_avg": 1.34,
            "equity": 12822,
            "current_ratio": 100.82,
            "debt_ratio": 85.9,
            "inventory_turnover_ratio": 45.16,
            "account_receivable_turnover_ratio": 5.48,
            "reinvestment_rate": null,
            "research_to_sale_ratio": null,
            "price_fair": 0,
            "eps_avg_yearly": 0,
            "eps_latest_yearly": 0,
            "eps_growth_yearly": 0
        },
        "20173": {
            "year_quarter": 20173,
            "year": 2017,
            "quarter": 3,
            "eps": -0.21,
            "eps_growth_year": null,
            "eps_4q": -1.11,
            "eps_4q_growth_year": null,
            "roe": -40.71,
            "roe_4q": -139.76,
            "gross_profit": 2758,
            "gross_margin": 19.77,
            "gross_margin_4q_avg": 14.3,
            "net_income": -4333,
            "net_income_4q": null,
            "revenue": 13951,
            "revenue_4q": null,
            "common_shares": 170052,
            "book_valuer_per_share": 0.58,
            "book_valuer_per_share_4q_avg": 1,
            "equity": 8464,
            "current_ratio": 94.79,
            "debt_ratio": 89.57,
            "inventory_turnover_ratio": 57.7,
            "account_receivable_turnover_ratio": 3.59,
            "reinvestment_rate": null,
            "research_to_sale_ratio": null,
            "price_fair": 0,
            "eps_avg_yearly": 0,
            "eps_latest_yearly": 0,
            "eps_growth_yearly": 0
        },
        "20174": {
            "year_quarter": 20174,
            "year": 2017,
            "quarter": 4,
            "eps": 0.13,
            "eps_growth_year": null,
            "eps_4q": -0.64,
            "eps_4q_growth_year": null,
            "roe": 12.73,
            "roe_4q": -98.05,
            "gross_profit": 7676,
            "gross_margin": 11.01,
            "gross_margin_4q_avg": 15.4,
            "net_income": 1152,
            "net_income_4q": null,
            "revenue": 69714,
            "revenue_4q": null,
            "common_shares": 170052,
            "book_valuer_per_share": 0.71,
            "book_valuer_per_share_4q_avg": 0.81,
            "equity": 9640,
            "current_ratio": 129.64,
            "debt_ratio": 74.01,
            "inventory_turnover_ratio": 264.55,
            "account_receivable_turnover_ratio": 9.32,
            "reinvestment_rate": null,
            "research_to_sale_ratio": null,
            "price_fair": 0,
            "eps_avg_yearly": 0,
            "eps_latest_yearly": 0,
            "eps_growth_yearly": 0
        },
        "20181": {
            "year_quarter": 20181,
            "year": 2018,
            "quarter": 1,
            "eps": 0.44,
            "eps_growth_year": null,
            "eps_4q": -0.02,
            "eps_4q_growth_year": null,
            "roe": 48.35,
            "roe_4q": -29.120000000000005,
            "gross_profit": 592,
            "gross_margin": 10.26,
            "gross_margin_4q_avg": 15.12,
            "net_income": 7249,
            "net_income_4q": null,
            "revenue": 5772,
            "revenue_4q": null,
            "common_shares": 170052,
            "book_valuer_per_share": 1.2,
            "book_valuer_per_share_4q_avg": 0.82,
            "equity": 20347,
            "current_ratio": 196.03,
            "debt_ratio": 52.5,
            "inventory_turnover_ratio": 60.58,
            "account_receivable_turnover_ratio": 0.69,
            "reinvestment_rate": null,
            "research_to_sale_ratio": null,
            "price_fair": 61.6,
            "eps_avg_yearly": 1.76,
            "eps_latest_yearly": 1.76,
            "eps_growth_yearly": 953.85
        },
        "20182": {
            "year_quarter": 20182,
            "year": 2018,
            "quarter": 2,
            "eps": -0.24,
            "eps_growth_year": null,
            "eps_4q": 0.12,
            "eps_4q_growth_year": null,
            "roe": -22.09,
            "roe_4q": -1.7199999999999989,
            "gross_profit": 119,
            "gross_margin": 76.77,
            "gross_margin_4q_avg": 29.45,
            "net_income": -4048,
            "net_income_4q": null,
            "revenue": 155,
            "revenue_4q": null,
            "common_shares": 170052,
            "book_valuer_per_share": 0.96,
            "book_valuer_per_share_4q_avg": 0.86,
            "equity": 16299,
            "current_ratio": 189.12,
            "debt_ratio": 54.37,
            "inventory_turnover_ratio": 0.47,
            "account_receivable_turnover_ratio": 0.02,
            "reinvestment_rate": null,
            "research_to_sale_ratio": null,
            "price_fair": 61.6,
            "eps_avg_yearly": 1.76,
            "eps_latest_yearly": 1.76,
            "eps_growth_yearly": 953.85
        },
        "20183": {
            "year_quarter": 20183,
            "year": 2018,
            "quarter": 3,
            "eps": 0,
            "eps_growth_year": null,
            "eps_4q": 0.01,
            "eps_4q_growth_year": null,
            "roe": -39.41,
            "roe_4q": -0.41999999999999815,
            "gross_profit": 36,
            "gross_margin": 31.86,
            "gross_margin_4q_avg": 32.48,
            "net_income": -5366,
            "net_income_4q": null,
            "revenue": 113,
            "revenue_4q": null,
            "common_shares": 170052,
            "book_valuer_per_share": 0.64,
            "book_valuer_per_share_4q_avg": 0.88,
            "equity": 10933,
            "current_ratio": 158.59,
            "debt_ratio": 64.21,
            "inventory_turnover_ratio": 2,
            "account_receivable_turnover_ratio": 0.02,
            "reinvestment_rate": null,
            "research_to_sale_ratio": null,
            "price_fair": 61.6,
            "eps_avg_yearly": 1.76,
            "eps_latest_yearly": 1.76,
            "eps_growth_yearly": 953.85
        },
        "20184": {
            "year_quarter": 20184,
            "year": 2018,
            "quarter": 4,
            "eps": 0.17,
            "eps_growth_year": 36.78,
            "eps_4q": 0.06,
            "eps_4q_growth_year": null,
            "roe": 23.69,
            "roe_4q": 10.540000000000006,
            "gross_profit": 506,
            "gross_margin": 61.48,
            "gross_margin_4q_avg": 45.09,
            "net_income": 2938,
            "net_income_4q": null,
            "revenue": 823,
            "revenue_4q": null,
            "common_shares": 170052,
            "book_valuer_per_share": 0.82,
            "book_valuer_per_share_4q_avg": 0.91,
            "equity": 13871,
            "current_ratio": 179.71,
            "debt_ratio": 56.75,
            "inventory_turnover_ratio": null,
            "account_receivable_turnover_ratio": 0.11,
            "reinvestment_rate": null,
            "research_to_sale_ratio": null,
            "price_fair": 61.6,
            "eps_avg_yearly": 1.76,
            "eps_latest_yearly": 1.76,
            "eps_growth_yearly": 953.85
        },
        "20191": {
            "year_quarter": 20191,
            "year": 2019,
            "quarter": 1,
            "eps": -0.15,
            "eps_growth_year": -134.09,
            "eps_4q": -0.53,
            "eps_4q_growth_year": null,
            "roe": -20.48,
            "roe_4q": -58.28999999999999,
            "gross_profit": 91,
            "gross_margin": 100,
            "gross_margin_4q_avg": 67.53,
            "net_income": -2577,
            "net_income_4q": null,
            "revenue": 91,
            "revenue_4q": null,
            "common_shares": 170052,
            "book_valuer_per_share": 0.66,
            "book_valuer_per_share_4q_avg": 0.77,
            "equity": 11294,
            "current_ratio": 157.24,
            "debt_ratio": 65.07,
            "inventory_turnover_ratio": null,
            "account_receivable_turnover_ratio": 0.01,
            "reinvestment_rate": null,
            "research_to_sale_ratio": null,
            "price_fair": 61.6,
            "eps_avg_yearly": 1.76,
            "eps_latest_yearly": 1.76,
            "eps_growth_yearly": 953.85
        },
        "20192": {
            "year_quarter": 20192,
            "year": 2019,
            "quarter": 2,
            "eps": -0.28,
            "eps_growth_year": null,
            "eps_4q": -0.57,
            "eps_4q_growth_year": -580.71,
            "roe": -52.42,
            "roe_4q": -88.62,
            "gross_profit": 283,
            "gross_margin": 23.35,
            "gross_margin_4q_avg": 54.17,
            "net_income": -4691,
            "net_income_4q": null,
            "revenue": 1212,
            "revenue_4q": null,
            "common_shares": 170052,
            "book_valuer_per_share": 0.39,
            "book_valuer_per_share_4q_avg": 0.63,
            "equity": 6603,
            "current_ratio": 121.39,
            "debt_ratio": 74.16,
            "inventory_turnover_ratio": 17.2,
            "account_receivable_turnover_ratio": 0.17,
            "reinvestment_rate": null,
            "research_to_sale_ratio": null,
            "price_fair": 61.6,
            "eps_avg_yearly": 1.76,
            "eps_latest_yearly": 1.76,
            "eps_growth_yearly": 953.85
        },
        "20193": {
            "year_quarter": 20193,
            "year": 2019,
            "quarter": 3,
            "eps": -0.21,
            "eps_growth_year": null,
            "eps_4q": -0.47,
            "eps_4q_growth_year": -3834.23,
            "roe": -76.71,
            "roe_4q": -125.91999999999999,
            "gross_profit": 89,
            "gross_margin": 100,
            "gross_margin_4q_avg": 71.21,
            "net_income": -3661,
            "net_income_4q": null,
            "revenue": 89,
            "revenue_4q": null,
            "common_shares": 170052,
            "book_valuer_per_share": 0.17,
            "book_valuer_per_share_4q_avg": 0.51,
            "equity": 2942,
            "current_ratio": 99.46,
            "debt_ratio": 86.37,
            "inventory_turnover_ratio": 0,
            "account_receivable_turnover_ratio": 0.01,
            "reinvestment_rate": null,
            "research_to_sale_ratio": null,
            "price_fair": 61.6,
            "eps_avg_yearly": 1.76,
            "eps_latest_yearly": 1.76,
            "eps_growth_yearly": 953.85
        },
        "20194": {
            "year_quarter": 20194,
            "year": 2019,
            "quarter": 4,
            "eps": -0.28,
            "eps_growth_year": -264.27,
            "eps_4q": -0.89,
            "eps_4q_growth_year": -1608.78,
            "roe": -94.86,
            "roe_4q": -244.47,
            "gross_profit": 25,
            "gross_margin": 31.65,
            "gross_margin_4q_avg": 63.75,
            "net_income": -5110,
            "net_income_4q": null,
            "revenue": 79,
            "revenue_4q": null,
            "common_shares": 180052,
            "book_valuer_per_share": 0.43,
            "book_valuer_per_share_4q_avg": 0.41,
            "equity": 7832,
            "current_ratio": 128.66,
            "debt_ratio": 70.57,
            "inventory_turnover_ratio": 0.67,
            "account_receivable_turnover_ratio": 0.01,
            "reinvestment_rate": null,
            "research_to_sale_ratio": null,
            "price_fair": 61.6,
            "eps_avg_yearly": 1.76,
            "eps_latest_yearly": 1.76,
            "eps_growth_yearly": 953.85
        },
        "20201": {
            "year_quarter": 20201,
            "year": 2020,
            "quarter": 1,
            "eps": -0.21,
            "eps_growth_year": null,
            "eps_4q": -0.96,
            "eps_4q_growth_year": null,
            "roe": -64.48,
            "roe_4q": -288.47,
            "gross_profit": 64,
            "gross_margin": 100,
            "gross_margin_4q_avg": 63.75,
            "net_income": -3819,
            "net_income_4q": null,
            "revenue": 64,
            "revenue_4q": null,
            "common_shares": 180052,
            "book_valuer_per_share": 0.22,
            "book_valuer_per_share_4q_avg": 0.3,
            "equity": 4013,
            "current_ratio": 105.77,
            "debt_ratio": 81.79,
            "inventory_turnover_ratio": 0,
            "account_receivable_turnover_ratio": 0.01,
            "reinvestment_rate": null,
            "research_to_sale_ratio": null,
            "price_fair": 61.6,
            "eps_avg_yearly": 1.76,
            "eps_latest_yearly": 1.76,
            "eps_growth_yearly": 953.85
        },
        "20202": {
            "year_quarter": 20202,
            "year": 2020,
            "quarter": 2,
            "eps": -0.18,
            "eps_growth_year": null,
            "eps_4q": -0.88,
            "eps_4q_growth_year": null,
            "roe": -139.72,
            "roe_4q": -375.77,
            "gross_profit": 406,
            "gross_margin": 3.66,
            "gross_margin_4q_avg": 58.83,
            "net_income": -3301,
            "net_income_4q": null,
            "revenue": 11095,
            "revenue_4q": null,
            "common_shares": 180052,
            "book_valuer_per_share": 0.04,
            "book_valuer_per_share_4q_avg": 0.22,
            "equity": 712,
            "current_ratio": 88.75,
            "debt_ratio": 97.73,
            "inventory_turnover_ratio": 395.89,
            "account_receivable_turnover_ratio": 1.01,
            "reinvestment_rate": null,
            "research_to_sale_ratio": null,
            "price_fair": 61.6,
            "eps_avg_yearly": 1.76,
            "eps_latest_yearly": 1.76,
            "eps_growth_yearly": 953.85
        },
        "20203": {
            "year_quarter": 20203,
            "year": 2020,
            "quarter": 3,
            "eps": -0.11,
            "eps_growth_year": null,
            "eps_4q": -0.77,
            "eps_4q_growth_year": null,
            "roe": -94.14,
            "roe_4q": -393.20000000000005,
            "gross_profit": 1791,
            "gross_margin": 20,
            "gross_margin_4q_avg": 38.83,
            "net_income": -2056,
            "net_income_4q": null,
            "revenue": 8955,
            "revenue_4q": null,
            "common_shares": 185052,
            "book_valuer_per_share": 0.2,
            "book_valuer_per_share_4q_avg": 0.22,
            "equity": 3656,
            "current_ratio": 100.28,
            "debt_ratio": 88.71,
            "inventory_turnover_ratio": null,
            "account_receivable_turnover_ratio": 0.6,
            "reinvestment_rate": null,
            "research_to_sale_ratio": null,
            "price_fair": 61.6,
            "eps_avg_yearly": 1.76,
            "eps_latest_yearly": 1.76,
            "eps_growth_yearly": 953.85
        },
        "20204": {
            "year_quarter": 20204,
            "year": 2020,
            "quarter": 4,
            "eps": -0.08,
            "eps_growth_year": null,
            "eps_4q": -0.57,
            "eps_4q_growth_year": null,
            "roe": -47.57,
            "roe_4q": -345.91,
            "gross_profit": 389,
            "gross_margin": 5.14,
            "gross_margin_4q_avg": 32.2,
            "net_income": -1405,
            "net_income_4q": null,
            "revenue": 7572,
            "revenue_4q": null,
            "common_shares": 185052,
            "book_valuer_per_share": 0.12,
            "book_valuer_per_share_4q_avg": 0.15,
            "equity": 2251,
            "current_ratio": 96.76,
            "debt_ratio": 92.62,
            "inventory_turnover_ratio": 108.02,
            "account_receivable_turnover_ratio": 0.56,
            "reinvestment_rate": null,
            "research_to_sale_ratio": null,
            "price_fair": 61.6,
            "eps_avg_yearly": 1.76,
            "eps_latest_yearly": 1.76,
            "eps_growth_yearly": 953.85
        },
        "20211": {
            "year_quarter": 20211,
            "year": 2021,
            "quarter": 1,
            "eps": -0.41,
            "eps_growth_year": null,
            "eps_4q": -1.22,
            "eps_4q_growth_year": null,
            "roe": -30.29,
            "roe_4q": -311.72,
            "gross_profit": 568,
            "gross_margin": 18.6,
            "gross_margin_4q_avg": 11.85,
            "net_income": -3223,
            "net_income_4q": null,
            "revenue": 3053,
            "revenue_4q": null,
            "common_shares": 82021,
            "book_valuer_per_share": 2.32,
            "book_valuer_per_share_4q_avg": 0.67,
            "equity": 19028,
            "current_ratio": 190.66,
            "debt_ratio": 51.84,
            "inventory_turnover_ratio": 18.61,
            "account_receivable_turnover_ratio": 0.26,
            "reinvestment_rate": null,
            "research_to_sale_ratio": null,
            "price_fair": 61.6,
            "eps_avg_yearly": 1.76,
            "eps_latest_yearly": 1.76,
            "eps_growth_yearly": 953.85
        },
        "20212": {
            "year_quarter": 20212,
            "year": 2021,
            "quarter": 2,
            "eps": -0.42,
            "eps_growth_year": null,
            "eps_4q": -1.23,
            "eps_4q_growth_year": null,
            "roe": -19.62,
            "roe_4q": -191.62,
            "gross_profit": 607,
            "gross_margin": 14.03,
            "gross_margin_4q_avg": 14.44,
            "net_income": -3406,
            "net_income_4q": null,
            "revenue": 4327,
            "revenue_4q": null,
            "common_shares": 82021,
            "book_valuer_per_share": 1.91,
            "book_valuer_per_share_4q_avg": 1.14,
            "equity": 15692,
            "current_ratio": 163.33,
            "debt_ratio": 59.79,
            "inventory_turnover_ratio": 4.22,
            "account_receivable_turnover_ratio": 0.44,
            "reinvestment_rate": null,
            "research_to_sale_ratio": null,
            "price_fair": 61.6,
            "eps_avg_yearly": 1.76,
            "eps_latest_yearly": 1.76,
            "eps_growth_yearly": 953.85
        },
        "20213": {
            "year_quarter": 20213,
            "year": 2021,
            "quarter": 3,
            "eps": -0.42,
            "eps_growth_year": null,
            "eps_4q": -1.39,
            "eps_4q_growth_year": null,
            "roe": -24.22,
            "roe_4q": -121.69999999999999,
            "gross_profit": 730,
            "gross_margin": 11.19,
            "gross_margin_4q_avg": 12.24,
            "net_income": -3390,
            "net_income_4q": null,
            "revenue": 6523,
            "revenue_4q": null,
            "common_shares": 82021,
            "book_valuer_per_share": 1.5,
            "book_valuer_per_share_4q_avg": 1.46,
            "equity": 12302,
            "current_ratio": 141.86,
            "debt_ratio": 68.19,
            "inventory_turnover_ratio": 2.54,
            "account_receivable_turnover_ratio": 0.57,
            "reinvestment_rate": null,
            "research_to_sale_ratio": null,
            "price_fair": 61.6,
            "eps_avg_yearly": 1.76,
            "eps_latest_yearly": 1.76,
            "eps_growth_yearly": 953.85
        },
        "20214": {
            "year_quarter": 20214,
            "year": 2021,
            "quarter": 4,
            "eps": -0.45,
            "eps_growth_year": null,
            "eps_4q": -1.67,
            "eps_4q_growth_year": null,
            "roe": -35.22,
            "roe_4q": -109.35,
            "gross_profit": 219,
            "gross_margin": 2.2,
            "gross_margin_4q_avg": 11.51,
            "net_income": -3684,
            "net_income_4q": null,
            "revenue": 9972,
            "revenue_4q": null,
            "common_shares": 82021,
            "book_valuer_per_share": 1.05,
            "book_valuer_per_share_4q_avg": 1.7,
            "equity": 8618,
            "current_ratio": 121.5,
            "debt_ratio": 78.39,
            "inventory_turnover_ratio": 3.3,
            "account_receivable_turnover_ratio": 0.66,
            "reinvestment_rate": null,
            "research_to_sale_ratio": null,
            "price_fair": 61.6,
            "eps_avg_yearly": 1.76,
            "eps_latest_yearly": 1.76,
            "eps_growth_yearly": 953.85
        },
        "20221": {
            "year_quarter": 20221,
            "year": 2022,
            "quarter": 1,
            "eps": -0.46,
            "eps_growth_year": null,
            "eps_4q": -1.39,
            "eps_4q_growth_year": null,
            "roe": -11.79,
            "roe_4q": -90.85,
            "gross_profit": -145,
            "gross_margin": -6.62,
            "gross_margin_4q_avg": 5.2,
            "net_income": -3809,
            "net_income_4q": null,
            "revenue": 2190,
            "revenue_4q": null,
            "common_shares": 102500,
            "book_valuer_per_share": 5.46,
            "book_valuer_per_share_4q_avg": 2.48,
            "equity": 56007,
            "current_ratio": 342.19,
            "debt_ratio": 31.29,
            "inventory_turnover_ratio": 0.79,
            "account_receivable_turnover_ratio": 0.18,
            "reinvestment_rate": null,
            "research_to_sale_ratio": null,
            "price_fair": 0,
            "eps_avg_yearly": 0,
            "eps_latest_yearly": 0,
            "eps_growth_yearly": 0
        },
        "20222": {
            "year_quarter": 20222,
            "year": 2022,
            "quarter": 2,
            "eps": 2.4,
            "eps_growth_year": null,
            "eps_4q": 1.11,
            "eps_4q_growth_year": null,
            "roe": 33.18,
            "roe_4q": -38.05,
            "gross_profit": -774,
            "gross_margin": -124.84,
            "gross_margin_4q_avg": -29.52,
            "net_income": 22280,
            "net_income_4q": null,
            "revenue": 620,
            "revenue_4q": null,
            "common_shares": 102500,
            "book_valuer_per_share": 7.64,
            "book_valuer_per_share_4q_avg": 3.91,
            "equity": 78287,
            "current_ratio": 268.97,
            "debt_ratio": 20.3,
            "inventory_turnover_ratio": 0.53,
            "account_receivable_turnover_ratio": 0.09,
            "reinvestment_rate": null,
            "research_to_sale_ratio": null,
            "price_fair": 0,
            "eps_avg_yearly": 0,
            "eps_latest_yearly": 0,
            "eps_growth_yearly": 0
        },
        "20223": {
            "year_quarter": 20223,
            "year": 2022,
            "quarter": 3,
            "eps": -0.45,
            "eps_growth_year": null,
            "eps_4q": 1.02,
            "eps_4q_growth_year": null,
            "roe": -5.31,
            "roe_4q": -19.139999999999997,
            "gross_profit": -334,
            "gross_margin": -6.48,
            "gross_margin_4q_avg": -33.94,
            "net_income": -4128,
            "net_income_4q": null,
            "revenue": 5158,
            "revenue_4q": null,
            "common_shares": 102500,
            "book_valuer_per_share": 7.21,
            "book_valuer_per_share_4q_avg": 5.34,
            "equity": 77285,
            "current_ratio": 179.06,
            "debt_ratio": 27.99,
            "inventory_turnover_ratio": 2.76,
            "account_receivable_turnover_ratio": 0.74,
            "reinvestment_rate": null,
            "research_to_sale_ratio": null,
            "price_fair": 0,
            "eps_avg_yearly": 0,
            "eps_latest_yearly": 0,
            "eps_growth_yearly": 0
        },
        "20224": {
            "year_quarter": 20224,
            "year": 2022,
            "quarter": 4,
            "eps": -0.4,
            "eps_growth_year": null,
            "eps_4q": 0.97,
            "eps_4q_growth_year": null,
            "roe": -4.92,
            "roe_4q": 11.16,
            "gross_profit": -476,
            "gross_margin": -8.45,
            "gross_margin_4q_avg": -36.6,
            "net_income": -3684,
            "net_income_4q": null,
            "revenue": 5634,
            "revenue_4q": null,
            "common_shares": 102500,
            "book_valuer_per_share": 6.81,
            "book_valuer_per_share_4q_avg": 6.78,
            "equity": 72566,
            "current_ratio": 158.98,
            "debt_ratio": 27.67,
            "inventory_turnover_ratio": 5.29,
            "account_receivable_turnover_ratio": 0.63,
            "reinvestment_rate": null,
            "research_to_sale_ratio": null,
            "price_fair": 0,
            "eps_avg_yearly": 0,
            "eps_latest_yearly": 0,
            "eps_growth_yearly": 0
        },
        "20231": {
            "year_quarter": 20231,
            "year": 2023,
            "quarter": 1,
            "eps": -0.35,
            "eps_growth_year": null,
            "eps_4q": 0.99,
            "eps_4q_growth_year": null,
            "roe": -5.51,
            "roe_4q": 17.44,
            "gross_profit": -986,
            "gross_margin": -45.58,
            "gross_margin_4q_avg": -46.34,
            "net_income": -3893,
            "net_income_4q": null,
            "revenue": 2163,
            "revenue_4q": null,
            "common_shares": 102500,
            "book_valuer_per_share": 6.46,
            "book_valuer_per_share_4q_avg": 7.03,
            "equity": 68673,
            "current_ratio": 140.23,
            "debt_ratio": 28.19,
            "inventory_turnover_ratio": 7.49,
            "account_receivable_turnover_ratio": 0.26,
            "reinvestment_rate": null,
            "research_to_sale_ratio": null,
            "price_fair": 0,
            "eps_avg_yearly": 0,
            "eps_latest_yearly": 0,
            "eps_growth_yearly": 0
        },
        "20232": {
            "year_quarter": 20232,
            "year": 2023,
            "quarter": 2,
            "eps": -0.46,
            "eps_growth_year": -119.17,
            "eps_4q": -1.64,
            "eps_4q_growth_year": -247.38,
            "roe": -7.74,
            "roe_4q": -23.48,
            "gross_profit": -706,
            "gross_margin": -19.36,
            "gross_margin_4q_avg": -19.97,
            "net_income": -5120,
            "net_income_4q": null,
            "revenue": 3646,
            "revenue_4q": null,
            "common_shares": 102500,
            "book_valuer_per_share": 6,
            "book_valuer_per_share_4q_avg": 6.62,
            "equity": 63553,
            "current_ratio": 118.22,
            "debt_ratio": 30.29,
            "inventory_turnover_ratio": 21.13,
            "account_receivable_turnover_ratio": 0.48,
            "reinvestment_rate": null,
            "research_to_sale_ratio": null,
            "price_fair": 0,
            "eps_avg_yearly": 0,
            "eps_latest_yearly": 0,
            "eps_growth_yearly": 0
        },
        "20233": {
            "year_quarter": 20233,
            "year": 2023,
            "quarter": 3,
            "eps": -0.36,
            "eps_growth_year": null,
            "eps_4q": -1.58,
            "eps_4q_growth_year": -255.03,
            "roe": -6.6,
            "roe_4q": -24.770000000000003,
            "gross_profit": -555,
            "gross_margin": -8.47,
            "gross_margin_4q_avg": -20.47,
            "net_income": -4059,
            "net_income_4q": null,
            "revenue": 6550,
            "revenue_4q": null,
            "common_shares": 102500,
            "book_valuer_per_share": 5.63,
            "book_valuer_per_share_4q_avg": 6.23,
            "equity": 59494,
            "current_ratio": 105.46,
            "debt_ratio": 32.84,
            "inventory_turnover_ratio": 76.81,
            "account_receivable_turnover_ratio": 0.78,
            "reinvestment_rate": null,
            "research_to_sale_ratio": null,
            "price_fair": 0,
            "eps_avg_yearly": 0,
            "eps_latest_yearly": 0,
            "eps_growth_yearly": 0
        }
    },
    "months": {
        "2001-06": {
            "month": "2001-06",
            "price": "27.62",
            "revenue": 34859
        },
        "2001-07": {
            "month": "2001-07",
            "price": "24.84",
            "revenue": 19702
        },
        "2001-08": {
            "month": "2001-08",
            "price": "20.14",
            "revenue": 27266
        },
        "2001-09": {
            "month": "2001-09",
            "price": "17.63",
            "revenue": 22518
        },
        "2001-10": {
            "month": "2001-10",
            "price": "16.37",
            "revenue": 26239
        },
        "2001-11": {
            "month": "2001-11",
            "price": "19.97",
            "revenue": 47426
        },
        "2001-12": {
            "month": "2001-12",
            "price": "19.82",
            "revenue": 60063
        },
        "2002-01": {
            "month": "2002-01",
            "price": "19.24",
            "revenue": 12284
        },
        "2002-02": {
            "month": "2002-02",
            "price": "17.86",
            "revenue": 13209
        },
        "2002-03": {
            "month": "2002-03",
            "price": "17.99",
            "revenue": 21654
        },
        "2002-04": {
            "month": "2002-04",
            "price": "17.55",
            "revenue": 21150
        },
        "2002-05": {
            "month": "2002-05",
            "price": "13.75",
            "revenue": 17478
        },
        "2002-06": {
            "month": "2002-06",
            "price": "12.07",
            "revenue": 39667
        },
        "2002-07": {
            "month": "2002-07",
            "price": "12.37",
            "revenue": 30457
        },
        "2002-08": {
            "month": "2002-08",
            "price": "10.65",
            "revenue": 17657
        },
        "2002-09": {
            "month": "2002-09",
            "price": "8.22",
            "revenue": 20723
        },
        "2002-10": {
            "month": "2002-10",
            "price": "7.07",
            "revenue": 21590
        },
        "2002-11": {
            "month": "2002-11",
            "price": "6.89",
            "revenue": 30406
        },
        "2002-12": {
            "month": "2002-12",
            "price": "6.50",
            "revenue": 37576
        },
        "2003-01": {
            "month": "2003-01",
            "price": "6.50",
            "revenue": 15729
        },
        "2003-02": {
            "month": "2003-02",
            "price": "6.78",
            "revenue": 13195
        },
        "2003-03": {
            "month": "2003-03",
            "price": "6.71",
            "revenue": 24697
        },
        "2003-04": {
            "month": "2003-04",
            "price": "5.58",
            "revenue": 22798
        },
        "2003-05": {
            "month": "2003-05",
            "price": "4.99",
            "revenue": 20643
        },
        "2003-06": {
            "month": "2003-06",
            "price": "5.63",
            "revenue": 24241
        },
        "2003-07": {
            "month": "2003-07",
            "price": "5.90",
            "revenue": 17215
        },
        "2003-08": {
            "month": "2003-08",
            "price": "6.05",
            "revenue": 11552
        },
        "2003-09": {
            "month": "2003-09",
            "price": "5.30",
            "revenue": 44930
        },
        "2003-10": {
            "month": "2003-10",
            "price": "5.89",
            "revenue": 28249
        },
        "2003-11": {
            "month": "2003-11",
            "price": "6.84",
            "revenue": 20966
        },
        "2003-12": {
            "month": "2003-12",
            "price": "6.67",
            "revenue": 82190
        },
        "2004-01": {
            "month": "2004-01",
            "price": "7.11",
            "revenue": 8241
        },
        "2004-02": {
            "month": "2004-02",
            "price": "8.32",
            "revenue": 10129
        },
        "2004-03": {
            "month": "2004-03",
            "price": "7.77",
            "revenue": 23494
        },
        "2004-04": {
            "month": "2004-04",
            "price": "7.58",
            "revenue": 11015
        },
        "2004-05": {
            "month": "2004-05",
            "price": "6.66",
            "revenue": 10964
        },
        "2004-06": {
            "month": "2004-06",
            "price": "5.94",
            "revenue": 16437
        },
        "2004-07": {
            "month": "2004-07",
            "price": "5.49",
            "revenue": 13578
        },
        "2004-08": {
            "month": "2004-08",
            "price": "5.74",
            "revenue": 9555
        },
        "2004-09": {
            "month": "2004-09",
            "price": "5.37",
            "revenue": 24183
        },
        "2004-10": {
            "month": "2004-10",
            "price": "4.85",
            "revenue": 12020
        },
        "2004-11": {
            "month": "2004-11",
            "price": "4.38",
            "revenue": 12085
        },
        "2004-12": {
            "month": "2004-12",
            "price": "4.00",
            "revenue": 24741
        },
        "2005-01": {
            "month": "2005-01",
            "price": "3.74",
            "revenue": 8951
        },
        "2005-02": {
            "month": "2005-02",
            "price": "3.72",
            "revenue": 7781
        },
        "2005-03": {
            "month": "2005-03",
            "price": "4.51",
            "revenue": 18372
        },
        "2005-04": {
            "month": "2005-04",
            "price": "4.46",
            "revenue": 5774
        },
        "2005-05": {
            "month": "2005-05",
            "price": "4.28",
            "revenue": 24385
        },
        "2005-06": {
            "month": "2005-06",
            "price": "4.40",
            "revenue": 25111
        },
        "2005-07": {
            "month": "2005-07",
            "price": "4.45",
            "revenue": 13341
        },
        "2005-08": {
            "month": "2005-08",
            "price": "4.89",
            "revenue": 14241
        },
        "2005-09": {
            "month": "2005-09",
            "price": "10.09",
            "revenue": 14917
        },
        "2005-10": {
            "month": "2005-10",
            "price": "10.01",
            "revenue": 11103
        },
        "2005-11": {
            "month": "2005-11",
            "price": "9.78",
            "revenue": 11607
        },
        "2005-12": {
            "month": "2005-12",
            "price": "10.72",
            "revenue": 31172
        },
        "2006-01": {
            "month": "2006-01",
            "price": "10.23",
            "revenue": 6724
        },
        "2006-02": {
            "month": "2006-02",
            "price": "9.60",
            "revenue": 11122
        },
        "2006-03": {
            "month": "2006-03",
            "price": "7.60",
            "revenue": 10591
        },
        "2006-04": {
            "month": "2006-04",
            "price": "5.85",
            "revenue": 7326
        },
        "2006-05": {
            "month": "2006-05",
            "price": "5.21",
            "revenue": 14472
        },
        "2006-06": {
            "month": "2006-06",
            "price": "5.52",
            "revenue": 20033
        },
        "2006-07": {
            "month": "2006-07",
            "price": "5.23",
            "revenue": 12553
        },
        "2006-08": {
            "month": "2006-08",
            "price": "4.57",
            "revenue": 11878
        },
        "2006-09": {
            "month": "2006-09",
            "price": "3.63",
            "revenue": 11084
        },
        "2006-10": {
            "month": "2006-10",
            "price": "5.12",
            "revenue": 6097
        },
        "2006-11": {
            "month": "2006-11",
            "price": "3.77",
            "revenue": 14792
        },
        "2006-12": {
            "month": "2006-12",
            "price": "3.98",
            "revenue": 85316
        },
        "2007-01": {
            "month": "2007-01",
            "price": "6.99",
            "revenue": 96535
        },
        "2007-02": {
            "month": "2007-02",
            "price": "7.55",
            "revenue": 73249
        },
        "2007-03": {
            "month": "2007-03",
            "price": "9.24",
            "revenue": 92007
        },
        "2007-04": {
            "month": "2007-04",
            "price": "15.55",
            "revenue": 78989
        },
        "2007-05": {
            "month": "2007-05",
            "price": "14.65",
            "revenue": 69972
        },
        "2007-06": {
            "month": "2007-06",
            "price": "14.19",
            "revenue": 104492
        },
        "2007-07": {
            "month": "2007-07",
            "price": "16.10",
            "revenue": 102772
        },
        "2007-08": {
            "month": "2007-08",
            "price": "16.48",
            "revenue": 130713
        },
        "2007-09": {
            "month": "2007-09",
            "price": "29.42",
            "revenue": 125355
        },
        "2007-10": {
            "month": "2007-10",
            "price": "31.79",
            "revenue": 125893
        },
        "2007-11": {
            "month": "2007-11",
            "price": "28.74",
            "revenue": 73052
        },
        "2007-12": {
            "month": "2007-12",
            "price": "24.21",
            "revenue": 80689
        },
        "2008-01": {
            "month": "2008-01",
            "price": "21.86",
            "revenue": 125661
        },
        "2008-02": {
            "month": "2008-02",
            "price": "19.46",
            "revenue": 102225
        },
        "2008-03": {
            "month": "2008-03",
            "price": "19.89",
            "revenue": 150185
        },
        "2008-04": {
            "month": "2008-04",
            "price": "25.09",
            "revenue": 136272
        },
        "2008-05": {
            "month": "2008-05",
            "price": "29.25",
            "revenue": 111847
        },
        "2008-06": {
            "month": "2008-06",
            "price": "28.37",
            "revenue": 145405
        },
        "2008-07": {
            "month": "2008-07",
            "price": "26.41",
            "revenue": 101570
        },
        "2008-08": {
            "month": "2008-08",
            "price": "27.38",
            "revenue": 106237
        },
        "2008-09": {
            "month": "2008-09",
            "price": "20.31",
            "revenue": 122621
        },
        "2008-10": {
            "month": "2008-10",
            "price": "16.19",
            "revenue": 131268
        },
        "2008-11": {
            "month": "2008-11",
            "price": "19.24",
            "revenue": 100192
        },
        "2008-12": {
            "month": "2008-12",
            "price": "21.84",
            "revenue": 93487
        },
        "2009-01": {
            "month": "2009-01",
            "price": "21.84",
            "revenue": 62135
        },
        "2009-02": {
            "month": "2009-02",
            "price": "20.32",
            "revenue": 64178
        },
        "2009-03": {
            "month": "2009-03",
            "price": "21.44",
            "revenue": 115338
        },
        "2009-04": {
            "month": "2009-04",
            "price": "29.16",
            "revenue": 115546
        },
        "2009-05": {
            "month": "2009-05",
            "price": "31.72",
            "revenue": 125267
        },
        "2009-06": {
            "month": "2009-06",
            "price": "26.69",
            "revenue": 103222
        },
        "2009-07": {
            "month": "2009-07",
            "price": "29.62",
            "revenue": 100158
        },
        "2009-08": {
            "month": "2009-08",
            "price": "47.44",
            "revenue": 96475
        },
        "2009-09": {
            "month": "2009-09",
            "price": "55.74",
            "revenue": 96826
        },
        "2009-10": {
            "month": "2009-10",
            "price": "59.11",
            "revenue": 126784
        },
        "2009-11": {
            "month": "2009-11",
            "price": "59.12",
            "revenue": 77922
        },
        "2009-12": {
            "month": "2009-12",
            "price": "74.77",
            "revenue": 117355
        },
        "2010-01": {
            "month": "2010-01",
            "price": "79.68",
            "revenue": 81337
        },
        "2010-02": {
            "month": "2010-02",
            "price": "68.79",
            "revenue": 89537
        },
        "2010-03": {
            "month": "2010-03",
            "price": "76.11",
            "revenue": 117213
        },
        "2010-04": {
            "month": "2010-04",
            "price": "80.06",
            "revenue": 144553
        },
        "2010-05": {
            "month": "2010-05",
            "price": "76.77",
            "revenue": 122289
        },
        "2010-06": {
            "month": "2010-06",
            "price": "76.72",
            "revenue": 110389
        },
        "2010-07": {
            "month": "2010-07",
            "price": "71.97",
            "revenue": 80413
        },
        "2010-08": {
            "month": "2010-08",
            "price": "69.52",
            "revenue": 80295
        },
        "2010-09": {
            "month": "2010-09",
            "price": "61.03",
            "revenue": 89478
        },
        "2010-10": {
            "month": "2010-10",
            "price": "58.04",
            "revenue": 55037
        },
        "2010-11": {
            "month": "2010-11",
            "price": "52.59",
            "revenue": 37897
        },
        "2010-12": {
            "month": "2010-12",
            "price": "51.32",
            "revenue": 57778
        },
        "2011-01": {
            "month": "2011-01",
            "price": "52.08",
            "revenue": 67252
        },
        "2011-02": {
            "month": "2011-02",
            "price": "63.57",
            "revenue": 34868
        },
        "2011-03": {
            "month": "2011-03",
            "price": "72.58",
            "revenue": 86171
        },
        "2011-04": {
            "month": "2011-04",
            "price": "75.98",
            "revenue": 11916
        },
        "2011-05": {
            "month": "2011-05",
            "price": "74.29",
            "revenue": 3577
        },
        "2011-06": {
            "month": "2011-06",
            "price": "70.75",
            "revenue": 45072
        },
        "2011-07": {
            "month": "2011-07",
            "price": "74.84",
            "revenue": 58164
        },
        "2011-08": {
            "month": "2011-08",
            "price": "73.48",
            "revenue": 21558
        },
        "2011-09": {
            "month": "2011-09",
            "price": "73.34",
            "revenue": 41336
        },
        "2011-10": {
            "month": "2011-10",
            "price": "67.58",
            "revenue": 38690
        },
        "2011-11": {
            "month": "2011-11",
            "price": "38.19",
            "revenue": 16978
        },
        "2011-12": {
            "month": "2011-12",
            "price": "18.31",
            "revenue": 11901
        },
        "2012-01": {
            "month": "2012-01",
            "price": "16.27",
            "revenue": 3366
        },
        "2012-02": {
            "month": "2012-02",
            "price": "24.10",
            "revenue": 12788
        },
        "2012-03": {
            "month": "2012-03",
            "price": "19.95",
            "revenue": 15850
        },
        "2012-04": {
            "month": "2012-04",
            "price": "15.00",
            "revenue": 17985
        },
        "2012-05": {
            "month": "2012-05",
            "price": "11.78",
            "revenue": 25087
        },
        "2012-06": {
            "month": "2012-06",
            "price": "12.21",
            "revenue": 24282
        },
        "2012-07": {
            "month": "2012-07",
            "price": "11.80",
            "revenue": 16964
        },
        "2012-08": {
            "month": "2012-08",
            "price": "9.78",
            "revenue": 14331
        },
        "2012-09": {
            "month": "2012-09",
            "price": "8.93",
            "revenue": 2479
        },
        "2012-10": {
            "month": "2012-10",
            "price": "6.29",
            "revenue": 1818
        },
        "2012-11": {
            "month": "2012-11",
            "price": "4.69",
            "revenue": 4761
        },
        "2012-12": {
            "month": "2012-12",
            "price": "5.73",
            "revenue": 4836
        },
        "2013-01": {
            "month": "2013-01",
            "price": "9.46",
            "revenue": 3086
        },
        "2013-02": {
            "month": "2013-02",
            "price": "9.98",
            "revenue": 491
        },
        "2013-03": {
            "month": "2013-03",
            "price": "8.30",
            "revenue": 3030
        },
        "2013-04": {
            "month": "2013-04",
            "price": "7.30",
            "revenue": 2275
        },
        "2013-05": {
            "month": "2013-05",
            "price": "6.12",
            "revenue": 1175
        },
        "2013-06": {
            "month": "2013-06",
            "price": "5.36",
            "revenue": 2041
        },
        "2013-07": {
            "month": "2013-07",
            "price": "5.30",
            "revenue": 2760
        },
        "2013-08": {
            "month": "2013-08",
            "price": "5.23",
            "revenue": 1241
        },
        "2013-09": {
            "month": "2013-09",
            "price": "4.44",
            "revenue": 3612
        },
        "2013-10": {
            "month": "2013-10",
            "price": "5.06",
            "revenue": 189
        },
        "2013-11": {
            "month": "2013-11",
            "price": "5.01",
            "revenue": 386
        },
        "2013-12": {
            "month": "2013-12",
            "price": "4.27",
            "revenue": 3003
        },
        "2014-01": {
            "month": "2014-01",
            "price": "4.53",
            "revenue": 813
        },
        "2014-02": {
            "month": "2014-02",
            "price": "9.36",
            "revenue": 2958
        },
        "2014-03": {
            "month": "2014-03",
            "price": "27.70",
            "revenue": 214
        },
        "2014-04": {
            "month": "2014-04",
            "price": "26.27",
            "revenue": 269
        },
        "2014-05": {
            "month": "2014-05",
            "price": "25.76",
            "revenue": 57
        },
        "2014-06": {
            "month": "2014-06",
            "price": "24.98",
            "revenue": 930
        },
        "2014-07": {
            "month": "2014-07",
            "price": "22.60",
            "revenue": 485
        },
        "2014-08": {
            "month": "2014-08",
            "price": "17.87",
            "revenue": 84
        },
        "2014-09": {
            "month": "2014-09",
            "price": "13.78",
            "revenue": 572
        },
        "2014-10": {
            "month": "2014-10",
            "price": "13.50",
            "revenue": 45
        },
        "2014-11": {
            "month": "2014-11",
            "price": "10.95",
            "revenue": 83
        },
        "2014-12": {
            "month": "2014-12",
            "price": "13.37",
            "revenue": 1057
        },
        "2015-01": {
            "month": "2015-01",
            "price": "24.92",
            "revenue": 222
        },
        "2015-02": {
            "month": "2015-02",
            "price": "25.19",
            "revenue": 82
        },
        "2015-03": {
            "month": "2015-03",
            "price": "25.19",
            "revenue": 427
        },
        "2015-04": {
            "month": "2015-04",
            "price": "21.52",
            "revenue": 179
        },
        "2015-05": {
            "month": "2015-05",
            "price": "15.30",
            "revenue": 39
        },
        "2015-06": {
            "month": "2015-06",
            "price": "10.40",
            "revenue": 89
        },
        "2015-07": {
            "month": "2015-07",
            "price": "13.89",
            "revenue": 164
        },
        "2015-08": {
            "month": "2015-08",
            "price": "11.13",
            "revenue": 700
        },
        "2015-09": {
            "month": "2015-09",
            "price": "7.94",
            "revenue": 12
        },
        "2015-10": {
            "month": "2015-10",
            "price": "11.15",
            "revenue": 54
        },
        "2015-12": {
            "month": "2015-12",
            "price": "9.49",
            "revenue": 93
        },
        "2016-01": {
            "month": "2016-01",
            "price": "9.90",
            "revenue": 174
        },
        "2016-02": {
            "month": "2016-02",
            "price": "10.15",
            "revenue": 6
        },
        "2016-03": {
            "month": "2016-03",
            "price": "9.93",
            "revenue": 114
        },
        "2016-04": {
            "month": "2016-04",
            "price": "13.55",
            "revenue": 235
        },
        "2016-05": {
            "month": "2016-05",
            "price": "15.31",
            "revenue": 67
        },
        "2016-06": {
            "month": "2016-06",
            "price": "18.94",
            "revenue": 15672
        },
        "2016-07": {
            "month": "2016-07",
            "price": "19.97",
            "revenue": 48
        },
        "2016-08": {
            "month": "2016-08",
            "price": "18.97",
            "revenue": 2053
        },
        "2016-09": {
            "month": "2016-09",
            "price": "19.30",
            "revenue": 14507
        },
        "2016-10": {
            "month": "2016-10",
            "price": "19.33",
            "revenue": 50
        },
        "2016-11": {
            "month": "2016-11",
            "price": "18.84",
            "revenue": 12911
        },
        "2016-12": {
            "month": "2016-12",
            "price": "18.60",
            "revenue": 1797
        },
        "2017-01": {
            "month": "2017-01",
            "price": "15.35",
            "revenue": 9418
        },
        "2017-02": {
            "month": "2017-02",
            "price": "17.59",
            "revenue": 67
        },
        "2017-03": {
            "month": "2017-03",
            "price": "16.45",
            "revenue": 1819
        },
        "2017-04": {
            "month": "2017-04",
            "price": "13.00",
            "revenue": 1947
        },
        "2017-05": {
            "month": "2017-05",
            "price": "11.66",
            "revenue": 3193
        },
        "2017-06": {
            "month": "2017-06",
            "price": "11.80",
            "revenue": 178
        },
        "2017-07": {
            "month": "2017-07",
            "price": "12.11",
            "revenue": 13157
        },
        "2017-08": {
            "month": "2017-08",
            "price": "9.25",
            "revenue": 77
        },
        "2017-09": {
            "month": "2017-09",
            "price": "9.66",
            "revenue": 79
        },
        "2017-10": {
            "month": "2017-10",
            "price": "11.12",
            "revenue": 2500
        },
        "2017-11": {
            "month": "2017-11",
            "price": "13.68",
            "revenue": 12412
        },
        "2017-12": {
            "month": "2017-12",
            "price": "10.49",
            "revenue": 54544
        },
        "2018-01": {
            "month": "2018-01",
            "price": "9.86",
            "revenue": 43
        },
        "2018-02": {
            "month": "2018-02",
            "price": "10.68",
            "revenue": 46
        },
        "2018-03": {
            "month": "2018-03",
            "price": "13.27",
            "revenue": 5569
        },
        "2018-04": {
            "month": "2018-04",
            "price": "13.26",
            "revenue": 67
        },
        "2018-05": {
            "month": "2018-05",
            "price": "13.37",
            "revenue": 29
        },
        "2018-06": {
            "month": "2018-06",
            "price": "13.24",
            "revenue": 59
        },
        "2018-07": {
            "month": "2018-07",
            "price": "14.22",
            "revenue": 29
        },
        "2018-08": {
            "month": "2018-08",
            "price": "15.02",
            "revenue": 84
        },
        "2018-09": {
            "month": "2018-09",
            "price": "17.18",
            "revenue": 0
        },
        "2018-10": {
            "month": "2018-10",
            "price": "16.20",
            "revenue": 26
        },
        "2018-12": {
            "month": "2018-12",
            "price": "13.84",
            "revenue": 380
        },
        "2019-01": {
            "month": "2019-01",
            "price": "11.91",
            "revenue": 27
        },
        "2019-02": {
            "month": "2019-02",
            "price": "12.76",
            "revenue": 30
        },
        "2019-03": {
            "month": "2019-03",
            "price": "10.79",
            "revenue": 34
        },
        "2019-04": {
            "month": "2019-04",
            "price": "10.68",
            "revenue": 27
        },
        "2019-05": {
            "month": "2019-05",
            "price": "10.61",
            "revenue": 27
        },
        "2019-06": {
            "month": "2019-06",
            "price": "11.14",
            "revenue": 1158
        },
        "2019-07": {
            "month": "2019-07",
            "price": "10.82",
            "revenue": 27
        },
        "2019-08": {
            "month": "2019-08",
            "price": "10.70",
            "revenue": 27
        },
        "2019-09": {
            "month": "2019-09",
            "price": "10.31",
            "revenue": 34
        },
        "2019-10": {
            "month": "2019-10",
            "price": "9.52",
            "revenue": 30
        },
        "2019-11": {
            "month": "2019-11",
            "price": "9.53",
            "revenue": 18
        },
        "2019-12": {
            "month": "2019-12",
            "price": "8.98",
            "revenue": 30
        },
        "2020-01": {
            "month": "2020-01",
            "price": "8.97",
            "revenue": 37
        },
        "2020-02": {
            "month": "2020-02",
            "price": "7.80",
            "revenue": 12
        },
        "2020-04": {
            "month": "2020-04",
            "price": "6.17",
            "revenue": 4374
        },
        "2020-05": {
            "month": "2020-05",
            "price": "6.05",
            "revenue": 3598
        },
        "2020-06": {
            "month": "2020-06",
            "price": "10.66",
            "revenue": 3123
        },
        "2020-07": {
            "month": "2020-07",
            "price": "8.51",
            "revenue": 2095
        },
        "2020-08": {
            "month": "2020-08",
            "price": "7.82",
            "revenue": 2526
        },
        "2020-09": {
            "month": "2020-09",
            "price": "8.23",
            "revenue": 2894
        },
        "2020-10": {
            "month": "2020-10",
            "price": "9.16",
            "revenue": 2479
        },
        "2020-11": {
            "month": "2020-11",
            "price": "10.20",
            "revenue": 2303
        },
        "2020-12": {
            "month": "2020-12",
            "price": "10.68",
            "revenue": 2790
        },
        "2021-01": {
            "month": "2021-01",
            "price": "8.44",
            "revenue": 1088
        },
        "2021-02": {
            "month": "2021-02",
            "price": "7.30",
            "revenue": 851
        },
        "2021-03": {
            "month": "2021-03",
            "price": "8.50",
            "revenue": 1113
        },
        "2021-04": {
            "month": "2021-04",
            "price": "9.10",
            "revenue": 1438
        },
        "2021-05": {
            "month": "2021-05",
            "price": "14.48",
            "revenue": 1895
        },
        "2021-06": {
            "month": "2021-06",
            "price": "12.57",
            "revenue": 995
        },
        "2021-07": {
            "month": "2021-07",
            "price": "18.26",
            "revenue": 2114
        },
        "2021-08": {
            "month": "2021-08",
            "price": "21.70",
            "revenue": 2432
        },
        "2021-09": {
            "month": "2021-09",
            "price": "13.53",
            "revenue": 1975
        },
        "2021-10": {
            "month": "2021-10",
            "price": "11.91",
            "revenue": 2313
        },
        "2021-11": {
            "month": "2021-11",
            "price": "11.80",
            "revenue": 3398
        },
        "2021-12": {
            "month": "2021-12",
            "price": "11.02",
            "revenue": 4261
        },
        "2022-01": {
            "month": "2022-01",
            "price": "11.74",
            "revenue": 657
        },
        "2022-02": {
            "month": "2022-02",
            "price": "13.47",
            "revenue": 747
        },
        "2022-03": {
            "month": "2022-03",
            "price": "15.04",
            "revenue": 786
        },
        "2022-04": {
            "month": "2022-04",
            "price": "14.52",
            "revenue": 142
        },
        "2022-05": {
            "month": "2022-05",
            "price": "15.85",
            "revenue": 232
        },
        "2022-06": {
            "month": "2022-06",
            "price": "23.18",
            "revenue": 247
        },
        "2022-07": {
            "month": "2022-07",
            "price": "23.48",
            "revenue": 286
        },
        "2022-08": {
            "month": "2022-08",
            "price": "33.87",
            "revenue": 2080
        },
        "2022-09": {
            "month": "2022-09",
            "price": "41.85",
            "revenue": 2792
        },
        "2022-10": {
            "month": "2022-10",
            "price": "35.33",
            "revenue": 1689
        },
        "2022-11": {
            "month": "2022-11",
            "price": "33.20",
            "revenue": 1390
        },
        "2022-12": {
            "month": "2022-12",
            "price": "42.50",
            "revenue": 2555
        },
        "2023-01": {
            "month": "2023-01",
            "price": "41.40",
            "revenue": 385
        },
        "2023-02": {
            "month": "2023-02",
            "price": "39.00",
            "revenue": 920
        },
        "2023-03": {
            "month": "2023-03",
            "price": "37.93",
            "revenue": 858
        },
        "2023-04": {
            "month": "2023-04",
            "price": "37.26",
            "revenue": 1535
        },
        "2023-05": {
            "month": "2023-05",
            "price": "37.85",
            "revenue": 1233
        },
        "2023-06": {
            "month": "2023-06",
            "price": "36.29",
            "revenue": 878
        },
        "2023-07": {
            "month": "2023-07",
            "price": "35.01",
            "revenue": 1446
        },
        "2023-08": {
            "month": "2023-08",
            "price": "32.99",
            "revenue": 2019
        },
        "2023-09": {
            "month": "2023-09",
            "price": "30.07",
            "revenue": 3085
        },
        "2023-10": {
            "month": "2023-10",
            "price": "29.14",
            "revenue": 3027
        },
        "2023-11": {
            "month": "2023-11",
            "price": "27.47",
            "revenue": 1812
        }
    }
}
