{
    "summary": {
        "stock_name": "坤悅",
        "stock_id": "5206",
        "category": "建材營造",
        "main_business": "房地產開發",
        "website_url": "http://www.kunyue.com.tw",
        "ceo": "陳丕岳",
        "pe_ratio": 14,
        "report_year_from": 2001,
        "report_year_to": 2023,
        "age": 23,
        "eps_negative_percentage": 43,
        "eps_growth_avg": {
            "last_all": -0.1,
            "last_2y": -91.53,
            "last_4y": -22.95,
            "last_8y": -0.77,
            "last_12y": 8.98,
            "last_16y": 8.98,
            "last_20y": -0.1,
            "at_2006_last_3y": -100,
            "at_2007_last_3y": -100,
            "at_2008_last_3y": null,
            "at_2009_last_3y": null,
            "at_2010_last_3y": null,
            "at_2011_last_3y": null,
            "at_2012_last_3y": 100,
            "at_2013_last_3y": 100,
            "at_2014_last_3y": 34.97,
            "at_2015_last_3y": 51.23,
            "at_2016_last_3y": 9.93,
            "at_2017_last_3y": -9.09,
            "at_2018_last_3y": 21.41,
            "at_2019_last_3y": 13.3,
            "at_2020_last_3y": 35.53,
            "at_2021_last_3y": 8.77,
            "at_2022_last_3y": -22.95,
            "at_2023_last_3y": -53.12,
            "at_2024_last_3y": -53.12,
            "at_2006_last_all": -100,
            "at_2007_last_all": -100,
            "at_2008_last_all": -100,
            "at_2009_last_all": -100,
            "at_2010_last_all": -100,
            "at_2011_last_all": -100,
            "at_2012_last_all": 0,
            "at_2013_last_all": 33.33,
            "at_2014_last_all": 1.23,
            "at_2015_last_all": 20.98,
            "at_2016_last_all": 6.62,
            "at_2017_last_all": 9.09,
            "at_2018_last_all": 11.32,
            "at_2019_last_all": 17.57,
            "at_2020_last_all": 18.18,
            "at_2021_last_all": 8.98,
            "at_2022_last_all": -0.1,
            "at_2023_last_all": -0.1,
            "at_2024_last_all": -0.1
        },
        "latest_eps": 2.3,
        "latest_price": 32.5,
        "latest_roe": 12.27,
        "latest_gross_margin": 26.44,
        "latest_equity": 3059825,
        "latest_revenue": 1347277,
        "latest_gross_profit": 356207,
        "latest_net_income": 229694,
        "latest_debt_ratio": 74.87,
        "latest_current_ratio": 147,
        "latest_account_receivable_turnover_ratio": 10.91,
        "latest_inventory_turnover_ratio": 0.1,
        "latest_reinvestment_rate": -0.3,
        "latest_research_to_sale_ratio": null
    },
    "eps_dividends": {
        "1999": {
            "cash": 1.5,
            "stock": 1.5,
            "eps": 0
        },
        "2000": {
            "cash": 1.6,
            "stock": 1.6,
            "eps": 0
        },
        "2001": {
            "cash": 1,
            "stock": 1,
            "eps": -0.58
        },
        "2002": {
            "cash": 0,
            "stock": 0,
            "eps": -1.46
        },
        "2003": {
            "cash": 0,
            "stock": 0,
            "eps": 0.01
        },
        "2004": {
            "cash": 0,
            "stock": 0,
            "eps": -2.8
        },
        "2005": {
            "cash": 0,
            "stock": 0,
            "eps": -2.27
        },
        "2006": {
            "cash": 0,
            "stock": 0,
            "eps": -0.63
        },
        "2007": {
            "cash": 0,
            "stock": 0,
            "eps": -2.9
        },
        "2008": {
            "cash": 0,
            "stock": 0,
            "eps": -2.71
        },
        "2009": {
            "cash": 0,
            "stock": 0,
            "eps": -1.21
        },
        "2010": {
            "cash": 0,
            "stock": 0,
            "eps": -0.71
        },
        "2011": {
            "cash": 0,
            "stock": 0,
            "eps": 0.24
        },
        "2012": {
            "cash": 0,
            "stock": 0,
            "eps": 1.21
        },
        "2013": {
            "cash": 0,
            "stock": 0,
            "eps": 2.44
        },
        "2014": {
            "cash": 0,
            "stock": 0,
            "eps": 0.12
        },
        "2015": {
            "cash": 0,
            "stock": 0,
            "eps": 2.76
        },
        "2016": {
            "cash": 0.5,
            "stock": 0,
            "eps": 0.96
        },
        "2017": {
            "cash": 0.5,
            "stock": 0,
            "eps": 1.19
        },
        "2018": {
            "cash": 0.7,
            "stock": 0,
            "eps": 1.51
        },
        "2019": {
            "cash": 0.7,
            "stock": 0,
            "eps": 2.53
        },
        "2020": {
            "cash": 0.75,
            "stock": 0.5,
            "eps": 3.13
        },
        "2021": {
            "cash": 1.3,
            "stock": 0,
            "eps": 0.53
        },
        "2022": {
            "cash": 0.48,
            "stock": 0,
            "eps": -0.67
        },
        "2023": {
            "cash": 0.5,
            "stock": 0,
            "eps": 2.3
        }
    },
    "dividends": {
        "1999-06-05": {
            "cash": 1.5,
            "stock": 1.5
        },
        "2000-06-03": {
            "cash": 1.6,
            "stock": 1.6
        },
        "2001-06-13": {
            "cash": 1,
            "stock": 1
        },
        "2016-08-08": {
            "cash": 0.5,
            "stock": 0
        },
        "2017-08-30": {
            "cash": 0.5,
            "stock": 0
        },
        "2018-08-03": {
            "cash": 0.7,
            "stock": 0
        },
        "2019-08-09": {
            "cash": 0.7,
            "stock": 0
        },
        "2020-08-21": {
            "cash": 0.75,
            "stock": 0.5
        },
        "2021-09-24": {
            "cash": 1.3,
            "stock": 0
        },
        "2022-09-30": {
            "cash": 0.48,
            "stock": 0
        },
        "2023-08-11": {
            "cash": 0.5,
            "stock": 0
        }
    },
    "prices": {
        "200101": "無",
        "200102": "無",
        "200103": "無",
        "200104": "無",
        "200105": "無",
        "200106": "無",
        "200107": "無",
        "200108": "無",
        "200109": "無",
        "200110": "9.41",
        "200111": "9.64",
        "200112": "11.11",
        "200201": "11.87",
        "200202": "11.41",
        "200203": "11.53",
        "200204": "11.54",
        "200205": "10.21",
        "200206": "9.83",
        "200207": "11.76",
        "200208": "8.38",
        "200209": "7.32",
        "200210": "6.93",
        "200211": "5.50",
        "200212": "4.71",
        "200301": "5.11",
        "200302": "4.67",
        "200303": "5.95",
        "200304": "6.26",
        "200305": "5.85",
        "200306": "6.37",
        "200307": "6.68",
        "200308": "6.03",
        "200309": "5.42",
        "200310": "5.53",
        "200311": "9.48",
        "200312": "8.72",
        "200401": "11.73",
        "200402": "無",
        "200403": "13.00",
        "200404": "11.98",
        "200405": "8.35",
        "200406": "7.04",
        "200407": "5.59",
        "200408": "5.75",
        "200409": "4.42",
        "200410": "4.64",
        "200411": "3.90",
        "200412": "3.77",
        "200501": "3.45",
        "200502": "3.17",
        "200503": "3.73",
        "200504": "3.45",
        "200505": "3.23",
        "200506": "3.37",
        "200507": "3.56",
        "200508": "3.18",
        "200509": "3.15",
        "200510": "3.00",
        "200511": "2.89",
        "200512": "3.07",
        "200601": "4.48",
        "200602": "4.15",
        "200603": "5.28",
        "200604": "5.39",
        "200605": "5.41",
        "200606": "4.79",
        "200607": "4.74",
        "200608": "3.23",
        "200609": "3.07",
        "200610": "3.74",
        "200611": "3.47",
        "200612": "4.31",
        "200701": "4.71",
        "200702": "4.14",
        "200703": "4.30",
        "200704": "5.66",
        "200705": "5.13",
        "200706": "5.63",
        "200707": "8.39",
        "200708": "8.00",
        "200709": "6.57",
        "200710": "6.12",
        "200711": "4.57",
        "200712": "4.46",
        "200801": "4.89",
        "200802": "4.17",
        "200803": "4.77",
        "200804": "4.91",
        "200805": "4.75",
        "200806": "4.39",
        "200807": "3.41",
        "200808": "3.15",
        "200809": "2.35",
        "200810": "1.79",
        "200811": "1.69",
        "200812": "2.17",
        "200901": "2.19",
        "200902": "1.88",
        "200903": "2.09",
        "200904": "3.05",
        "200905": "2.38",
        "200906": "1.28",
        "200907": "1.69",
        "200908": "無",
        "200909": "1.95",
        "200910": "2.39",
        "200911": "1.76",
        "200912": "1.78",
        "201001": "2.14",
        "201002": "2.20",
        "201003": "2.02",
        "201004": "2.13",
        "201005": "1.82",
        "201006": "1.50",
        "201007": "1.70",
        "201008": "1.78",
        "201009": "1.83",
        "201010": "1.40",
        "201011": "1.45",
        "201012": "1.45",
        "201101": "1.60",
        "201102": "1.54",
        "201103": "1.53",
        "201104": "3.16",
        "201105": "5.27",
        "201106": "6.64",
        "201107": "7.77",
        "201108": "10.74",
        "201109": "11.21",
        "201110": "10.88",
        "201111": "10.72",
        "201112": "17.46",
        "201201": "15.38",
        "201202": "15.48",
        "201203": "17.35",
        "201204": "19.45",
        "201205": "20.38",
        "201206": "19.56",
        "201207": "19.00",
        "201208": "18.33",
        "201209": "17.36",
        "201210": "16.40",
        "201211": "15.20",
        "201212": "13.95",
        "201301": "15.16",
        "201302": "15.27",
        "201303": "16.16",
        "201304": "16.09",
        "201305": "18.20",
        "201306": "18.60",
        "201307": "18.14",
        "201308": "17.76",
        "201309": "16.63",
        "201310": "15.90",
        "201311": "15.92",
        "201312": "15.64",
        "201401": "15.04",
        "201402": "14.95",
        "201403": "14.58",
        "201404": "14.63",
        "201405": "14.42",
        "201406": "14.35",
        "201407": "13.56",
        "201408": "13.45",
        "201409": "14.34",
        "201410": "13.63",
        "201411": "13.03",
        "201412": "12.99",
        "201501": "12.90",
        "201502": "12.82",
        "201503": "12.92",
        "201504": "12.87",
        "201505": "12.51",
        "201506": "11.19",
        "201507": "10.86",
        "201508": "9.99",
        "201509": "11.95",
        "201510": "11.99",
        "201511": "11.43",
        "201512": "10.89",
        "201601": "9.92",
        "201602": "9.79",
        "201603": "10.76",
        "201604": "10.56",
        "201605": "9.87",
        "201606": "9.88",
        "201607": "9.78",
        "201608": "9.60",
        "201609": "9.67",
        "201610": "9.55",
        "201611": "9.18",
        "201612": "8.33",
        "201701": "8.06",
        "201702": "9.04",
        "201703": "9.24",
        "201704": "9.68",
        "201705": "9.74",
        "201706": "9.92",
        "201707": "9.91",
        "201708": "9.43",
        "201709": "9.76",
        "201710": "9.60",
        "201711": "9.69",
        "201712": "9.61",
        "201801": "9.87",
        "201802": "11.03",
        "201803": "11.77",
        "201804": "11.74",
        "201805": "11.82",
        "201806": "12.02",
        "201807": "11.45",
        "201808": "11.36",
        "201809": "12.41",
        "201810": "12.98",
        "201811": "12.95",
        "201812": "13.33",
        "201901": "13.77",
        "201902": "14.30",
        "201903": "14.90",
        "201904": "17.52",
        "201905": "17.90",
        "201906": "19.13",
        "201907": "18.43",
        "201908": "18.42",
        "201909": "17.87",
        "201910": "17.40",
        "201911": "17.50",
        "201912": "17.84",
        "202001": "18.04",
        "202002": "17.97",
        "202003": "14.34",
        "202004": "14.88",
        "202005": "15.07",
        "202006": "16.68",
        "202007": "17.17",
        "202008": "16.36",
        "202009": "17.22",
        "202010": "16.92",
        "202011": "17.30",
        "202012": "17.52",
        "202101": "17.36",
        "202102": "17.48",
        "202103": "18.93",
        "202104": "19.81",
        "202105": "17.83",
        "202106": "17.74",
        "202107": "17.68",
        "202108": "17.58",
        "202109": "16.63",
        "202110": "16.66",
        "202111": "16.23",
        "202112": "15.53",
        "202201": "15.39",
        "202202": "15.50",
        "202203": "15.53",
        "202204": "14.73",
        "202205": "13.95",
        "202206": "13.85",
        "202207": "13.65",
        "202208": "14.11",
        "202209": "14.08",
        "202210": "13.94",
        "202211": "14.01",
        "202212": "15.27",
        "202301": "15.94",
        "202302": "17.34",
        "202303": "17.97",
        "202304": "19.42",
        "202305": "21.55",
        "202306": "20.44",
        "202307": "20.20",
        "202308": "19.71",
        "202309": "22.35",
        "202310": "23.38",
        "202311": "24.12",
        "202312": "25.34"
    },
    "quarters": {
        "20011": {
            "year_quarter": 20011,
            "year": 2001,
            "quarter": 1,
            "eps": 0.03,
            "eps_growth_year": null,
            "eps_4q": null,
            "eps_4q_growth_year": null,
            "roe": 0.24,
            "roe_4q": 0.24,
            "gross_profit": 43562,
            "gross_margin": 20.07,
            "gross_margin_4q_avg": 20.07,
            "net_income": 1610,
            "net_income_4q": null,
            "revenue": 217095,
            "revenue_4q": null,
            "common_shares": 584435,
            "book_valuer_per_share": 11.43,
            "book_valuer_per_share_4q_avg": 11.43,
            "equity": 668051,
            "current_ratio": 118.01,
            "debt_ratio": 46.09,
            "inventory_turnover_ratio": 1.77,
            "account_receivable_turnover_ratio": null,
            "reinvestment_rate": null,
            "research_to_sale_ratio": null,
            "price_fair": 0,
            "eps_avg_yearly": 0,
            "eps_latest_yearly": 0,
            "eps_growth_yearly": 0
        },
        "20012": {
            "year_quarter": 20012,
            "year": 2001,
            "quarter": 2,
            "eps": 0.1,
            "eps_growth_year": null,
            "eps_4q": 0.87,
            "eps_4q_growth_year": null,
            "roe": 0.83,
            "roe_4q": 1.0699999999999998,
            "gross_profit": 58830,
            "gross_margin": 24.45,
            "gross_margin_4q_avg": 22.26,
            "net_income": 5566,
            "net_income_4q": null,
            "revenue": 240602,
            "revenue_4q": null,
            "common_shares": 584435,
            "book_valuer_per_share": 11.51,
            "book_valuer_per_share_4q_avg": 11.47,
            "equity": 672863,
            "current_ratio": 113.5,
            "debt_ratio": 52.56,
            "inventory_turnover_ratio": 1.65,
            "account_receivable_turnover_ratio": null,
            "reinvestment_rate": null,
            "research_to_sale_ratio": null,
            "price_fair": 0,
            "eps_avg_yearly": 0,
            "eps_latest_yearly": 0,
            "eps_growth_yearly": 0
        },
        "20013": {
            "year_quarter": 20013,
            "year": 2001,
            "quarter": 3,
            "eps": -0.04,
            "eps_growth_year": -117.39,
            "eps_4q": 0.59,
            "eps_4q_growth_year": null,
            "roe": -0.37,
            "roe_4q": 0.7,
            "gross_profit": 50198,
            "gross_margin": 32.96,
            "gross_margin_4q_avg": 25.83,
            "net_income": -2482,
            "net_income_4q": null,
            "revenue": 152314,
            "revenue_4q": null,
            "common_shares": 584435,
            "book_valuer_per_share": 11.47,
            "book_valuer_per_share_4q_avg": 11.47,
            "equity": 670381,
            "current_ratio": 121,
            "debt_ratio": 53.07,
            "inventory_turnover_ratio": 0.76,
            "account_receivable_turnover_ratio": null,
            "reinvestment_rate": null,
            "research_to_sale_ratio": null,
            "price_fair": 0,
            "eps_avg_yearly": 0,
            "eps_latest_yearly": 0,
            "eps_growth_yearly": 0
        },
        "20014": {
            "year_quarter": 20014,
            "year": 2001,
            "quarter": 4,
            "eps": -0.67,
            "eps_growth_year": -231.37,
            "eps_4q": -0.6,
            "eps_4q_growth_year": null,
            "roe": -6.66,
            "roe_4q": -5.96,
            "gross_profit": 77591,
            "gross_margin": 30.34,
            "gross_margin_4q_avg": 26.96,
            "net_income": -43202,
            "net_income_4q": null,
            "revenue": 255724,
            "revenue_4q": null,
            "common_shares": 644763,
            "book_valuer_per_share": 9.73,
            "book_valuer_per_share_4q_avg": 11.04,
            "equity": 627179,
            "current_ratio": 109.79,
            "debt_ratio": 56.15,
            "inventory_turnover_ratio": 1.02,
            "account_receivable_turnover_ratio": null,
            "reinvestment_rate": null,
            "research_to_sale_ratio": null,
            "price_fair": 0,
            "eps_avg_yearly": 0,
            "eps_latest_yearly": 0,
            "eps_growth_yearly": 0
        },
        "20021": {
            "year_quarter": 20021,
            "year": 2002,
            "quarter": 1,
            "eps": -0.41,
            "eps_growth_year": -1466.67,
            "eps_4q": -1.03,
            "eps_4q_growth_year": null,
            "roe": -4.31,
            "roe_4q": -10.509999999999998,
            "gross_profit": 17356,
            "gross_margin": 31.46,
            "gross_margin_4q_avg": 29.8,
            "net_income": -26341,
            "net_income_4q": null,
            "revenue": 55170,
            "revenue_4q": null,
            "common_shares": 644763,
            "book_valuer_per_share": 9.21,
            "book_valuer_per_share_4q_avg": 10.48,
            "equity": 594045,
            "current_ratio": 100.9,
            "debt_ratio": 56.79,
            "inventory_turnover_ratio": 0.15,
            "account_receivable_turnover_ratio": null,
            "reinvestment_rate": null,
            "research_to_sale_ratio": null,
            "price_fair": 0,
            "eps_avg_yearly": 0,
            "eps_latest_yearly": 0,
            "eps_growth_yearly": 0
        },
        "20022": {
            "year_quarter": 20022,
            "year": 2002,
            "quarter": 2,
            "eps": -0.41,
            "eps_growth_year": -510,
            "eps_4q": -1.53,
            "eps_4q_growth_year": -276.32,
            "roe": -4.53,
            "roe_4q": -15.87,
            "gross_profit": 30371,
            "gross_margin": 22.03,
            "gross_margin_4q_avg": 29.2,
            "net_income": -26314,
            "net_income_4q": null,
            "revenue": 137840,
            "revenue_4q": null,
            "common_shares": 644763,
            "book_valuer_per_share": 8.81,
            "book_valuer_per_share_4q_avg": 9.81,
            "equity": 567731,
            "current_ratio": 96.73,
            "debt_ratio": 59.92,
            "inventory_turnover_ratio": 0.37,
            "account_receivable_turnover_ratio": null,
            "reinvestment_rate": null,
            "research_to_sale_ratio": null,
            "price_fair": 0,
            "eps_avg_yearly": 0,
            "eps_latest_yearly": 0,
            "eps_growth_yearly": 0
        },
        "20023": {
            "year_quarter": 20023,
            "year": 2002,
            "quarter": 3,
            "eps": -0.34,
            "eps_growth_year": null,
            "eps_4q": -1.83,
            "eps_4q_growth_year": -410.61,
            "roe": -3.92,
            "roe_4q": -19.419999999999998,
            "gross_profit": 23043,
            "gross_margin": 17.62,
            "gross_margin_4q_avg": 25.36,
            "net_income": -21824,
            "net_income_4q": null,
            "revenue": 130799,
            "revenue_4q": null,
            "common_shares": 644763,
            "book_valuer_per_share": 8.47,
            "book_valuer_per_share_4q_avg": 9.06,
            "equity": 545907,
            "current_ratio": 90.65,
            "debt_ratio": 63.26,
            "inventory_turnover_ratio": 0.35,
            "account_receivable_turnover_ratio": null,
            "reinvestment_rate": null,
            "research_to_sale_ratio": null,
            "price_fair": 0,
            "eps_avg_yearly": 0,
            "eps_latest_yearly": 0,
            "eps_growth_yearly": 0
        },
        "20024": {
            "year_quarter": 20024,
            "year": 2002,
            "quarter": 4,
            "eps": -0.3,
            "eps_growth_year": null,
            "eps_4q": -1.46,
            "eps_4q_growth_year": null,
            "roe": -3.52,
            "roe_4q": -16.279999999999998,
            "gross_profit": 24416,
            "gross_margin": 8.75,
            "gross_margin_4q_avg": 19.97,
            "net_income": -18899,
            "net_income_4q": null,
            "revenue": 278965,
            "revenue_4q": null,
            "common_shares": 644763,
            "book_valuer_per_share": 8.17,
            "book_valuer_per_share_4q_avg": 8.67,
            "equity": 526765,
            "current_ratio": 86.38,
            "debt_ratio": 62.38,
            "inventory_turnover_ratio": 0.89,
            "account_receivable_turnover_ratio": null,
            "reinvestment_rate": null,
            "research_to_sale_ratio": null,
            "price_fair": 0,
            "eps_avg_yearly": 0,
            "eps_latest_yearly": 0,
            "eps_growth_yearly": 0
        },
        "20031": {
            "year_quarter": 20031,
            "year": 2003,
            "quarter": 1,
            "eps": -0.1,
            "eps_growth_year": null,
            "eps_4q": -1.14,
            "eps_4q_growth_year": null,
            "roe": -1.23,
            "roe_4q": -13.2,
            "gross_profit": 47066,
            "gross_margin": 16.99,
            "gross_margin_4q_avg": 16.35,
            "net_income": -6446,
            "net_income_4q": null,
            "revenue": 276987,
            "revenue_4q": null,
            "common_shares": 644763,
            "book_valuer_per_share": 8.07,
            "book_valuer_per_share_4q_avg": 8.38,
            "equity": 520319,
            "current_ratio": 85.31,
            "debt_ratio": 63.79,
            "inventory_turnover_ratio": 1.12,
            "account_receivable_turnover_ratio": null,
            "reinvestment_rate": null,
            "research_to_sale_ratio": null,
            "price_fair": 0,
            "eps_avg_yearly": 0,
            "eps_latest_yearly": 0,
            "eps_growth_yearly": 0
        },
        "20032": {
            "year_quarter": 20032,
            "year": 2003,
            "quarter": 2,
            "eps": -0.21,
            "eps_growth_year": null,
            "eps_4q": -0.94,
            "eps_4q_growth_year": null,
            "roe": -2.62,
            "roe_4q": -11.29,
            "gross_profit": 17931,
            "gross_margin": 13.87,
            "gross_margin_4q_avg": 14.31,
            "net_income": -13467,
            "net_income_4q": null,
            "revenue": 129302,
            "revenue_4q": null,
            "common_shares": 644763,
            "book_valuer_per_share": 7.86,
            "book_valuer_per_share_4q_avg": 8.14,
            "equity": 506852,
            "current_ratio": 78.62,
            "debt_ratio": 61.11,
            "inventory_turnover_ratio": 0.69,
            "account_receivable_turnover_ratio": null,
            "reinvestment_rate": null,
            "research_to_sale_ratio": null,
            "price_fair": 0,
            "eps_avg_yearly": 0,
            "eps_latest_yearly": 0,
            "eps_growth_yearly": 0
        },
        "20033": {
            "year_quarter": 20033,
            "year": 2003,
            "quarter": 3,
            "eps": 0.55,
            "eps_growth_year": null,
            "eps_4q": -0.05,
            "eps_4q_growth_year": null,
            "roe": 6.73,
            "roe_4q": -0.6399999999999997,
            "gross_profit": 35462,
            "gross_margin": 25.49,
            "gross_margin_4q_avg": 16.28,
            "net_income": 35309,
            "net_income_4q": null,
            "revenue": 139138,
            "revenue_4q": null,
            "common_shares": 644763,
            "book_valuer_per_share": 8.41,
            "book_valuer_per_share_4q_avg": 8.13,
            "equity": 542161,
            "current_ratio": 85.8,
            "debt_ratio": 53.23,
            "inventory_turnover_ratio": 0.75,
            "account_receivable_turnover_ratio": null,
            "reinvestment_rate": null,
            "research_to_sale_ratio": null,
            "price_fair": 0,
            "eps_avg_yearly": 0,
            "eps_latest_yearly": 0,
            "eps_growth_yearly": 0
        },
        "20034": {
            "year_quarter": 20034,
            "year": 2003,
            "quarter": 4,
            "eps": -0.23,
            "eps_growth_year": null,
            "eps_4q": 0.06,
            "eps_4q_growth_year": null,
            "roe": -2.32,
            "roe_4q": 0.56,
            "gross_profit": 36026,
            "gross_margin": 27.56,
            "gross_margin_4q_avg": 20.98,
            "net_income": -12373,
            "net_income_4q": null,
            "revenue": 130700,
            "revenue_4q": null,
            "common_shares": 533000,
            "book_valuer_per_share": 9.83,
            "book_valuer_per_share_4q_avg": 8.54,
            "equity": 523886,
            "current_ratio": 81.27,
            "debt_ratio": 54.84,
            "inventory_turnover_ratio": 0.73,
            "account_receivable_turnover_ratio": null,
            "reinvestment_rate": null,
            "research_to_sale_ratio": null,
            "price_fair": 0,
            "eps_avg_yearly": 0,
            "eps_latest_yearly": 0,
            "eps_growth_yearly": 0
        },
        "20041": {
            "year_quarter": 20041,
            "year": 2004,
            "quarter": 1,
            "eps": -0.26,
            "eps_growth_year": null,
            "eps_4q": -0.08,
            "eps_4q_growth_year": null,
            "roe": -2.67,
            "roe_4q": -0.8799999999999999,
            "gross_profit": 18029,
            "gross_margin": 22.88,
            "gross_margin_4q_avg": 22.45,
            "net_income": -13744,
            "net_income_4q": null,
            "revenue": 78794,
            "revenue_4q": null,
            "common_shares": 533000,
            "book_valuer_per_share": 9.52,
            "book_valuer_per_share_4q_avg": 8.91,
            "equity": 507437,
            "current_ratio": 70.26,
            "debt_ratio": 52.46,
            "inventory_turnover_ratio": 0.54,
            "account_receivable_turnover_ratio": null,
            "reinvestment_rate": null,
            "research_to_sale_ratio": null,
            "price_fair": 0,
            "eps_avg_yearly": 0,
            "eps_latest_yearly": 0,
            "eps_growth_yearly": 0
        },
        "20042": {
            "year_quarter": 20042,
            "year": 2004,
            "quarter": 2,
            "eps": -1.27,
            "eps_growth_year": null,
            "eps_4q": -1.09,
            "eps_4q_growth_year": null,
            "roe": -14.1,
            "roe_4q": -12.36,
            "gross_profit": 32243,
            "gross_margin": 28.78,
            "gross_margin_4q_avg": 26.18,
            "net_income": -67048,
            "net_income_4q": null,
            "revenue": 112049,
            "revenue_4q": null,
            "common_shares": 533000,
            "book_valuer_per_share": 8.33,
            "book_valuer_per_share_4q_avg": 9.02,
            "equity": 443823,
            "current_ratio": 76.44,
            "debt_ratio": 56.67,
            "inventory_turnover_ratio": 0.77,
            "account_receivable_turnover_ratio": null,
            "reinvestment_rate": null,
            "research_to_sale_ratio": null,
            "price_fair": 0,
            "eps_avg_yearly": 0,
            "eps_latest_yearly": 0,
            "eps_growth_yearly": 0
        },
        "20043": {
            "year_quarter": 20043,
            "year": 2004,
            "quarter": 3,
            "eps": -0.21,
            "eps_growth_year": -138.18,
            "eps_4q": -1.96,
            "eps_4q_growth_year": null,
            "roe": -2.56,
            "roe_4q": -21.65,
            "gross_profit": 29540,
            "gross_margin": 31.08,
            "gross_margin_4q_avg": 27.58,
            "net_income": -11211,
            "net_income_4q": null,
            "revenue": 95056,
            "revenue_4q": null,
            "common_shares": 533000,
            "book_valuer_per_share": 8.12,
            "book_valuer_per_share_4q_avg": 8.95,
            "equity": 432612,
            "current_ratio": 72.74,
            "debt_ratio": 57.11,
            "inventory_turnover_ratio": 0.57,
            "account_receivable_turnover_ratio": null,
            "reinvestment_rate": null,
            "research_to_sale_ratio": null,
            "price_fair": 0,
            "eps_avg_yearly": 0,
            "eps_latest_yearly": 0,
            "eps_growth_yearly": 0
        },
        "20044": {
            "year_quarter": 20044,
            "year": 2004,
            "quarter": 4,
            "eps": -1.06,
            "eps_growth_year": null,
            "eps_4q": -2.81,
            "eps_4q_growth_year": -4783.33,
            "roe": -13.84,
            "roe_4q": -33.17,
            "gross_profit": 49183,
            "gross_margin": 25.21,
            "gross_margin_4q_avg": 26.99,
            "net_income": -56203,
            "net_income_4q": null,
            "revenue": 195103,
            "revenue_4q": null,
            "common_shares": 533000,
            "book_valuer_per_share": 7.12,
            "book_valuer_per_share_4q_avg": 8.27,
            "equity": 379455,
            "current_ratio": 81.81,
            "debt_ratio": 59.88,
            "inventory_turnover_ratio": 1.11,
            "account_receivable_turnover_ratio": null,
            "reinvestment_rate": null,
            "research_to_sale_ratio": null,
            "price_fair": 0,
            "eps_avg_yearly": 0,
            "eps_latest_yearly": 0,
            "eps_growth_yearly": 0
        },
        "20051": {
            "year_quarter": 20051,
            "year": 2005,
            "quarter": 1,
            "eps": -0.4,
            "eps_growth_year": null,
            "eps_4q": -2.99,
            "eps_4q_growth_year": null,
            "roe": -5.63,
            "roe_4q": -36.129999999999995,
            "gross_profit": 20031,
            "gross_margin": 20.41,
            "gross_margin_4q_avg": 26.37,
            "net_income": -20733,
            "net_income_4q": null,
            "revenue": 98120,
            "revenue_4q": null,
            "common_shares": 527850,
            "book_valuer_per_share": 6.76,
            "book_valuer_per_share_4q_avg": 7.58,
            "equity": 356699,
            "current_ratio": 78.29,
            "debt_ratio": 59.94,
            "inventory_turnover_ratio": 0.5,
            "account_receivable_turnover_ratio": null,
            "reinvestment_rate": null,
            "research_to_sale_ratio": null,
            "price_fair": 0,
            "eps_avg_yearly": 0,
            "eps_latest_yearly": 0,
            "eps_growth_yearly": 0
        },
        "20052": {
            "year_quarter": 20052,
            "year": 2005,
            "quarter": 2,
            "eps": -0.23,
            "eps_growth_year": null,
            "eps_4q": -1.9,
            "eps_4q_growth_year": null,
            "roe": -3.47,
            "roe_4q": -25.499999999999996,
            "gross_profit": 23674,
            "gross_margin": 17.81,
            "gross_margin_4q_avg": 23.63,
            "net_income": -12161,
            "net_income_4q": null,
            "revenue": 132962,
            "revenue_4q": null,
            "common_shares": 527850,
            "book_valuer_per_share": 6.53,
            "book_valuer_per_share_4q_avg": 7.13,
            "equity": 344641,
            "current_ratio": 80.91,
            "debt_ratio": 65.28,
            "inventory_turnover_ratio": 0.53,
            "account_receivable_turnover_ratio": null,
            "reinvestment_rate": null,
            "research_to_sale_ratio": null,
            "price_fair": 0,
            "eps_avg_yearly": 0,
            "eps_latest_yearly": 0,
            "eps_growth_yearly": 0
        },
        "20053": {
            "year_quarter": 20053,
            "year": 2005,
            "quarter": 3,
            "eps": -0.31,
            "eps_growth_year": null,
            "eps_4q": -1.99,
            "eps_4q_growth_year": null,
            "roe": -4.77,
            "roe_4q": -27.71,
            "gross_profit": 33383,
            "gross_margin": 32.8,
            "gross_margin_4q_avg": 24.06,
            "net_income": -16117,
            "net_income_4q": null,
            "revenue": 101766,
            "revenue_4q": null,
            "common_shares": 527850,
            "book_valuer_per_share": 6.27,
            "book_valuer_per_share_4q_avg": 6.67,
            "equity": 330729,
            "current_ratio": 78.25,
            "debt_ratio": 64.75,
            "inventory_turnover_ratio": 0.28,
            "account_receivable_turnover_ratio": null,
            "reinvestment_rate": null,
            "research_to_sale_ratio": null,
            "price_fair": 0,
            "eps_avg_yearly": 0,
            "eps_latest_yearly": 0,
            "eps_growth_yearly": 0
        },
        "20054": {
            "year_quarter": 20054,
            "year": 2005,
            "quarter": 4,
            "eps": -1.33,
            "eps_growth_year": null,
            "eps_4q": -2.62,
            "eps_4q_growth_year": null,
            "roe": -15.68,
            "roe_4q": -29.549999999999997,
            "gross_profit": 50230,
            "gross_margin": 17.47,
            "gross_margin_4q_avg": 22.12,
            "net_income": -50700,
            "net_income_4q": null,
            "revenue": 287444,
            "revenue_4q": null,
            "common_shares": 384275,
            "book_valuer_per_share": 7.27,
            "book_valuer_per_share_4q_avg": 6.71,
            "equity": 315979,
            "current_ratio": 86.07,
            "debt_ratio": 62.95,
            "inventory_turnover_ratio": 1.38,
            "account_receivable_turnover_ratio": null,
            "reinvestment_rate": null,
            "research_to_sale_ratio": null,
            "price_fair": 0,
            "eps_avg_yearly": 0,
            "eps_latest_yearly": 0,
            "eps_growth_yearly": 0
        },
        "20061": {
            "year_quarter": 20061,
            "year": 2006,
            "quarter": 1,
            "eps": -0.42,
            "eps_growth_year": null,
            "eps_4q": -2.52,
            "eps_4q_growth_year": null,
            "roe": -4.53,
            "roe_4q": -28.45,
            "gross_profit": 22142,
            "gross_margin": 26.26,
            "gross_margin_4q_avg": 23.59,
            "net_income": -15832,
            "net_income_4q": null,
            "revenue": 84316,
            "revenue_4q": null,
            "common_shares": 584275,
            "book_valuer_per_share": 6.56,
            "book_valuer_per_share_4q_avg": 6.66,
            "equity": 383039,
            "current_ratio": 90.16,
            "debt_ratio": 53.95,
            "inventory_turnover_ratio": 0.64,
            "account_receivable_turnover_ratio": null,
            "reinvestment_rate": null,
            "research_to_sale_ratio": null,
            "price_fair": 0,
            "eps_avg_yearly": 0,
            "eps_latest_yearly": 0,
            "eps_growth_yearly": 0
        },
        "20062": {
            "year_quarter": 20062,
            "year": 2006,
            "quarter": 2,
            "eps": 0.35,
            "eps_growth_year": null,
            "eps_4q": -1.33,
            "eps_4q_growth_year": null,
            "roe": 4.13,
            "roe_4q": -20.849999999999998,
            "gross_profit": 25450,
            "gross_margin": 26.73,
            "gross_margin_4q_avg": 25.82,
            "net_income": 17252,
            "net_income_4q": null,
            "revenue": 95206,
            "revenue_4q": null,
            "common_shares": 667615,
            "book_valuer_per_share": 6.79,
            "book_valuer_per_share_4q_avg": 6.72,
            "equity": 453394,
            "current_ratio": 100.29,
            "debt_ratio": 46.75,
            "inventory_turnover_ratio": 0.73,
            "account_receivable_turnover_ratio": null,
            "reinvestment_rate": null,
            "research_to_sale_ratio": null,
            "price_fair": 0,
            "eps_avg_yearly": 0,
            "eps_latest_yearly": 0,
            "eps_growth_yearly": 0
        },
        "20063": {
            "year_quarter": 20063,
            "year": 2006,
            "quarter": 3,
            "eps": -0.49,
            "eps_growth_year": null,
            "eps_4q": -1.15,
            "eps_4q_growth_year": null,
            "roe": -6.32,
            "roe_4q": -22.4,
            "gross_profit": 21266,
            "gross_margin": 20.37,
            "gross_margin_4q_avg": 22.71,
            "net_income": -27791,
            "net_income_4q": null,
            "revenue": 104392,
            "revenue_4q": null,
            "common_shares": 667615,
            "book_valuer_per_share": 6.37,
            "book_valuer_per_share_4q_avg": 6.75,
            "equity": 425604,
            "current_ratio": 79.32,
            "debt_ratio": 46.82,
            "inventory_turnover_ratio": 0.91,
            "account_receivable_turnover_ratio": null,
            "reinvestment_rate": null,
            "research_to_sale_ratio": null,
            "price_fair": 0,
            "eps_avg_yearly": 0,
            "eps_latest_yearly": 0,
            "eps_growth_yearly": 0
        },
        "20064": {
            "year_quarter": 20064,
            "year": 2006,
            "quarter": 4,
            "eps": -0.07,
            "eps_growth_year": null,
            "eps_4q": -0.45,
            "eps_4q_growth_year": null,
            "roe": -0.96,
            "roe_4q": -7.680000000000001,
            "gross_profit": 30100,
            "gross_margin": 15.7,
            "gross_margin_4q_avg": 22.27,
            "net_income": -4083,
            "net_income_4q": null,
            "revenue": 191693,
            "revenue_4q": null,
            "common_shares": 667615,
            "book_valuer_per_share": 6.31,
            "book_valuer_per_share_4q_avg": 6.51,
            "equity": 421520,
            "current_ratio": 107.84,
            "debt_ratio": 49.47,
            "inventory_turnover_ratio": 1.97,
            "account_receivable_turnover_ratio": null,
            "reinvestment_rate": null,
            "research_to_sale_ratio": null,
            "price_fair": 0,
            "eps_avg_yearly": 0,
            "eps_latest_yearly": 0,
            "eps_growth_yearly": 0
        },
        "20071": {
            "year_quarter": 20071,
            "year": 2007,
            "quarter": 1,
            "eps": -0.36,
            "eps_growth_year": null,
            "eps_4q": -0.58,
            "eps_4q_growth_year": null,
            "roe": -5.9,
            "roe_4q": -9.05,
            "gross_profit": 17418,
            "gross_margin": 30.45,
            "gross_margin_4q_avg": 23.31,
            "net_income": -24151,
            "net_income_4q": null,
            "revenue": 57211,
            "revenue_4q": null,
            "common_shares": 667615,
            "book_valuer_per_share": 5.95,
            "book_valuer_per_share_4q_avg": 6.36,
            "equity": 397370,
            "current_ratio": 75.18,
            "debt_ratio": 51.22,
            "inventory_turnover_ratio": 0.46,
            "account_receivable_turnover_ratio": null,
            "reinvestment_rate": null,
            "research_to_sale_ratio": null,
            "price_fair": 0,
            "eps_avg_yearly": 0,
            "eps_latest_yearly": 0,
            "eps_growth_yearly": 0
        },
        "20072": {
            "year_quarter": 20072,
            "year": 2007,
            "quarter": 2,
            "eps": -0.33,
            "eps_growth_year": -194.29,
            "eps_4q": -1.17,
            "eps_4q_growth_year": null,
            "roe": -5.78,
            "roe_4q": -18.96,
            "gross_profit": 21420,
            "gross_margin": 18.72,
            "gross_margin_4q_avg": 21.31,
            "net_income": -22364,
            "net_income_4q": null,
            "revenue": 114403,
            "revenue_4q": null,
            "common_shares": 667615,
            "book_valuer_per_share": 5.64,
            "book_valuer_per_share_4q_avg": 6.07,
            "equity": 376683,
            "current_ratio": 70.34,
            "debt_ratio": 53.28,
            "inventory_turnover_ratio": 1.04,
            "account_receivable_turnover_ratio": null,
            "reinvestment_rate": null,
            "research_to_sale_ratio": null,
            "price_fair": 0,
            "eps_avg_yearly": 0,
            "eps_latest_yearly": 0,
            "eps_growth_yearly": 0
        },
        "20073": {
            "year_quarter": 20073,
            "year": 2007,
            "quarter": 3,
            "eps": -0.56,
            "eps_growth_year": null,
            "eps_4q": -1.66,
            "eps_4q_growth_year": null,
            "roe": -6.97,
            "roe_4q": -19.61,
            "gross_profit": 21129,
            "gross_margin": 15.64,
            "gross_margin_4q_avg": 20.13,
            "net_income": -25364,
            "net_income_4q": null,
            "revenue": 135060,
            "revenue_4q": null,
            "common_shares": 456783,
            "book_valuer_per_share": 7.69,
            "book_valuer_per_share_4q_avg": 6.4,
            "equity": 351320,
            "current_ratio": 65.14,
            "debt_ratio": 56.57,
            "inventory_turnover_ratio": 1.45,
            "account_receivable_turnover_ratio": null,
            "reinvestment_rate": null,
            "research_to_sale_ratio": null,
            "price_fair": 0,
            "eps_avg_yearly": 0,
            "eps_latest_yearly": 0,
            "eps_growth_yearly": 0
        },
        "20074": {
            "year_quarter": 20074,
            "year": 2007,
            "quarter": 4,
            "eps": -1.65,
            "eps_growth_year": null,
            "eps_4q": -3.22,
            "eps_4q_growth_year": null,
            "roe": -23.99,
            "roe_4q": -42.63999999999999,
            "gross_profit": 5686,
            "gross_margin": 5.94,
            "gross_margin_4q_avg": 17.69,
            "net_income": -75242,
            "net_income_4q": null,
            "revenue": 95649,
            "revenue_4q": null,
            "common_shares": 456783,
            "book_valuer_per_share": 6.04,
            "book_valuer_per_share_4q_avg": 6.33,
            "equity": 276077,
            "current_ratio": 46.95,
            "debt_ratio": 60.99,
            "inventory_turnover_ratio": 1.46,
            "account_receivable_turnover_ratio": null,
            "reinvestment_rate": null,
            "research_to_sale_ratio": null,
            "price_fair": 0,
            "eps_avg_yearly": 0,
            "eps_latest_yearly": 0,
            "eps_growth_yearly": 0
        },
        "20081": {
            "year_quarter": 20081,
            "year": 2008,
            "quarter": 1,
            "eps": -0.35,
            "eps_growth_year": null,
            "eps_4q": -3.02,
            "eps_4q_growth_year": null,
            "roe": -6,
            "roe_4q": -42.74,
            "gross_profit": 20969,
            "gross_margin": 22.03,
            "gross_margin_4q_avg": 15.58,
            "net_income": -16092,
            "net_income_4q": null,
            "revenue": 95180,
            "revenue_4q": null,
            "common_shares": 456783,
            "book_valuer_per_share": 5.69,
            "book_valuer_per_share_4q_avg": 6.27,
            "equity": 259985,
            "current_ratio": 43.38,
            "debt_ratio": 61.79,
            "inventory_turnover_ratio": 1.57,
            "account_receivable_turnover_ratio": null,
            "reinvestment_rate": null,
            "research_to_sale_ratio": null,
            "price_fair": 0,
            "eps_avg_yearly": 0,
            "eps_latest_yearly": 0,
            "eps_growth_yearly": 0
        },
        "20082": {
            "year_quarter": 20082,
            "year": 2008,
            "quarter": 2,
            "eps": -1.06,
            "eps_growth_year": null,
            "eps_4q": -3.62,
            "eps_4q_growth_year": null,
            "roe": -20.63,
            "roe_4q": -57.589999999999996,
            "gross_profit": 25261,
            "gross_margin": 24.43,
            "gross_margin_4q_avg": 17.01,
            "net_income": -48629,
            "net_income_4q": null,
            "revenue": 103418,
            "revenue_4q": null,
            "common_shares": 456783,
            "book_valuer_per_share": 4.63,
            "book_valuer_per_share_4q_avg": 6.01,
            "equity": 211356,
            "current_ratio": 110.56,
            "debt_ratio": 66.34,
            "inventory_turnover_ratio": 1.68,
            "account_receivable_turnover_ratio": null,
            "reinvestment_rate": null,
            "research_to_sale_ratio": null,
            "price_fair": 0,
            "eps_avg_yearly": 0,
            "eps_latest_yearly": 0,
            "eps_growth_yearly": 0
        },
        "20083": {
            "year_quarter": 20083,
            "year": 2008,
            "quarter": 3,
            "eps": -0.28,
            "eps_growth_year": null,
            "eps_4q": -3.34,
            "eps_4q_growth_year": null,
            "roe": -6.26,
            "roe_4q": -56.879999999999995,
            "gross_profit": 21736,
            "gross_margin": 25.61,
            "gross_margin_4q_avg": 19.5,
            "net_income": -12829,
            "net_income_4q": null,
            "revenue": 84888,
            "revenue_4q": null,
            "common_shares": 456783,
            "book_valuer_per_share": 4.35,
            "book_valuer_per_share_4q_avg": 5.18,
            "equity": 198527,
            "current_ratio": 108.84,
            "debt_ratio": 67.26,
            "inventory_turnover_ratio": 1.49,
            "account_receivable_turnover_ratio": null,
            "reinvestment_rate": null,
            "research_to_sale_ratio": null,
            "price_fair": 0,
            "eps_avg_yearly": 0,
            "eps_latest_yearly": 0,
            "eps_growth_yearly": 0
        },
        "20084": {
            "year_quarter": 20084,
            "year": 2008,
            "quarter": 4,
            "eps": -1.02,
            "eps_growth_year": null,
            "eps_4q": -2.71,
            "eps_4q_growth_year": null,
            "roe": -26.45,
            "roe_4q": -59.34,
            "gross_profit": 29983,
            "gross_margin": 39.73,
            "gross_margin_4q_avg": 27.95,
            "net_income": -46371,
            "net_income_4q": null,
            "revenue": 75460,
            "revenue_4q": null,
            "common_shares": 456783,
            "book_valuer_per_share": 3.33,
            "book_valuer_per_share_4q_avg": 4.5,
            "equity": 152156,
            "current_ratio": 107.59,
            "debt_ratio": 73.09,
            "inventory_turnover_ratio": 1.2,
            "account_receivable_turnover_ratio": 2,
            "reinvestment_rate": null,
            "research_to_sale_ratio": null,
            "price_fair": 0,
            "eps_avg_yearly": 0,
            "eps_latest_yearly": 0,
            "eps_growth_yearly": 0
        },
        "20091": {
            "year_quarter": 20091,
            "year": 2009,
            "quarter": 1,
            "eps": -0.25,
            "eps_growth_year": null,
            "eps_4q": -2.61,
            "eps_4q_growth_year": null,
            "roe": -7.81,
            "roe_4q": -61.14999999999999,
            "gross_profit": 21334,
            "gross_margin": 33.79,
            "gross_margin_4q_avg": 30.89,
            "net_income": -11436,
            "net_income_4q": null,
            "revenue": 63134,
            "revenue_4q": null,
            "common_shares": 456783,
            "book_valuer_per_share": 3.08,
            "book_valuer_per_share_4q_avg": 3.85,
            "equity": 140720,
            "current_ratio": 106.22,
            "debt_ratio": 73.52,
            "inventory_turnover_ratio": 1.24,
            "account_receivable_turnover_ratio": 0.93,
            "reinvestment_rate": null,
            "research_to_sale_ratio": null,
            "price_fair": 0,
            "eps_avg_yearly": 0,
            "eps_latest_yearly": 0,
            "eps_growth_yearly": 0
        },
        "20092": {
            "year_quarter": 20092,
            "year": 2009,
            "quarter": 2,
            "eps": -0.19,
            "eps_growth_year": null,
            "eps_4q": -1.74,
            "eps_4q_growth_year": null,
            "roe": -6.44,
            "roe_4q": -46.96,
            "gross_profit": 17858,
            "gross_margin": 24.19,
            "gross_margin_4q_avg": 30.83,
            "net_income": -8786,
            "net_income_4q": null,
            "revenue": 73833,
            "revenue_4q": null,
            "common_shares": 456783,
            "book_valuer_per_share": 2.89,
            "book_valuer_per_share_4q_avg": 3.41,
            "equity": 131934,
            "current_ratio": 37.14,
            "debt_ratio": 75.16,
            "inventory_turnover_ratio": 2.08,
            "account_receivable_turnover_ratio": 1.04,
            "reinvestment_rate": null,
            "research_to_sale_ratio": null,
            "price_fair": 0,
            "eps_avg_yearly": 0,
            "eps_latest_yearly": 0,
            "eps_growth_yearly": 0
        },
        "20093": {
            "year_quarter": 20093,
            "year": 2009,
            "quarter": 3,
            "eps": -0.09,
            "eps_growth_year": null,
            "eps_4q": -1.54,
            "eps_4q_growth_year": null,
            "roe": -3.03,
            "roe_4q": -43.730000000000004,
            "gross_profit": 25857,
            "gross_margin": 47.99,
            "gross_margin_4q_avg": 36.43,
            "net_income": -3933,
            "net_income_4q": null,
            "revenue": 53876,
            "revenue_4q": null,
            "common_shares": 456783,
            "book_valuer_per_share": 2.8,
            "book_valuer_per_share_4q_avg": 3.03,
            "equity": 128001,
            "current_ratio": 34.12,
            "debt_ratio": 73.73,
            "inventory_turnover_ratio": 1.15,
            "account_receivable_turnover_ratio": 0.83,
            "reinvestment_rate": null,
            "research_to_sale_ratio": null,
            "price_fair": 0,
            "eps_avg_yearly": 0,
            "eps_latest_yearly": 0,
            "eps_growth_yearly": 0
        },
        "20094": {
            "year_quarter": 20094,
            "year": 2009,
            "quarter": 4,
            "eps": -0.68,
            "eps_growth_year": null,
            "eps_4q": -1.21,
            "eps_4q_growth_year": null,
            "roe": -27.56,
            "roe_4q": -44.84,
            "gross_profit": 22737,
            "gross_margin": 33.7,
            "gross_margin_4q_avg": 34.92,
            "net_income": -31000,
            "net_income_4q": null,
            "revenue": 67469,
            "revenue_4q": null,
            "common_shares": 456783,
            "book_valuer_per_share": 2.12,
            "book_valuer_per_share_4q_avg": 2.72,
            "equity": 97001,
            "current_ratio": 27.83,
            "debt_ratio": 78.44,
            "inventory_turnover_ratio": 1.86,
            "account_receivable_turnover_ratio": 3.16,
            "reinvestment_rate": null,
            "research_to_sale_ratio": null,
            "price_fair": 0,
            "eps_avg_yearly": 0,
            "eps_latest_yearly": 0,
            "eps_growth_yearly": 0
        },
        "20101": {
            "year_quarter": 20101,
            "year": 2010,
            "quarter": 1,
            "eps": 0.2,
            "eps_growth_year": null,
            "eps_4q": -1.16,
            "eps_4q_growth_year": null,
            "roe": -10.06,
            "roe_4q": -47.089999999999996,
            "gross_profit": 22785,
            "gross_margin": 44.12,
            "gross_margin_4q_avg": 37.5,
            "net_income": -9292,
            "net_income_4q": null,
            "revenue": 51648,
            "revenue_4q": null,
            "common_shares": 456783,
            "book_valuer_per_share": 1.92,
            "book_valuer_per_share_4q_avg": 2.43,
            "equity": 87709,
            "current_ratio": 31.54,
            "debt_ratio": 79.73,
            "inventory_turnover_ratio": 1.22,
            "account_receivable_turnover_ratio": 1.34,
            "reinvestment_rate": null,
            "research_to_sale_ratio": 10.2,
            "price_fair": 0,
            "eps_avg_yearly": 0,
            "eps_latest_yearly": 0,
            "eps_growth_yearly": 0
        },
        "20102": {
            "year_quarter": 20102,
            "year": 2010,
            "quarter": 2,
            "eps": -0.13,
            "eps_growth_year": null,
            "eps_4q": -1.1,
            "eps_4q_growth_year": null,
            "roe": -7.02,
            "roe_4q": -47.67,
            "gross_profit": 18335,
            "gross_margin": 52.16,
            "gross_margin_4q_avg": 44.49,
            "net_income": -5947,
            "net_income_4q": null,
            "revenue": 35153,
            "revenue_4q": null,
            "common_shares": 456783,
            "book_valuer_per_share": 1.79,
            "book_valuer_per_share_4q_avg": 2.16,
            "equity": 81762,
            "current_ratio": 34.83,
            "debt_ratio": 81.29,
            "inventory_turnover_ratio": 0.9,
            "account_receivable_turnover_ratio": 0.86,
            "reinvestment_rate": null,
            "research_to_sale_ratio": 14.72,
            "price_fair": 0,
            "eps_avg_yearly": 0,
            "eps_latest_yearly": 0,
            "eps_growth_yearly": 0
        },
        "20103": {
            "year_quarter": 20103,
            "year": 2010,
            "quarter": 3,
            "eps": -0.29,
            "eps_growth_year": null,
            "eps_4q": -1.3,
            "eps_4q_growth_year": null,
            "roe": -17.39,
            "roe_4q": -62.03,
            "gross_profit": 15018,
            "gross_margin": 38.47,
            "gross_margin_4q_avg": 42.11,
            "net_income": -13084,
            "net_income_4q": null,
            "revenue": 39034,
            "revenue_4q": null,
            "common_shares": 456783,
            "book_valuer_per_share": 1.5,
            "book_valuer_per_share_4q_avg": 1.83,
            "equity": 68678,
            "current_ratio": 28.79,
            "debt_ratio": 83.3,
            "inventory_turnover_ratio": 1.49,
            "account_receivable_turnover_ratio": 0.92,
            "reinvestment_rate": null,
            "research_to_sale_ratio": 12.25,
            "price_fair": 0,
            "eps_avg_yearly": 0,
            "eps_latest_yearly": 0,
            "eps_growth_yearly": 0
        },
        "20104": {
            "year_quarter": 20104,
            "year": 2010,
            "quarter": 4,
            "eps": -0.49,
            "eps_growth_year": null,
            "eps_4q": -1.11,
            "eps_4q_growth_year": null,
            "roe": -39.3,
            "roe_4q": -73.77,
            "gross_profit": 19718,
            "gross_margin": 35.25,
            "gross_margin_4q_avg": 42.5,
            "net_income": -22557,
            "net_income_4q": null,
            "revenue": 55941,
            "revenue_4q": null,
            "common_shares": 456783,
            "book_valuer_per_share": 1.01,
            "book_valuer_per_share_4q_avg": 1.56,
            "equity": 46121,
            "current_ratio": 26.39,
            "debt_ratio": 87.8,
            "inventory_turnover_ratio": 2.68,
            "account_receivable_turnover_ratio": 1.51,
            "reinvestment_rate": null,
            "research_to_sale_ratio": 9.76,
            "price_fair": 0,
            "eps_avg_yearly": 0,
            "eps_latest_yearly": 0,
            "eps_growth_yearly": 0
        },
        "20111": {
            "year_quarter": 20111,
            "year": 2011,
            "quarter": 1,
            "eps": -0.24,
            "eps_growth_year": -220,
            "eps_4q": -0.52,
            "eps_4q_growth_year": null,
            "roe": -14.63,
            "roe_4q": -78.33999999999999,
            "gross_profit": 14729,
            "gross_margin": 35.42,
            "gross_margin_4q_avg": 40.33,
            "net_income": -10840,
            "net_income_4q": null,
            "revenue": 41582,
            "revenue_4q": null,
            "common_shares": 1000000,
            "book_valuer_per_share": 1.02,
            "book_valuer_per_share_4q_avg": 1.33,
            "equity": 102096,
            "current_ratio": 47.2,
            "debt_ratio": 75.67,
            "inventory_turnover_ratio": 3.5,
            "account_receivable_turnover_ratio": 1.04,
            "reinvestment_rate": null,
            "research_to_sale_ratio": 12.4,
            "price_fair": 0,
            "eps_avg_yearly": 0,
            "eps_latest_yearly": 0,
            "eps_growth_yearly": 0
        },
        "20112": {
            "year_quarter": 20112,
            "year": 2011,
            "quarter": 2,
            "eps": -0.13,
            "eps_growth_year": null,
            "eps_4q": -0.59,
            "eps_4q_growth_year": null,
            "roe": -13.16,
            "roe_4q": -84.48,
            "gross_profit": 12271,
            "gross_margin": 49.8,
            "gross_margin_4q_avg": 39.74,
            "net_income": -12501,
            "net_income_4q": null,
            "revenue": 24640,
            "revenue_4q": null,
            "common_shares": 1000000,
            "book_valuer_per_share": 0.88,
            "book_valuer_per_share_4q_avg": 1.1,
            "equity": 87917,
            "current_ratio": 106.34,
            "debt_ratio": 88.69,
            "inventory_turnover_ratio": 0.06,
            "account_receivable_turnover_ratio": 0.76,
            "reinvestment_rate": null,
            "research_to_sale_ratio": 17.7,
            "price_fair": 0,
            "eps_avg_yearly": 0,
            "eps_latest_yearly": 0,
            "eps_growth_yearly": 0
        },
        "20113": {
            "year_quarter": 20113,
            "year": 2011,
            "quarter": 3,
            "eps": 0.67,
            "eps_growth_year": null,
            "eps_4q": 0.07,
            "eps_4q_growth_year": null,
            "roe": 20.82,
            "roe_4q": -46.269999999999996,
            "gross_profit": 78776,
            "gross_margin": 25.15,
            "gross_margin_4q_avg": 36.41,
            "net_income": 51191,
            "net_income_4q": null,
            "revenue": 313186,
            "revenue_4q": null,
            "common_shares": 766000,
            "book_valuer_per_share": 5.27,
            "book_valuer_per_share_4q_avg": 2.05,
            "equity": 403812,
            "current_ratio": 269.38,
            "debt_ratio": 34.38,
            "inventory_turnover_ratio": 0.7,
            "account_receivable_turnover_ratio": 10.13,
            "reinvestment_rate": null,
            "research_to_sale_ratio": 1.18,
            "price_fair": 0,
            "eps_avg_yearly": 0,
            "eps_latest_yearly": 0,
            "eps_growth_yearly": 0
        },
        "20114": {
            "year_quarter": 20114,
            "year": 2011,
            "quarter": 4,
            "eps": -0.06,
            "eps_growth_year": null,
            "eps_4q": 0.31,
            "eps_4q_growth_year": null,
            "roe": -1.06,
            "roe_4q": -8.03,
            "gross_profit": 556,
            "gross_margin": 3.41,
            "gross_margin_4q_avg": 28.45,
            "net_income": -4261,
            "net_income_4q": null,
            "revenue": 16315,
            "revenue_4q": null,
            "common_shares": 766000,
            "book_valuer_per_share": 5.24,
            "book_valuer_per_share_4q_avg": 3.1,
            "equity": 401013,
            "current_ratio": 197.4,
            "debt_ratio": 48.09,
            "inventory_turnover_ratio": 0.04,
            "account_receivable_turnover_ratio": 0.55,
            "reinvestment_rate": null,
            "research_to_sale_ratio": -0.11,
            "price_fair": 0,
            "eps_avg_yearly": 0,
            "eps_latest_yearly": 0,
            "eps_growth_yearly": 0
        },
        "20121": {
            "year_quarter": 20121,
            "year": 2012,
            "quarter": 1,
            "eps": 1.09,
            "eps_growth_year": null,
            "eps_4q": 1.53,
            "eps_4q_growth_year": null,
            "roe": 18.78,
            "roe_4q": 25.380000000000006,
            "gross_profit": 107199,
            "gross_margin": 31.27,
            "gross_margin_4q_avg": 27.41,
            "net_income": 83128,
            "net_income_4q": null,
            "revenue": 342811,
            "revenue_4q": null,
            "common_shares": 766000,
            "book_valuer_per_share": 0,
            "book_valuer_per_share_4q_avg": 2.85,
            "equity": 484141,
            "current_ratio": 202.18,
            "debt_ratio": 47.25,
            "inventory_turnover_ratio": 0.4,
            "account_receivable_turnover_ratio": 26.09,
            "reinvestment_rate": null,
            "research_to_sale_ratio": 0,
            "price_fair": 0,
            "eps_avg_yearly": 0,
            "eps_latest_yearly": 0,
            "eps_growth_yearly": 0
        },
        "20122": {
            "year_quarter": 20122,
            "year": 2012,
            "quarter": 2,
            "eps": 0.35,
            "eps_growth_year": null,
            "eps_4q": 2.05,
            "eps_4q_growth_year": null,
            "roe": 5.39,
            "roe_4q": 43.93000000000001,
            "gross_profit": 33459,
            "gross_margin": 29.83,
            "gross_margin_4q_avg": 22.42,
            "net_income": 26796,
            "net_income_4q": null,
            "revenue": 112155,
            "revenue_4q": null,
            "common_shares": 766000,
            "book_valuer_per_share": 0,
            "book_valuer_per_share_4q_avg": 2.63,
            "equity": 509475,
            "current_ratio": 179.73,
            "debt_ratio": 51.56,
            "inventory_turnover_ratio": 0.12,
            "account_receivable_turnover_ratio": 15,
            "reinvestment_rate": null,
            "research_to_sale_ratio": 0,
            "price_fair": 4.2,
            "eps_avg_yearly": 1.4,
            "eps_latest_yearly": 1.4,
            "eps_growth_yearly": -271.56
        },
        "20123": {
            "year_quarter": 20123,
            "year": 2012,
            "quarter": 3,
            "eps": -0.11,
            "eps_growth_year": -115.99,
            "eps_4q": 1.27,
            "eps_4q_growth_year": 1741.66,
            "roe": -1.62,
            "roe_4q": 21.490000000000002,
            "gross_profit": -162,
            "gross_margin": -56.64,
            "gross_margin_4q_avg": 1.97,
            "net_income": -8184,
            "net_income_4q": null,
            "revenue": 286,
            "revenue_4q": null,
            "common_shares": 766000,
            "book_valuer_per_share": 6.54,
            "book_valuer_per_share_4q_avg": 2.95,
            "equity": 501291,
            "current_ratio": 152.64,
            "debt_ratio": 64.72,
            "inventory_turnover_ratio": 0,
            "account_receivable_turnover_ratio": 0.03,
            "reinvestment_rate": null,
            "research_to_sale_ratio": 0,
            "price_fair": 4.2,
            "eps_avg_yearly": 1.4,
            "eps_latest_yearly": 1.4,
            "eps_growth_yearly": -271.56
        },
        "20124": {
            "year_quarter": 20124,
            "year": 2012,
            "quarter": 4,
            "eps": -0.12,
            "eps_growth_year": null,
            "eps_4q": 1,
            "eps_4q_growth_year": 223.2,
            "roe": -1.78,
            "roe_4q": 20.77,
            "gross_profit": -225,
            "gross_margin": -0.77,
            "gross_margin_4q_avg": 0.92,
            "net_income": -10571,
            "net_income_4q": null,
            "revenue": 29255,
            "revenue_4q": null,
            "common_shares": 916000,
            "book_valuer_per_share": 7.49,
            "book_valuer_per_share_4q_avg": 3.51,
            "equity": 685720,
            "current_ratio": 160.41,
            "debt_ratio": 61.8,
            "inventory_turnover_ratio": 0.02,
            "account_receivable_turnover_ratio": 1.55,
            "reinvestment_rate": -53.32,
            "research_to_sale_ratio": 0,
            "price_fair": 4.2,
            "eps_avg_yearly": 1.4,
            "eps_latest_yearly": 1.4,
            "eps_growth_yearly": -271.56
        },
        "20131": {
            "year_quarter": 20131,
            "year": 2013,
            "quarter": 1,
            "eps": -0.16,
            "eps_growth_year": -114.68,
            "eps_4q": -0.08,
            "eps_4q_growth_year": -105.02,
            "roe": -2.34,
            "roe_4q": -0.35000000000000053,
            "gross_profit": -1,
            "gross_margin": -0.02,
            "gross_margin_4q_avg": -6.9,
            "net_income": -15100,
            "net_income_4q": null,
            "revenue": 5130,
            "revenue_4q": null,
            "common_shares": 916000,
            "book_valuer_per_share": 6.62,
            "book_valuer_per_share_4q_avg": 5.16,
            "equity": 606122,
            "current_ratio": 137.93,
            "debt_ratio": 72.22,
            "inventory_turnover_ratio": 0,
            "account_receivable_turnover_ratio": 0.23,
            "reinvestment_rate": -511.39,
            "research_to_sale_ratio": null,
            "price_fair": 4.2,
            "eps_avg_yearly": 1.4,
            "eps_latest_yearly": 1.4,
            "eps_growth_yearly": -271.56
        },
        "20132": {
            "year_quarter": 20132,
            "year": 2013,
            "quarter": 2,
            "eps": 2.04,
            "eps_growth_year": 483.16,
            "eps_4q": 1.67,
            "eps_4q_growth_year": -18.42,
            "roe": 26.71,
            "roe_4q": 20.97,
            "gross_profit": 199636,
            "gross_margin": 29.01,
            "gross_margin_4q_avg": -7.11,
            "net_income": 186873,
            "net_income_4q": null,
            "revenue": 688058,
            "revenue_4q": null,
            "common_shares": 916000,
            "book_valuer_per_share": 8.66,
            "book_valuer_per_share_4q_avg": 7.33,
            "equity": 792995,
            "current_ratio": 166.68,
            "debt_ratio": 59.74,
            "inventory_turnover_ratio": 0.3,
            "account_receivable_turnover_ratio": 47.6,
            "reinvestment_rate": -120.25,
            "research_to_sale_ratio": null,
            "price_fair": 4.2,
            "eps_avg_yearly": 1.4,
            "eps_latest_yearly": 1.4,
            "eps_growth_yearly": -271.56
        },
        "20133": {
            "year_quarter": 20133,
            "year": 2013,
            "quarter": 3,
            "eps": 0.71,
            "eps_growth_year": null,
            "eps_4q": 1.86,
            "eps_4q_growth_year": 45.96,
            "roe": 6.07,
            "roe_4q": 28.66,
            "gross_profit": 95394,
            "gross_margin": 24.8,
            "gross_margin_4q_avg": 13.26,
            "net_income": 64669,
            "net_income_4q": null,
            "revenue": 384590,
            "revenue_4q": null,
            "common_shares": 1216000,
            "book_valuer_per_share": 11,
            "book_valuer_per_share_4q_avg": 8.44,
            "equity": 1337664,
            "current_ratio": 192.34,
            "debt_ratio": 51.86,
            "inventory_turnover_ratio": 0.17,
            "account_receivable_turnover_ratio": 58.33,
            "reinvestment_rate": -91.5,
            "research_to_sale_ratio": null,
            "price_fair": 6.36,
            "eps_avg_yearly": 2.12,
            "eps_latest_yearly": 2.84,
            "eps_growth_yearly": -266.17
        },
        "20134": {
            "year_quarter": 20134,
            "year": 2013,
            "quarter": 4,
            "eps": -0.15,
            "eps_growth_year": null,
            "eps_4q": 1.8,
            "eps_4q_growth_year": 80.77,
            "roe": -1.33,
            "roe_4q": 29.110000000000003,
            "gross_profit": 32837,
            "gross_margin": 16.47,
            "gross_margin_4q_avg": 17.57,
            "net_income": -17655,
            "net_income_4q": null,
            "revenue": 199407,
            "revenue_4q": null,
            "common_shares": 1216000,
            "book_valuer_per_share": 10.86,
            "book_valuer_per_share_4q_avg": 9.29,
            "equity": 1320008,
            "current_ratio": 185.5,
            "debt_ratio": 53.79,
            "inventory_turnover_ratio": 0.08,
            "account_receivable_turnover_ratio": 14.66,
            "reinvestment_rate": -107.43,
            "research_to_sale_ratio": null,
            "price_fair": 6.36,
            "eps_avg_yearly": 2.12,
            "eps_latest_yearly": 2.84,
            "eps_growth_yearly": -266.17
        },
        "20141": {
            "year_quarter": 20141,
            "year": 2014,
            "quarter": 1,
            "eps": -0.15,
            "eps_growth_year": null,
            "eps_4q": 1.78,
            "eps_4q_growth_year": null,
            "roe": -1.36,
            "roe_4q": 30.09,
            "gross_profit": -1126,
            "gross_margin": -5.82,
            "gross_margin_4q_avg": 16.12,
            "net_income": -17786,
            "net_income_4q": null,
            "revenue": 19337,
            "revenue_4q": null,
            "common_shares": 1216000,
            "book_valuer_per_share": 10.71,
            "book_valuer_per_share_4q_avg": 10.31,
            "equity": 1302222,
            "current_ratio": 164.36,
            "debt_ratio": 60.74,
            "inventory_turnover_ratio": 0.01,
            "account_receivable_turnover_ratio": 0.67,
            "reinvestment_rate": -103.53,
            "research_to_sale_ratio": null,
            "price_fair": 6.36,
            "eps_avg_yearly": 2.12,
            "eps_latest_yearly": 2.84,
            "eps_growth_yearly": -266.17
        },
        "20142": {
            "year_quarter": 20142,
            "year": 2014,
            "quarter": 2,
            "eps": -0.32,
            "eps_growth_year": -115.69,
            "eps_4q": -0.07,
            "eps_4q_growth_year": -103.94,
            "roe": -2.63,
            "roe_4q": 0.75,
            "gross_profit": 2520,
            "gross_margin": 4.25,
            "gross_margin_4q_avg": 9.93,
            "net_income": -39194,
            "net_income_4q": null,
            "revenue": 59319,
            "revenue_4q": null,
            "common_shares": 1516000,
            "book_valuer_per_share": 11.1,
            "book_valuer_per_share_4q_avg": 10.92,
            "equity": 1683028,
            "current_ratio": 169.19,
            "debt_ratio": 59.04,
            "inventory_turnover_ratio": 0.02,
            "account_receivable_turnover_ratio": 1.28,
            "reinvestment_rate": -115.36,
            "research_to_sale_ratio": null,
            "price_fair": 6.36,
            "eps_avg_yearly": 2.12,
            "eps_latest_yearly": 2.84,
            "eps_growth_yearly": -266.17
        },
        "20143": {
            "year_quarter": 20143,
            "year": 2014,
            "quarter": 3,
            "eps": 0.68,
            "eps_growth_year": -4.23,
            "eps_4q": 0.12,
            "eps_4q_growth_year": -93.75,
            "roe": 5.35,
            "roe_4q": 0.029999999999999583,
            "gross_profit": 123672,
            "gross_margin": 22.32,
            "gross_margin_4q_avg": 9.31,
            "net_income": 92120,
            "net_income_4q": null,
            "revenue": 554077,
            "revenue_4q": null,
            "common_shares": 1516000,
            "book_valuer_per_share": 11.69,
            "book_valuer_per_share_4q_avg": 11.09,
            "equity": 1761113,
            "current_ratio": 193.19,
            "debt_ratio": 51.71,
            "inventory_turnover_ratio": 0.14,
            "account_receivable_turnover_ratio": 7.63,
            "reinvestment_rate": -76.74,
            "research_to_sale_ratio": null,
            "price_fair": 6.36,
            "eps_avg_yearly": 2.12,
            "eps_latest_yearly": 2.84,
            "eps_growth_yearly": -266.17
        },
        "20144": {
            "year_quarter": 20144,
            "year": 2014,
            "quarter": 4,
            "eps": -0.09,
            "eps_growth_year": null,
            "eps_4q": 0.14,
            "eps_4q_growth_year": -92.2,
            "roe": -0.81,
            "roe_4q": 0.5499999999999992,
            "gross_profit": 11758,
            "gross_margin": 11.9,
            "gross_margin_4q_avg": 8.16,
            "net_income": -14096,
            "net_income_4q": null,
            "revenue": 98823,
            "revenue_4q": null,
            "common_shares": 1516000,
            "book_valuer_per_share": 11.59,
            "book_valuer_per_share_4q_avg": 11.27,
            "equity": 1738172,
            "current_ratio": 183.36,
            "debt_ratio": 54.47,
            "inventory_turnover_ratio": 0.03,
            "account_receivable_turnover_ratio": 1.66,
            "reinvestment_rate": -66.53,
            "research_to_sale_ratio": null,
            "price_fair": 6.36,
            "eps_avg_yearly": 2.12,
            "eps_latest_yearly": 2.84,
            "eps_growth_yearly": -266.17
        },
        "20151": {
            "year_quarter": 20151,
            "year": 2015,
            "quarter": 1,
            "eps": -0.21,
            "eps_growth_year": null,
            "eps_4q": 0.05,
            "eps_4q_growth_year": -97.46,
            "roe": -1.86,
            "roe_4q": 0.04999999999999982,
            "gross_profit": 1345,
            "gross_margin": 5.06,
            "gross_margin_4q_avg": 10.88,
            "net_income": -32051,
            "net_income_4q": null,
            "revenue": 26562,
            "revenue_4q": null,
            "common_shares": 1500000,
            "book_valuer_per_share": 11.37,
            "book_valuer_per_share_4q_avg": 11.44,
            "equity": 1706121,
            "current_ratio": 166.37,
            "debt_ratio": 60.05,
            "inventory_turnover_ratio": 0.01,
            "account_receivable_turnover_ratio": 0.75,
            "reinvestment_rate": -68.59,
            "research_to_sale_ratio": null,
            "price_fair": 6.36,
            "eps_avg_yearly": 2.12,
            "eps_latest_yearly": 2.84,
            "eps_growth_yearly": -266.17
        },
        "20152": {
            "year_quarter": 20152,
            "year": 2015,
            "quarter": 2,
            "eps": 0.42,
            "eps_growth_year": null,
            "eps_4q": 0.73,
            "eps_4q_growth_year": null,
            "roe": 3.65,
            "roe_4q": 6.329999999999999,
            "gross_profit": 86339,
            "gross_margin": 34.18,
            "gross_margin_4q_avg": 18.37,
            "net_income": 63420,
            "net_income_4q": null,
            "revenue": 252565,
            "revenue_4q": null,
            "common_shares": 1500000,
            "book_valuer_per_share": 11.8,
            "book_valuer_per_share_4q_avg": 11.61,
            "equity": 1769541,
            "current_ratio": 164.84,
            "debt_ratio": 60.46,
            "inventory_turnover_ratio": 0.04,
            "account_receivable_turnover_ratio": 4.87,
            "reinvestment_rate": -12.42,
            "research_to_sale_ratio": null,
            "price_fair": 6.36,
            "eps_avg_yearly": 2.12,
            "eps_latest_yearly": 2.84,
            "eps_growth_yearly": -266.17
        },
        "20153": {
            "year_quarter": 20153,
            "year": 2015,
            "quarter": 3,
            "eps": 1.05,
            "eps_growth_year": 54.41,
            "eps_4q": 1.17,
            "eps_4q_growth_year": 910.51,
            "roe": 8.55,
            "roe_4q": 9.530000000000001,
            "gross_profit": 218414,
            "gross_margin": 36.18,
            "gross_margin_4q_avg": 21.83,
            "net_income": 157533,
            "net_income_4q": null,
            "revenue": 603662,
            "revenue_4q": null,
            "common_shares": 1500000,
            "book_valuer_per_share": 12.85,
            "book_valuer_per_share_4q_avg": 11.9,
            "equity": 1915436,
            "current_ratio": 170.32,
            "debt_ratio": 58.53,
            "inventory_turnover_ratio": 0.1,
            "account_receivable_turnover_ratio": 10.21,
            "reinvestment_rate": -2.25,
            "research_to_sale_ratio": null,
            "price_fair": 91.58,
            "eps_avg_yearly": 2.81,
            "eps_latest_yearly": 4.2,
            "eps_growth_yearly": 22.55
        },
        "20154": {
            "year_quarter": 20154,
            "year": 2015,
            "quarter": 4,
            "eps": 1.5,
            "eps_growth_year": null,
            "eps_4q": 2.77,
            "eps_4q_growth_year": 1873.42,
            "roe": 10.98,
            "roe_4q": 21.32,
            "gross_profit": 275311,
            "gross_margin": 33.55,
            "gross_margin_4q_avg": 27.24,
            "net_income": 222231,
            "net_income_4q": null,
            "revenue": 820488,
            "revenue_4q": null,
            "common_shares": 1500000,
            "book_valuer_per_share": 14.35,
            "book_valuer_per_share_4q_avg": 12.59,
            "equity": 2131291,
            "current_ratio": 191.41,
            "debt_ratio": 52.08,
            "inventory_turnover_ratio": 0.15,
            "account_receivable_turnover_ratio": 10.98,
            "reinvestment_rate": -0.69,
            "research_to_sale_ratio": null,
            "price_fair": 126.35,
            "eps_avg_yearly": 3.61,
            "eps_latest_yearly": 6,
            "eps_growth_yearly": 59.77
        },
        "20161": {
            "year_quarter": 20161,
            "year": 2016,
            "quarter": 1,
            "eps": -0.06,
            "eps_growth_year": null,
            "eps_4q": 2.92,
            "eps_4q_growth_year": 6359.88,
            "roe": -0.45,
            "roe_4q": 22.73,
            "gross_profit": 11819,
            "gross_margin": 13.59,
            "gross_margin_4q_avg": 29.38,
            "net_income": -9651,
            "net_income_4q": null,
            "revenue": 86984,
            "revenue_4q": null,
            "common_shares": 1485000,
            "book_valuer_per_share": 14.29,
            "book_valuer_per_share_4q_avg": 13.32,
            "equity": 2121640,
            "current_ratio": 186.78,
            "debt_ratio": 53.38,
            "inventory_turnover_ratio": 0.02,
            "account_receivable_turnover_ratio": 0.99,
            "reinvestment_rate": -0.69,
            "research_to_sale_ratio": null,
            "price_fair": 126.35,
            "eps_avg_yearly": 3.61,
            "eps_latest_yearly": 6,
            "eps_growth_yearly": 59.77
        },
        "20162": {
            "year_quarter": 20162,
            "year": 2016,
            "quarter": 2,
            "eps": -0.1,
            "eps_growth_year": -123.81,
            "eps_4q": 2.4,
            "eps_4q_growth_year": 228.45,
            "roe": -0.69,
            "roe_4q": 18.39,
            "gross_profit": 26263,
            "gross_margin": 25.3,
            "gross_margin_4q_avg": 27.16,
            "net_income": -14408,
            "net_income_4q": null,
            "revenue": 103816,
            "revenue_4q": null,
            "common_shares": 1485000,
            "book_valuer_per_share": 13.69,
            "book_valuer_per_share_4q_avg": 13.8,
            "equity": 2032982,
            "current_ratio": 178.21,
            "debt_ratio": 55.96,
            "inventory_turnover_ratio": 0.02,
            "account_receivable_turnover_ratio": 2.56,
            "reinvestment_rate": -0.18,
            "research_to_sale_ratio": null,
            "price_fair": 152.13,
            "eps_avg_yearly": 4.35,
            "eps_latest_yearly": 6,
            "eps_growth_yearly": 170.21
        },
        "20163": {
            "year_quarter": 20163,
            "year": 2016,
            "quarter": 3,
            "eps": 1.27,
            "eps_growth_year": 20.95,
            "eps_4q": 2.6,
            "eps_4q_growth_year": 121.73,
            "roe": 8.84,
            "roe_4q": 18.68,
            "gross_profit": 242109,
            "gross_margin": 30.28,
            "gross_margin_4q_avg": 25.68,
            "net_income": 188067,
            "net_income_4q": null,
            "revenue": 799616,
            "revenue_4q": null,
            "common_shares": 1485000,
            "book_valuer_per_share": 14.96,
            "book_valuer_per_share_4q_avg": 14.32,
            "equity": 2221049,
            "current_ratio": 202.99,
            "debt_ratio": 49.12,
            "inventory_turnover_ratio": 0.15,
            "account_receivable_turnover_ratio": 13.57,
            "reinvestment_rate": -2.04,
            "research_to_sale_ratio": null,
            "price_fair": 152.13,
            "eps_avg_yearly": 4.35,
            "eps_latest_yearly": 6,
            "eps_growth_yearly": 170.21
        },
        "20164": {
            "year_quarter": 20164,
            "year": 2016,
            "quarter": 4,
            "eps": -0.15,
            "eps_growth_year": -110.13,
            "eps_4q": 0.95,
            "eps_4q_growth_year": -65.58,
            "roe": -1.02,
            "roe_4q": 6.680000000000001,
            "gross_profit": 11188,
            "gross_margin": 13.82,
            "gross_margin_4q_avg": 20.75,
            "net_income": -22502,
            "net_income_4q": null,
            "revenue": 80984,
            "revenue_4q": null,
            "common_shares": 1485000,
            "book_valuer_per_share": 14.81,
            "book_valuer_per_share_4q_avg": 14.44,
            "equity": 2198547,
            "current_ratio": 200.22,
            "debt_ratio": 49.8,
            "inventory_turnover_ratio": 0.02,
            "account_receivable_turnover_ratio": 1.39,
            "reinvestment_rate": -1.7,
            "research_to_sale_ratio": null,
            "price_fair": 152.13,
            "eps_avg_yearly": 4.35,
            "eps_latest_yearly": 6,
            "eps_growth_yearly": 170.21
        },
        "20171": {
            "year_quarter": 20171,
            "year": 2017,
            "quarter": 1,
            "eps": 1.02,
            "eps_growth_year": null,
            "eps_4q": 2.04,
            "eps_4q_growth_year": -30.26,
            "roe": 6.65,
            "roe_4q": 13.780000000000001,
            "gross_profit": 196156,
            "gross_margin": 27.37,
            "gross_margin_4q_avg": 24.19,
            "net_income": 151172,
            "net_income_4q": null,
            "revenue": 716704,
            "revenue_4q": null,
            "common_shares": 1485000,
            "book_valuer_per_share": 15.82,
            "book_valuer_per_share_4q_avg": 14.82,
            "equity": 2349719,
            "current_ratio": 217.48,
            "debt_ratio": 45.85,
            "inventory_turnover_ratio": 0.15,
            "account_receivable_turnover_ratio": 193.03,
            "reinvestment_rate": 0.8,
            "research_to_sale_ratio": null,
            "price_fair": 152.13,
            "eps_avg_yearly": 4.35,
            "eps_latest_yearly": 6,
            "eps_growth_yearly": 170.21
        },
        "20172": {
            "year_quarter": 20172,
            "year": 2017,
            "quarter": 2,
            "eps": 0.08,
            "eps_growth_year": null,
            "eps_4q": 2.22,
            "eps_4q_growth_year": -7.52,
            "roe": 0.53,
            "roe_4q": 15,
            "gross_profit": 59328,
            "gross_margin": 23.31,
            "gross_margin_4q_avg": 23.7,
            "net_income": 12211,
            "net_income_4q": null,
            "revenue": 254514,
            "revenue_4q": null,
            "common_shares": 1485000,
            "book_valuer_per_share": 15.41,
            "book_valuer_per_share_4q_avg": 15.25,
            "equity": 2287680,
            "current_ratio": 215.45,
            "debt_ratio": 46.28,
            "inventory_turnover_ratio": 0.06,
            "account_receivable_turnover_ratio": 22.03,
            "reinvestment_rate": 0.78,
            "research_to_sale_ratio": null,
            "price_fair": 116.9,
            "eps_avg_yearly": 3.34,
            "eps_latest_yearly": 0.32,
            "eps_growth_yearly": 35.5
        },
        "20173": {
            "year_quarter": 20173,
            "year": 2017,
            "quarter": 3,
            "eps": 0.04,
            "eps_growth_year": -96.85,
            "eps_4q": 0.99,
            "eps_4q_growth_year": -61.89,
            "roe": 0.28,
            "roe_4q": 6.440000000000001,
            "gross_profit": 44576,
            "gross_margin": 29.69,
            "gross_margin_4q_avg": 23.55,
            "net_income": 6326,
            "net_income_4q": null,
            "revenue": 150146,
            "revenue_4q": null,
            "common_shares": 1485000,
            "book_valuer_per_share": 15.45,
            "book_valuer_per_share_4q_avg": 15.37,
            "equity": 2294006,
            "current_ratio": 211.44,
            "debt_ratio": 47.11,
            "inventory_turnover_ratio": 0.03,
            "account_receivable_turnover_ratio": 16.14,
            "reinvestment_rate": 1.52,
            "research_to_sale_ratio": null,
            "price_fair": 93.45,
            "eps_avg_yearly": 2.67,
            "eps_latest_yearly": 0.16,
            "eps_growth_yearly": 50.7
        },
        "20174": {
            "year_quarter": 20174,
            "year": 2017,
            "quarter": 4,
            "eps": 0.05,
            "eps_growth_year": null,
            "eps_4q": 1.19,
            "eps_4q_growth_year": 25.29,
            "roe": 0.33,
            "roe_4q": 7.790000000000001,
            "gross_profit": 54830,
            "gross_margin": 23.45,
            "gross_margin_4q_avg": 25.96,
            "net_income": 7584,
            "net_income_4q": null,
            "revenue": 233795,
            "revenue_4q": null,
            "common_shares": 1485000,
            "book_valuer_per_share": 15.5,
            "book_valuer_per_share_4q_avg": 15.55,
            "equity": 2301590,
            "current_ratio": 200.06,
            "debt_ratio": 49.79,
            "inventory_turnover_ratio": 0.05,
            "account_receivable_turnover_ratio": 10.24,
            "reinvestment_rate": 1.64,
            "research_to_sale_ratio": null,
            "price_fair": 76.16,
            "eps_avg_yearly": 2.18,
            "eps_latest_yearly": 0.2,
            "eps_growth_yearly": 60.56
        },
        "20181": {
            "year_quarter": 20181,
            "year": 2018,
            "quarter": 1,
            "eps": -0.15,
            "eps_growth_year": -114.71,
            "eps_4q": 0.03,
            "eps_4q_growth_year": -98.65,
            "roe": -0.96,
            "roe_4q": 0.18000000000000016,
            "gross_profit": 6849,
            "gross_margin": 29.56,
            "gross_margin_4q_avg": 26.5,
            "net_income": -22031,
            "net_income_4q": null,
            "revenue": 23166,
            "revenue_4q": null,
            "common_shares": 1485000,
            "book_valuer_per_share": 15.42,
            "book_valuer_per_share_4q_avg": 15.45,
            "equity": 2289829,
            "current_ratio": 186.22,
            "debt_ratio": 53.54,
            "inventory_turnover_ratio": 0,
            "account_receivable_turnover_ratio": 0.92,
            "reinvestment_rate": 1.63,
            "research_to_sale_ratio": null,
            "price_fair": 76.16,
            "eps_avg_yearly": 2.18,
            "eps_latest_yearly": 0.2,
            "eps_growth_yearly": 60.56
        },
        "20182": {
            "year_quarter": 20182,
            "year": 2018,
            "quarter": 2,
            "eps": 0.07,
            "eps_growth_year": -12.5,
            "eps_4q": 0.01,
            "eps_4q_growth_year": -99.4,
            "roe": 0.45,
            "roe_4q": 0.10000000000000003,
            "gross_profit": 55347,
            "gross_margin": 29.86,
            "gross_margin_4q_avg": 28.14,
            "net_income": 10110,
            "net_income_4q": null,
            "revenue": 185340,
            "revenue_4q": null,
            "common_shares": 1485000,
            "book_valuer_per_share": 14.79,
            "book_valuer_per_share_4q_avg": 15.29,
            "equity": 2195989,
            "current_ratio": 165.75,
            "debt_ratio": 60.18,
            "inventory_turnover_ratio": 0.03,
            "account_receivable_turnover_ratio": 29.16,
            "reinvestment_rate": 1.51,
            "research_to_sale_ratio": null,
            "price_fair": 76.16,
            "eps_avg_yearly": 2.18,
            "eps_latest_yearly": 0.2,
            "eps_growth_yearly": 60.56
        },
        "20183": {
            "year_quarter": 20183,
            "year": 2018,
            "quarter": 3,
            "eps": 0.84,
            "eps_growth_year": 2000,
            "eps_4q": 0.82,
            "eps_4q_growth_year": -17.76,
            "roe": 5.55,
            "roe_4q": 5.37,
            "gross_profit": 147755,
            "gross_margin": 21.94,
            "gross_margin_4q_avg": 26.2,
            "net_income": 125403,
            "net_income_4q": null,
            "revenue": 673594,
            "revenue_4q": null,
            "common_shares": 1485000,
            "book_valuer_per_share": 15.63,
            "book_valuer_per_share_4q_avg": 15.34,
            "equity": 2321393,
            "current_ratio": 173.39,
            "debt_ratio": 57.62,
            "inventory_turnover_ratio": 0.12,
            "account_receivable_turnover_ratio": 64.22,
            "reinvestment_rate": 0.44,
            "research_to_sale_ratio": null,
            "price_fair": 83.07,
            "eps_avg_yearly": 2.37,
            "eps_latest_yearly": 3.36,
            "eps_growth_yearly": 783.8
        },
        "20184": {
            "year_quarter": 20184,
            "year": 2018,
            "quarter": 4,
            "eps": 0.75,
            "eps_growth_year": 1366.35,
            "eps_4q": 1.51,
            "eps_4q_growth_year": 26.73,
            "roe": 4.68,
            "roe_4q": 9.719999999999999,
            "gross_profit": 166565,
            "gross_margin": 29.06,
            "gross_margin_4q_avg": 27.61,
            "net_income": 111209,
            "net_income_4q": null,
            "revenue": 573135,
            "revenue_4q": null,
            "common_shares": 1485000,
            "book_valuer_per_share": 16.38,
            "book_valuer_per_share_4q_avg": 15.56,
            "equity": 2432602,
            "current_ratio": 179.67,
            "debt_ratio": 55.6,
            "inventory_turnover_ratio": 0.1,
            "account_receivable_turnover_ratio": 48.75,
            "reinvestment_rate": 0.37,
            "research_to_sale_ratio": null,
            "price_fair": 86.2,
            "eps_avg_yearly": 2.46,
            "eps_latest_yearly": 3,
            "eps_growth_yearly": 665.71
        },
        "20191": {
            "year_quarter": 20191,
            "year": 2019,
            "quarter": 1,
            "eps": 0.95,
            "eps_growth_year": null,
            "eps_4q": 2.61,
            "eps_4q_growth_year": 9380.15,
            "roe": 5.63,
            "roe_4q": 16.31,
            "gross_profit": 169872,
            "gross_margin": 27.4,
            "gross_margin_4q_avg": 27.07,
            "net_income": 141015,
            "net_income_4q": null,
            "revenue": 620016,
            "revenue_4q": null,
            "common_shares": 1485000,
            "book_valuer_per_share": 17.33,
            "book_valuer_per_share_4q_avg": 16.03,
            "equity": 2573617,
            "current_ratio": 177.55,
            "debt_ratio": 56.27,
            "inventory_turnover_ratio": 0.1,
            "account_receivable_turnover_ratio": 37.38,
            "reinvestment_rate": 0.31,
            "research_to_sale_ratio": null,
            "price_fair": 92.05,
            "eps_avg_yearly": 2.63,
            "eps_latest_yearly": 3.8,
            "eps_growth_yearly": 595.83
        },
        "20192": {
            "year_quarter": 20192,
            "year": 2019,
            "quarter": 2,
            "eps": 0.81,
            "eps_growth_year": 1057.14,
            "eps_4q": 3.35,
            "eps_4q_growth_year": 24925.73,
            "roe": 4.65,
            "roe_4q": 20.51,
            "gross_profit": 198780,
            "gross_margin": 32.02,
            "gross_margin_4q_avg": 27.61,
            "net_income": 120137,
            "net_income_4q": null,
            "revenue": 620730,
            "revenue_4q": null,
            "common_shares": 1485000,
            "book_valuer_per_share": 17.44,
            "book_valuer_per_share_4q_avg": 16.7,
            "equity": 2589804,
            "current_ratio": 171.38,
            "debt_ratio": 58.28,
            "inventory_turnover_ratio": 0.09,
            "account_receivable_turnover_ratio": 32.51,
            "reinvestment_rate": 0.28,
            "research_to_sale_ratio": null,
            "price_fair": 94.42,
            "eps_avg_yearly": 2.7,
            "eps_latest_yearly": 3.24,
            "eps_growth_yearly": 523.07
        },
        "20193": {
            "year_quarter": 20193,
            "year": 2019,
            "quarter": 3,
            "eps": 0.78,
            "eps_growth_year": -7.14,
            "eps_4q": 3.29,
            "eps_4q_growth_year": 303.14,
            "roe": 4.37,
            "roe_4q": 19.33,
            "gross_profit": 195549,
            "gross_margin": 27.92,
            "gross_margin_4q_avg": 29.1,
            "net_income": 115705,
            "net_income_4q": null,
            "revenue": 700275,
            "revenue_4q": null,
            "common_shares": 1485000,
            "book_valuer_per_share": 18.22,
            "book_valuer_per_share_4q_avg": 17.34,
            "equity": 2705509,
            "current_ratio": 181.87,
            "debt_ratio": 54.9,
            "inventory_turnover_ratio": 0.1,
            "account_receivable_turnover_ratio": 71.41,
            "reinvestment_rate": -0.67,
            "research_to_sale_ratio": null,
            "price_fair": 90.22,
            "eps_avg_yearly": 2.58,
            "eps_latest_yearly": 3.12,
            "eps_growth_yearly": 454.76
        },
        "20194": {
            "year_quarter": 20194,
            "year": 2019,
            "quarter": 4,
            "eps": -0.01,
            "eps_growth_year": -101.05,
            "eps_4q": 2.53,
            "eps_4q_growth_year": 67.2,
            "roe": -0.04,
            "roe_4q": 14.61,
            "gross_profit": 80412,
            "gross_margin": 29.33,
            "gross_margin_4q_avg": 29.17,
            "net_income": -1170,
            "net_income_4q": null,
            "revenue": 274190,
            "revenue_4q": null,
            "common_shares": 1485000,
            "book_valuer_per_share": 18.21,
            "book_valuer_per_share_4q_avg": 17.8,
            "equity": 2704339,
            "current_ratio": 159.82,
            "debt_ratio": 62.44,
            "inventory_turnover_ratio": 0.04,
            "account_receivable_turnover_ratio": 41.47,
            "reinvestment_rate": -0.82,
            "research_to_sale_ratio": null,
            "price_fair": 75.25,
            "eps_avg_yearly": 2.15,
            "eps_latest_yearly": 3.12,
            "eps_growth_yearly": 490.18
        },
        "20201": {
            "year_quarter": 20201,
            "year": 2020,
            "quarter": 1,
            "eps": 0.38,
            "eps_growth_year": -60,
            "eps_4q": 1.96,
            "eps_4q_growth_year": -24.77,
            "roe": 2.09,
            "roe_4q": 11.07,
            "gross_profit": 110484,
            "gross_margin": 31.99,
            "gross_margin_4q_avg": 30.32,
            "net_income": 57023,
            "net_income_4q": null,
            "revenue": 345337,
            "revenue_4q": null,
            "common_shares": 1485000,
            "book_valuer_per_share": 18.6,
            "book_valuer_per_share_4q_avg": 18.12,
            "equity": 2761362,
            "current_ratio": 146.33,
            "debt_ratio": 68.2,
            "inventory_turnover_ratio": 0.04,
            "account_receivable_turnover_ratio": 62.28,
            "reinvestment_rate": -0.75,
            "research_to_sale_ratio": null,
            "price_fair": 75.25,
            "eps_avg_yearly": 2.15,
            "eps_latest_yearly": 3.12,
            "eps_growth_yearly": 490.18
        },
        "20202": {
            "year_quarter": 20202,
            "year": 2020,
            "quarter": 2,
            "eps": 1.12,
            "eps_growth_year": 38.27,
            "eps_4q": 2.22,
            "eps_4q_growth_year": -33.85,
            "roe": 6.24,
            "roe_4q": 12.66,
            "gross_profit": 277189,
            "gross_margin": 30.62,
            "gross_margin_4q_avg": 29.97,
            "net_income": 174183,
            "net_income_4q": null,
            "revenue": 905277,
            "revenue_4q": null,
            "common_shares": 1485000,
            "book_valuer_per_share": 19.02,
            "book_valuer_per_share_4q_avg": 18.51,
            "equity": 2824170,
            "current_ratio": 149.26,
            "debt_ratio": 66.83,
            "inventory_turnover_ratio": 0.09,
            "account_receivable_turnover_ratio": 27.97,
            "reinvestment_rate": -0.59,
            "research_to_sale_ratio": null,
            "price_fair": 84.31,
            "eps_avg_yearly": 2.41,
            "eps_latest_yearly": 4.48,
            "eps_growth_yearly": 522.26
        },
        "20203": {
            "year_quarter": 20203,
            "year": 2020,
            "quarter": 3,
            "eps": 0.81,
            "eps_growth_year": 3.85,
            "eps_4q": 2.28,
            "eps_4q_growth_year": -30.55,
            "roe": 4.36,
            "roe_4q": 12.650000000000002,
            "gross_profit": 228331,
            "gross_margin": 30.93,
            "gross_margin_4q_avg": 30.72,
            "net_income": 125859,
            "net_income_4q": null,
            "revenue": 738277,
            "revenue_4q": null,
            "common_shares": 1559250,
            "book_valuer_per_share": 18.92,
            "book_valuer_per_share_4q_avg": 18.69,
            "equity": 2950029,
            "current_ratio": 156.62,
            "debt_ratio": 63.63,
            "inventory_turnover_ratio": 0.07,
            "account_receivable_turnover_ratio": 22.28,
            "reinvestment_rate": -0.64,
            "research_to_sale_ratio": null,
            "price_fair": 87.22,
            "eps_avg_yearly": 2.49,
            "eps_latest_yearly": 3.24,
            "eps_growth_yearly": 458.97
        },
        "20204": {
            "year_quarter": 20204,
            "year": 2020,
            "quarter": 4,
            "eps": 0.82,
            "eps_growth_year": null,
            "eps_4q": 3.11,
            "eps_4q_growth_year": 22.95,
            "roe": 4.24,
            "roe_4q": 16.93,
            "gross_profit": 241251,
            "gross_margin": 32.34,
            "gross_margin_4q_avg": 31.47,
            "net_income": 127922,
            "net_income_4q": null,
            "revenue": 745994,
            "revenue_4q": null,
            "common_shares": 1559250,
            "book_valuer_per_share": 19.74,
            "book_valuer_per_share_4q_avg": 19.07,
            "equity": 3077951,
            "current_ratio": 157.96,
            "debt_ratio": 63.07,
            "inventory_turnover_ratio": 0.07,
            "account_receivable_turnover_ratio": 242.96,
            "reinvestment_rate": -0.57,
            "research_to_sale_ratio": null,
            "price_fair": 89.73,
            "eps_avg_yearly": 2.56,
            "eps_latest_yearly": 3.28,
            "eps_growth_yearly": 417.69
        },
        "20211": {
            "year_quarter": 20211,
            "year": 2021,
            "quarter": 1,
            "eps": 0.05,
            "eps_growth_year": -86.84,
            "eps_4q": 2.8,
            "eps_4q_growth_year": 42.48,
            "roe": 0.27,
            "roe_4q": 15.110000000000001,
            "gross_profit": 53713,
            "gross_margin": 29.78,
            "gross_margin_4q_avg": 30.92,
            "net_income": 8437,
            "net_income_4q": null,
            "revenue": 180338,
            "revenue_4q": null,
            "common_shares": 1559250,
            "book_valuer_per_share": 19.79,
            "book_valuer_per_share_4q_avg": 19.37,
            "equity": 3086388,
            "current_ratio": 150.63,
            "debt_ratio": 66.14,
            "inventory_turnover_ratio": 0.02,
            "account_receivable_turnover_ratio": 212.54,
            "reinvestment_rate": -0.66,
            "research_to_sale_ratio": null,
            "price_fair": 82.83,
            "eps_avg_yearly": 2.37,
            "eps_latest_yearly": 0.2,
            "eps_growth_yearly": 351.58
        },
        "20212": {
            "year_quarter": 20212,
            "year": 2021,
            "quarter": 2,
            "eps": 0.02,
            "eps_growth_year": -98.21,
            "eps_4q": 1.7,
            "eps_4q_growth_year": -23.14,
            "roe": 0.11,
            "roe_4q": 8.98,
            "gross_profit": 56457,
            "gross_margin": 14.33,
            "gross_margin_4q_avg": 26.85,
            "net_income": 3534,
            "net_income_4q": null,
            "revenue": 394010,
            "revenue_4q": null,
            "common_shares": 1559250,
            "book_valuer_per_share": 19.82,
            "book_valuer_per_share_4q_avg": 19.57,
            "equity": 3089922,
            "current_ratio": 146.64,
            "debt_ratio": 67.93,
            "inventory_turnover_ratio": 0.04,
            "account_receivable_turnover_ratio": 405.78,
            "reinvestment_rate": -0.69,
            "research_to_sale_ratio": null,
            "price_fair": 82.13,
            "eps_avg_yearly": 2.35,
            "eps_latest_yearly": 0.08,
            "eps_growth_yearly": 362.3
        },
        "20213": {
            "year_quarter": 20213,
            "year": 2021,
            "quarter": 3,
            "eps": 0.74,
            "eps_growth_year": -8.64,
            "eps_4q": 1.64,
            "eps_4q_growth_year": -28.18,
            "roe": 3.8,
            "roe_4q": 8.42,
            "gross_profit": 217266,
            "gross_margin": 16.09,
            "gross_margin_4q_avg": 23.14,
            "net_income": 115714,
            "net_income_4q": null,
            "revenue": 1350727,
            "revenue_4q": null,
            "common_shares": 1559250,
            "book_valuer_per_share": 19.26,
            "book_valuer_per_share_4q_avg": 19.65,
            "equity": 3002934,
            "current_ratio": 149.43,
            "debt_ratio": 66.67,
            "inventory_turnover_ratio": 0.14,
            "account_receivable_turnover_ratio": 933.79,
            "reinvestment_rate": -1.02,
            "research_to_sale_ratio": null,
            "price_fair": 90.3,
            "eps_avg_yearly": 2.58,
            "eps_latest_yearly": 2.96,
            "eps_growth_yearly": 1578.97
        },
        "20214": {
            "year_quarter": 20214,
            "year": 2021,
            "quarter": 4,
            "eps": -0.28,
            "eps_growth_year": -134.57,
            "eps_4q": 0.54,
            "eps_4q_growth_year": -82.79,
            "roe": -1.48,
            "roe_4q": 2.6999999999999997,
            "gross_profit": 4492,
            "gross_margin": 46.39,
            "gross_margin_4q_avg": 26.65,
            "net_income": -44218,
            "net_income_4q": null,
            "revenue": 9684,
            "revenue_4q": null,
            "common_shares": 1559250,
            "book_valuer_per_share": 18.98,
            "book_valuer_per_share_4q_avg": 19.46,
            "equity": 2958715,
            "current_ratio": 144.11,
            "debt_ratio": 69.12,
            "inventory_turnover_ratio": 0,
            "account_receivable_turnover_ratio": 2.9,
            "reinvestment_rate": -1.15,
            "research_to_sale_ratio": null,
            "price_fair": 97.87,
            "eps_avg_yearly": 2.8,
            "eps_latest_yearly": 2.96,
            "eps_growth_yearly": 1713.42
        },
        "20221": {
            "year_quarter": 20221,
            "year": 2022,
            "quarter": 1,
            "eps": -0.4,
            "eps_growth_year": -900,
            "eps_4q": 0.08,
            "eps_4q_growth_year": -97.25,
            "roe": -2.15,
            "roe_4q": 0.2799999999999999,
            "gross_profit": 0,
            "gross_margin": null,
            "gross_margin_4q_avg": 19.2,
            "net_income": -63020,
            "net_income_4q": null,
            "revenue": 0,
            "revenue_4q": null,
            "common_shares": 1559250,
            "book_valuer_per_share": 18.57,
            "book_valuer_per_share_4q_avg": 19.16,
            "equity": 2895695,
            "current_ratio": 152.72,
            "debt_ratio": 73.26,
            "inventory_turnover_ratio": 0,
            "account_receivable_turnover_ratio": 0,
            "reinvestment_rate": -1.16,
            "research_to_sale_ratio": null,
            "price_fair": 97.87,
            "eps_avg_yearly": 2.8,
            "eps_latest_yearly": 2.96,
            "eps_growth_yearly": 1713.42
        },
        "20222": {
            "year_quarter": 20222,
            "year": 2022,
            "quarter": 2,
            "eps": -0.34,
            "eps_growth_year": -1800,
            "eps_4q": -0.28,
            "eps_4q_growth_year": -116.44,
            "roe": -1.84,
            "roe_4q": -1.6700000000000008,
            "gross_profit": 156,
            "gross_margin": 6.63,
            "gross_margin_4q_avg": 17.28,
            "net_income": -52156,
            "net_income_4q": null,
            "revenue": 2353,
            "revenue_4q": null,
            "common_shares": 1559250,
            "book_valuer_per_share": 17.76,
            "book_valuer_per_share_4q_avg": 18.64,
            "equity": 2768695,
            "current_ratio": 147.65,
            "debt_ratio": 75.22,
            "inventory_turnover_ratio": 0,
            "account_receivable_turnover_ratio": 0.67,
            "reinvestment_rate": -1.21,
            "research_to_sale_ratio": null,
            "price_fair": 97.87,
            "eps_avg_yearly": 2.8,
            "eps_latest_yearly": 2.96,
            "eps_growth_yearly": 1713.42
        },
        "20223": {
            "year_quarter": 20223,
            "year": 2022,
            "quarter": 3,
            "eps": -0.08,
            "eps_growth_year": -110.81,
            "eps_4q": -1.1,
            "eps_4q_growth_year": -167.19,
            "roe": -0.45,
            "roe_4q": -5.92,
            "gross_profit": 32101,
            "gross_margin": 27.04,
            "gross_margin_4q_avg": 20.02,
            "net_income": -12352,
            "net_income_4q": null,
            "revenue": 118709,
            "revenue_4q": null,
            "common_shares": 1559250,
            "book_valuer_per_share": 17.68,
            "book_valuer_per_share_4q_avg": 18.25,
            "equity": 2756343,
            "current_ratio": 145.32,
            "debt_ratio": 76.08,
            "inventory_turnover_ratio": 0.01,
            "account_receivable_turnover_ratio": 2.44,
            "reinvestment_rate": -0.47,
            "research_to_sale_ratio": null,
            "price_fair": 95.9,
            "eps_avg_yearly": 2.74,
            "eps_latest_yearly": 2.96,
            "eps_growth_yearly": 1444.76
        },
        "20224": {
            "year_quarter": 20224,
            "year": 2022,
            "quarter": 4,
            "eps": 0.15,
            "eps_growth_year": null,
            "eps_4q": -0.67,
            "eps_4q_growth_year": -224.97,
            "roe": 0.84,
            "roe_4q": -3.6,
            "gross_profit": 73478,
            "gross_margin": 26.63,
            "gross_margin_4q_avg": 15.08,
            "net_income": 23219,
            "net_income_4q": null,
            "revenue": 275884,
            "revenue_4q": null,
            "common_shares": 1559250,
            "book_valuer_per_share": 17.83,
            "book_valuer_per_share_4q_avg": 17.96,
            "equity": 2779562,
            "current_ratio": 144.58,
            "debt_ratio": 76.3,
            "inventory_turnover_ratio": 0.02,
            "account_receivable_turnover_ratio": 5.42,
            "reinvestment_rate": -0.49,
            "research_to_sale_ratio": null,
            "price_fair": 94.89,
            "eps_avg_yearly": 2.71,
            "eps_latest_yearly": 2.96,
            "eps_growth_yearly": 1610.05
        },
        "20231": {
            "year_quarter": 20231,
            "year": 2023,
            "quarter": 1,
            "eps": 1.12,
            "eps_growth_year": null,
            "eps_4q": 0.85,
            "eps_4q_growth_year": 1009.84,
            "roe": 6.09,
            "roe_4q": 4.64,
            "gross_profit": 373457,
            "gross_margin": 24.1,
            "gross_margin_4q_avg": 21.1,
            "net_income": 174581,
            "net_income_4q": null,
            "revenue": 1549915,
            "revenue_4q": null,
            "common_shares": 1559250,
            "book_valuer_per_share": 18.95,
            "book_valuer_per_share_4q_avg": 18.06,
            "equity": 2954143,
            "current_ratio": 152.13,
            "debt_ratio": 73.37,
            "inventory_turnover_ratio": 0.13,
            "account_receivable_turnover_ratio": 98.62,
            "reinvestment_rate": -0.44,
            "research_to_sale_ratio": null,
            "price_fair": 97.53,
            "eps_avg_yearly": 2.79,
            "eps_latest_yearly": 4.48,
            "eps_growth_yearly": 1885.61
        },
        "20232": {
            "year_quarter": 20232,
            "year": 2023,
            "quarter": 2,
            "eps": -0.14,
            "eps_growth_year": null,
            "eps_4q": 1.04,
            "eps_4q_growth_year": null,
            "roe": -0.78,
            "roe_4q": 5.699999999999999,
            "gross_profit": 23918,
            "gross_margin": 23.45,
            "gross_margin_4q_avg": 25.31,
            "net_income": -22598,
            "net_income_4q": null,
            "revenue": 101993,
            "revenue_4q": null,
            "common_shares": 1559250,
            "book_valuer_per_share": 18.3,
            "book_valuer_per_share_4q_avg": 18.19,
            "equity": 2853582,
            "current_ratio": 149.84,
            "debt_ratio": 74.31,
            "inventory_turnover_ratio": 0.01,
            "account_receivable_turnover_ratio": 7.45,
            "reinvestment_rate": -0.49,
            "research_to_sale_ratio": null,
            "price_fair": 95.55,
            "eps_avg_yearly": 2.73,
            "eps_latest_yearly": 4.48,
            "eps_growth_yearly": 2128.68
        },
        "20233": {
            "year_quarter": 20233,
            "year": 2023,
            "quarter": 3,
            "eps": -0.15,
            "eps_growth_year": null,
            "eps_4q": 0.97,
            "eps_4q_growth_year": null,
            "roe": -0.83,
            "roe_4q": 5.32,
            "gross_profit": 98870,
            "gross_margin": 26.6,
            "gross_margin_4q_avg": 25.2,
            "net_income": -23451,
            "net_income_4q": null,
            "revenue": 371635,
            "revenue_4q": null,
            "common_shares": 1559250,
            "book_valuer_per_share": 18.15,
            "book_valuer_per_share_4q_avg": 18.31,
            "equity": 2830131,
            "current_ratio": 146.35,
            "debt_ratio": 75.49,
            "inventory_turnover_ratio": 0.03,
            "account_receivable_turnover_ratio": 3.04,
            "reinvestment_rate": -0.46,
            "research_to_sale_ratio": null,
            "price_fair": 93.6,
            "eps_avg_yearly": 2.67,
            "eps_latest_yearly": 4.48,
            "eps_growth_yearly": 2434.89
        },
        "20234": {
            "year_quarter": 20234,
            "year": 2023,
            "quarter": 4,
            "eps": 1.47,
            "eps_growth_year": 889.25,
            "eps_4q": 2.3,
            "eps_4q_growth_year": null,
            "roe": 7.8,
            "roe_4q": 12.28,
            "gross_profit": 356207,
            "gross_margin": 26.44,
            "gross_margin_4q_avg": 25.15,
            "net_income": 229694,
            "net_income_4q": null,
            "revenue": 1347277,
            "revenue_4q": null,
            "common_shares": 1559250,
            "book_valuer_per_share": 19.62,
            "book_valuer_per_share_4q_avg": 18.76,
            "equity": 3059825,
            "current_ratio": 147,
            "debt_ratio": 74.87,
            "inventory_turnover_ratio": 0.1,
            "account_receivable_turnover_ratio": 10.91,
            "reinvestment_rate": -0.3,
            "research_to_sale_ratio": null,
            "price_fair": 93.6,
            "eps_avg_yearly": 2.67,
            "eps_latest_yearly": 4.48,
            "eps_growth_yearly": 2434.89
        }
    },
    "months": {
        "2001-10": {
            "month": "2001-10",
            "price": "9.41",
            "revenue": 27608
        },
        "2001-11": {
            "month": "2001-11",
            "price": "9.64",
            "revenue": 43425
        },
        "2001-12": {
            "month": "2001-12",
            "price": "11.11",
            "revenue": 177602
        },
        "2002-01": {
            "month": "2002-01",
            "price": "11.87",
            "revenue": 13533
        },
        "2002-02": {
            "month": "2002-02",
            "price": "11.41",
            "revenue": 22492
        },
        "2002-03": {
            "month": "2002-03",
            "price": "11.53",
            "revenue": 19144
        },
        "2002-04": {
            "month": "2002-04",
            "price": "11.54",
            "revenue": 22194
        },
        "2002-05": {
            "month": "2002-05",
            "price": "10.21",
            "revenue": 23941
        },
        "2002-06": {
            "month": "2002-06",
            "price": "9.83",
            "revenue": 91706
        },
        "2002-07": {
            "month": "2002-07",
            "price": "11.76",
            "revenue": 41223
        },
        "2002-08": {
            "month": "2002-08",
            "price": "8.38",
            "revenue": 28748
        },
        "2002-09": {
            "month": "2002-09",
            "price": "7.32",
            "revenue": 60827
        },
        "2002-10": {
            "month": "2002-10",
            "price": "6.93",
            "revenue": 43626
        },
        "2002-11": {
            "month": "2002-11",
            "price": "5.50",
            "revenue": 59593
        },
        "2002-12": {
            "month": "2002-12",
            "price": "4.71",
            "revenue": 175746
        },
        "2003-01": {
            "month": "2003-01",
            "price": "5.11",
            "revenue": 34711
        },
        "2003-02": {
            "month": "2003-02",
            "price": "4.67",
            "revenue": 14098
        },
        "2003-03": {
            "month": "2003-03",
            "price": "5.95",
            "revenue": 228178
        },
        "2003-04": {
            "month": "2003-04",
            "price": "6.26",
            "revenue": 23103
        },
        "2003-05": {
            "month": "2003-05",
            "price": "5.85",
            "revenue": 38970
        },
        "2003-06": {
            "month": "2003-06",
            "price": "6.37",
            "revenue": 67230
        },
        "2003-07": {
            "month": "2003-07",
            "price": "6.68",
            "revenue": 42689
        },
        "2003-08": {
            "month": "2003-08",
            "price": "6.03",
            "revenue": 30884
        },
        "2003-09": {
            "month": "2003-09",
            "price": "5.42",
            "revenue": 65565
        },
        "2003-10": {
            "month": "2003-10",
            "price": "5.53",
            "revenue": 20085
        },
        "2003-11": {
            "month": "2003-11",
            "price": "9.48",
            "revenue": 30092
        },
        "2003-12": {
            "month": "2003-12",
            "price": "8.72",
            "revenue": 80522
        },
        "2004-01": {
            "month": "2004-01",
            "price": "11.73",
            "revenue": 12285
        },
        "2004-03": {
            "month": "2004-03",
            "price": "13.00",
            "revenue": 50389
        },
        "2004-04": {
            "month": "2004-04",
            "price": "11.98",
            "revenue": 16503
        },
        "2004-05": {
            "month": "2004-05",
            "price": "8.35",
            "revenue": 22281
        },
        "2004-06": {
            "month": "2004-06",
            "price": "7.04",
            "revenue": 73265
        },
        "2004-07": {
            "month": "2004-07",
            "price": "5.59",
            "revenue": 33301
        },
        "2004-08": {
            "month": "2004-08",
            "price": "5.75",
            "revenue": 23177
        },
        "2004-09": {
            "month": "2004-09",
            "price": "4.42",
            "revenue": 38577
        },
        "2004-10": {
            "month": "2004-10",
            "price": "4.64",
            "revenue": 18601
        },
        "2004-11": {
            "month": "2004-11",
            "price": "3.90",
            "revenue": 63042
        },
        "2004-12": {
            "month": "2004-12",
            "price": "3.77",
            "revenue": 113460
        },
        "2005-01": {
            "month": "2005-01",
            "price": "3.45",
            "revenue": 19349
        },
        "2005-02": {
            "month": "2005-02",
            "price": "3.17",
            "revenue": 52382
        },
        "2005-03": {
            "month": "2005-03",
            "price": "3.73",
            "revenue": 26389
        },
        "2005-04": {
            "month": "2005-04",
            "price": "3.45",
            "revenue": 40429
        },
        "2005-05": {
            "month": "2005-05",
            "price": "3.23",
            "revenue": 45783
        },
        "2005-06": {
            "month": "2005-06",
            "price": "3.37",
            "revenue": 46763
        },
        "2005-07": {
            "month": "2005-07",
            "price": "3.56",
            "revenue": 26923
        },
        "2005-08": {
            "month": "2005-08",
            "price": "3.18",
            "revenue": 48571
        },
        "2005-09": {
            "month": "2005-09",
            "price": "3.15",
            "revenue": 26261
        },
        "2005-10": {
            "month": "2005-10",
            "price": "3.00",
            "revenue": 103762
        },
        "2005-11": {
            "month": "2005-11",
            "price": "2.89",
            "revenue": 93573
        },
        "2005-12": {
            "month": "2005-12",
            "price": "3.07",
            "revenue": 107615
        },
        "2006-01": {
            "month": "2006-01",
            "price": "4.48",
            "revenue": 19757
        },
        "2006-02": {
            "month": "2006-02",
            "price": "4.15",
            "revenue": 25039
        },
        "2006-03": {
            "month": "2006-03",
            "price": "5.28",
            "revenue": 33972
        },
        "2006-04": {
            "month": "2006-04",
            "price": "5.39",
            "revenue": 31162
        },
        "2006-05": {
            "month": "2006-05",
            "price": "5.41",
            "revenue": 20675
        },
        "2006-06": {
            "month": "2006-06",
            "price": "4.79",
            "revenue": 31410
        },
        "2006-07": {
            "month": "2006-07",
            "price": "4.74",
            "revenue": 17834
        },
        "2006-08": {
            "month": "2006-08",
            "price": "3.23",
            "revenue": 35397
        },
        "2006-09": {
            "month": "2006-09",
            "price": "3.07",
            "revenue": 51162
        },
        "2006-10": {
            "month": "2006-10",
            "price": "3.74",
            "revenue": 37928
        },
        "2006-11": {
            "month": "2006-11",
            "price": "3.47",
            "revenue": 49594
        },
        "2006-12": {
            "month": "2006-12",
            "price": "4.31",
            "revenue": 159950
        },
        "2007-01": {
            "month": "2007-01",
            "price": "4.71",
            "revenue": 14327
        },
        "2007-02": {
            "month": "2007-02",
            "price": "4.14",
            "revenue": 15633
        },
        "2007-03": {
            "month": "2007-03",
            "price": "4.30",
            "revenue": 49342
        },
        "2007-04": {
            "month": "2007-04",
            "price": "5.66",
            "revenue": 23568
        },
        "2007-05": {
            "month": "2007-05",
            "price": "5.13",
            "revenue": 37393
        },
        "2007-06": {
            "month": "2007-06",
            "price": "5.63",
            "revenue": 53442
        },
        "2007-07": {
            "month": "2007-07",
            "price": "8.39",
            "revenue": 30011
        },
        "2007-08": {
            "month": "2007-08",
            "price": "8.00",
            "revenue": 58051
        },
        "2007-09": {
            "month": "2007-09",
            "price": "6.57",
            "revenue": 46998
        },
        "2007-10": {
            "month": "2007-10",
            "price": "6.12",
            "revenue": 30354
        },
        "2007-11": {
            "month": "2007-11",
            "price": "4.57",
            "revenue": 30901
        },
        "2007-12": {
            "month": "2007-12",
            "price": "4.46",
            "revenue": 34394
        },
        "2008-01": {
            "month": "2008-01",
            "price": "4.89",
            "revenue": 31886
        },
        "2008-02": {
            "month": "2008-02",
            "price": "4.17",
            "revenue": 39503
        },
        "2008-03": {
            "month": "2008-03",
            "price": "4.77",
            "revenue": 23791
        },
        "2008-04": {
            "month": "2008-04",
            "price": "4.91",
            "revenue": 30740
        },
        "2008-05": {
            "month": "2008-05",
            "price": "4.75",
            "revenue": 41146
        },
        "2008-06": {
            "month": "2008-06",
            "price": "4.39",
            "revenue": 31532
        },
        "2008-07": {
            "month": "2008-07",
            "price": "3.41",
            "revenue": 31146
        },
        "2008-08": {
            "month": "2008-08",
            "price": "3.15",
            "revenue": 15879
        },
        "2008-09": {
            "month": "2008-09",
            "price": "2.35",
            "revenue": 37863
        },
        "2008-10": {
            "month": "2008-10",
            "price": "1.79",
            "revenue": 19589
        },
        "2008-11": {
            "month": "2008-11",
            "price": "1.69",
            "revenue": 19653
        },
        "2008-12": {
            "month": "2008-12",
            "price": "2.17",
            "revenue": 37837
        },
        "2009-01": {
            "month": "2009-01",
            "price": "2.19",
            "revenue": 24902
        },
        "2009-02": {
            "month": "2009-02",
            "price": "1.88",
            "revenue": 12665
        },
        "2009-03": {
            "month": "2009-03",
            "price": "2.09",
            "revenue": 26723
        },
        "2009-04": {
            "month": "2009-04",
            "price": "3.05",
            "revenue": 14768
        },
        "2009-05": {
            "month": "2009-05",
            "price": "2.38",
            "revenue": 20620
        },
        "2009-06": {
            "month": "2009-06",
            "price": "1.28",
            "revenue": 38445
        },
        "2009-07": {
            "month": "2009-07",
            "price": "1.69",
            "revenue": 22860
        },
        "2009-09": {
            "month": "2009-09",
            "price": "1.95",
            "revenue": 14757
        },
        "2009-10": {
            "month": "2009-10",
            "price": "2.39",
            "revenue": 16691
        },
        "2009-11": {
            "month": "2009-11",
            "price": "1.76",
            "revenue": 17563
        },
        "2009-12": {
            "month": "2009-12",
            "price": "1.78",
            "revenue": 33215
        },
        "2010-01": {
            "month": "2010-01",
            "price": "2.14",
            "revenue": 13784
        },
        "2010-02": {
            "month": "2010-02",
            "price": "2.20",
            "revenue": 15765
        },
        "2010-03": {
            "month": "2010-03",
            "price": "2.02",
            "revenue": 10963
        },
        "2010-04": {
            "month": "2010-04",
            "price": "2.13",
            "revenue": 12388
        },
        "2010-05": {
            "month": "2010-05",
            "price": "1.82",
            "revenue": 7745
        },
        "2010-06": {
            "month": "2010-06",
            "price": "1.50",
            "revenue": 26156
        },
        "2010-07": {
            "month": "2010-07",
            "price": "1.70",
            "revenue": 10388
        },
        "2010-08": {
            "month": "2010-08",
            "price": "1.78",
            "revenue": 17197
        },
        "2010-09": {
            "month": "2010-09",
            "price": "1.83",
            "revenue": 11449
        },
        "2010-10": {
            "month": "2010-10",
            "price": "1.40",
            "revenue": 13805
        },
        "2010-11": {
            "month": "2010-11",
            "price": "1.45",
            "revenue": 14522
        },
        "2010-12": {
            "month": "2010-12",
            "price": "1.45",
            "revenue": 27613
        },
        "2011-01": {
            "month": "2011-01",
            "price": "1.60",
            "revenue": 7847
        },
        "2011-02": {
            "month": "2011-02",
            "price": "1.54",
            "revenue": 6468
        },
        "2011-03": {
            "month": "2011-03",
            "price": "1.53",
            "revenue": 27268
        },
        "2011-04": {
            "month": "2011-04",
            "price": "3.16",
            "revenue": 7116
        },
        "2011-05": {
            "month": "2011-05",
            "price": "5.27",
            "revenue": 7889
        },
        "2011-06": {
            "month": "2011-06",
            "price": "6.64",
            "revenue": 7429
        },
        "2011-07": {
            "month": "2011-07",
            "price": "7.77",
            "revenue": 247070
        },
        "2011-08": {
            "month": "2011-08",
            "price": "10.74",
            "revenue": 30635
        },
        "2011-09": {
            "month": "2011-09",
            "price": "11.21",
            "revenue": 5114
        },
        "2011-10": {
            "month": "2011-10",
            "price": "10.88",
            "revenue": 7406
        },
        "2011-11": {
            "month": "2011-11",
            "price": "10.72",
            "revenue": 7010
        },
        "2011-12": {
            "month": "2011-12",
            "price": "17.46",
            "revenue": 5898
        },
        "2012-01": {
            "month": "2012-01",
            "price": "15.38",
            "revenue": 1470
        },
        "2012-02": {
            "month": "2012-02",
            "price": "15.48",
            "revenue": 284953
        },
        "2012-03": {
            "month": "2012-03",
            "price": "17.35",
            "revenue": 56388
        },
        "2012-04": {
            "month": "2012-04",
            "price": "19.45",
            "revenue": 69509
        },
        "2012-05": {
            "month": "2012-05",
            "price": "20.38",
            "revenue": 42549
        },
        "2012-06": {
            "month": "2012-06",
            "price": "19.56",
            "revenue": 98
        },
        "2012-07": {
            "month": "2012-07",
            "price": "19.00",
            "revenue": 285
        },
        "2012-08": {
            "month": "2012-08",
            "price": "18.33",
            "revenue": 0
        },
        "2012-09": {
            "month": "2012-09",
            "price": "17.36",
            "revenue": 0
        },
        "2012-10": {
            "month": "2012-10",
            "price": "16.40",
            "revenue": 0
        },
        "2012-11": {
            "month": "2012-11",
            "price": "15.20",
            "revenue": 0
        },
        "2012-12": {
            "month": "2012-12",
            "price": "13.95",
            "revenue": 934
        },
        "2013-01": {
            "month": "2013-01",
            "price": "15.16",
            "revenue": 0
        },
        "2013-02": {
            "month": "2013-02",
            "price": "15.27",
            "revenue": 0
        },
        "2013-03": {
            "month": "2013-03",
            "price": "16.16",
            "revenue": 5130
        },
        "2013-04": {
            "month": "2013-04",
            "price": "16.09",
            "revenue": 408562
        },
        "2013-05": {
            "month": "2013-05",
            "price": "18.20",
            "revenue": 208248
        },
        "2013-06": {
            "month": "2013-06",
            "price": "18.60",
            "revenue": 71247
        },
        "2013-07": {
            "month": "2013-07",
            "price": "18.14",
            "revenue": 44909
        },
        "2013-08": {
            "month": "2013-08",
            "price": "17.76",
            "revenue": 230857
        },
        "2013-09": {
            "month": "2013-09",
            "price": "16.63",
            "revenue": 108966
        },
        "2013-10": {
            "month": "2013-10",
            "price": "15.90",
            "revenue": 168966
        },
        "2013-11": {
            "month": "2013-11",
            "price": "15.92",
            "revenue": 14659
        },
        "2013-12": {
            "month": "2013-12",
            "price": "15.64",
            "revenue": 15640
        },
        "2014-01": {
            "month": "2014-01",
            "price": "15.04",
            "revenue": 8607
        },
        "2014-02": {
            "month": "2014-02",
            "price": "14.95",
            "revenue": 1101
        },
        "2014-03": {
            "month": "2014-03",
            "price": "14.58",
            "revenue": 9629
        },
        "2014-04": {
            "month": "2014-04",
            "price": "14.63",
            "revenue": 8673
        },
        "2014-05": {
            "month": "2014-05",
            "price": "14.42",
            "revenue": 14122
        },
        "2014-06": {
            "month": "2014-06",
            "price": "14.35",
            "revenue": 24116
        },
        "2014-07": {
            "month": "2014-07",
            "price": "13.56",
            "revenue": 419513
        },
        "2014-08": {
            "month": "2014-08",
            "price": "13.45",
            "revenue": 116979
        },
        "2014-09": {
            "month": "2014-09",
            "price": "14.34",
            "revenue": 17585
        },
        "2014-10": {
            "month": "2014-10",
            "price": "13.63",
            "revenue": 25136
        },
        "2014-11": {
            "month": "2014-11",
            "price": "13.03",
            "revenue": 25247
        },
        "2014-12": {
            "month": "2014-12",
            "price": "12.99",
            "revenue": 48439
        },
        "2015-01": {
            "month": "2015-01",
            "price": "12.90",
            "revenue": 1081
        },
        "2015-02": {
            "month": "2015-02",
            "price": "12.82",
            "revenue": 17336
        },
        "2015-03": {
            "month": "2015-03",
            "price": "12.92",
            "revenue": 8145
        },
        "2015-04": {
            "month": "2015-04",
            "price": "12.87",
            "revenue": 13158
        },
        "2015-05": {
            "month": "2015-05",
            "price": "12.51",
            "revenue": 10529
        },
        "2015-06": {
            "month": "2015-06",
            "price": "11.19",
            "revenue": 228877
        },
        "2015-07": {
            "month": "2015-07",
            "price": "10.86",
            "revenue": 377902
        },
        "2015-08": {
            "month": "2015-08",
            "price": "9.99",
            "revenue": 186437
        },
        "2015-09": {
            "month": "2015-09",
            "price": "11.95",
            "revenue": 39323
        },
        "2015-10": {
            "month": "2015-10",
            "price": "11.99",
            "revenue": 564233
        },
        "2015-11": {
            "month": "2015-11",
            "price": "11.43",
            "revenue": 185494
        },
        "2015-12": {
            "month": "2015-12",
            "price": "10.89",
            "revenue": 70761
        },
        "2016-01": {
            "month": "2016-01",
            "price": "9.92",
            "revenue": 38148
        },
        "2016-02": {
            "month": "2016-02",
            "price": "9.79",
            "revenue": -164
        },
        "2016-03": {
            "month": "2016-03",
            "price": "10.76",
            "revenue": 49000
        },
        "2016-04": {
            "month": "2016-04",
            "price": "10.56",
            "revenue": 0
        },
        "2016-05": {
            "month": "2016-05",
            "price": "9.87",
            "revenue": 69847
        },
        "2016-06": {
            "month": "2016-06",
            "price": "9.88",
            "revenue": 33968
        },
        "2016-07": {
            "month": "2016-07",
            "price": "9.78",
            "revenue": 19262
        },
        "2016-08": {
            "month": "2016-08",
            "price": "9.60",
            "revenue": 16539
        },
        "2016-09": {
            "month": "2016-09",
            "price": "9.67",
            "revenue": 763815
        },
        "2016-10": {
            "month": "2016-10",
            "price": "9.55",
            "revenue": 37205
        },
        "2016-11": {
            "month": "2016-11",
            "price": "9.18",
            "revenue": 0
        },
        "2016-12": {
            "month": "2016-12",
            "price": "8.33",
            "revenue": 43779
        },
        "2017-01": {
            "month": "2017-01",
            "price": "8.06",
            "revenue": 0
        },
        "2017-02": {
            "month": "2017-02",
            "price": "9.04",
            "revenue": 603785
        },
        "2017-03": {
            "month": "2017-03",
            "price": "9.24",
            "revenue": 112919
        },
        "2017-04": {
            "month": "2017-04",
            "price": "9.68",
            "revenue": 10970
        },
        "2017-05": {
            "month": "2017-05",
            "price": "9.74",
            "revenue": 188651
        },
        "2017-06": {
            "month": "2017-06",
            "price": "9.92",
            "revenue": 54892
        },
        "2017-07": {
            "month": "2017-07",
            "price": "9.91",
            "revenue": 30189
        },
        "2017-08": {
            "month": "2017-08",
            "price": "9.43",
            "revenue": 87240
        },
        "2017-09": {
            "month": "2017-09",
            "price": "9.76",
            "revenue": 32716
        },
        "2017-10": {
            "month": "2017-10",
            "price": "9.60",
            "revenue": 38024
        },
        "2017-11": {
            "month": "2017-11",
            "price": "9.69",
            "revenue": 98751
        },
        "2017-12": {
            "month": "2017-12",
            "price": "9.61",
            "revenue": 97019
        },
        "2018-01": {
            "month": "2018-01",
            "price": "9.87",
            "revenue": 12391
        },
        "2018-02": {
            "month": "2018-02",
            "price": "11.03",
            "revenue": 10775
        },
        "2018-03": {
            "month": "2018-03",
            "price": "11.77",
            "revenue": 0
        },
        "2018-04": {
            "month": "2018-04",
            "price": "11.74",
            "revenue": 71878
        },
        "2018-05": {
            "month": "2018-05",
            "price": "11.82",
            "revenue": 69437
        },
        "2018-06": {
            "month": "2018-06",
            "price": "12.02",
            "revenue": 44026
        },
        "2018-07": {
            "month": "2018-07",
            "price": "11.45",
            "revenue": 116759
        },
        "2018-08": {
            "month": "2018-08",
            "price": "11.36",
            "revenue": 332199
        },
        "2018-09": {
            "month": "2018-09",
            "price": "12.41",
            "revenue": 224636
        },
        "2018-10": {
            "month": "2018-10",
            "price": "12.98",
            "revenue": 553466
        },
        "2018-11": {
            "month": "2018-11",
            "price": "12.95",
            "revenue": 19737
        },
        "2018-12": {
            "month": "2018-12",
            "price": "13.33",
            "revenue": -67
        },
        "2019-01": {
            "month": "2019-01",
            "price": "13.77",
            "revenue": 411423
        },
        "2019-02": {
            "month": "2019-02",
            "price": "14.30",
            "revenue": -7
        },
        "2019-03": {
            "month": "2019-03",
            "price": "14.90",
            "revenue": 208600
        },
        "2019-04": {
            "month": "2019-04",
            "price": "17.52",
            "revenue": 59145
        },
        "2019-05": {
            "month": "2019-05",
            "price": "17.90",
            "revenue": 310979
        },
        "2019-06": {
            "month": "2019-06",
            "price": "19.13",
            "revenue": 250606
        },
        "2019-07": {
            "month": "2019-07",
            "price": "18.43",
            "revenue": 447062
        },
        "2019-08": {
            "month": "2019-08",
            "price": "18.42",
            "revenue": 95696
        },
        "2019-09": {
            "month": "2019-09",
            "price": "17.87",
            "revenue": 157517
        },
        "2019-10": {
            "month": "2019-10",
            "price": "17.40",
            "revenue": 108898
        },
        "2019-11": {
            "month": "2019-11",
            "price": "17.50",
            "revenue": 91266
        },
        "2019-12": {
            "month": "2019-12",
            "price": "17.84",
            "revenue": 74027
        },
        "2020-01": {
            "month": "2020-01",
            "price": "18.04",
            "revenue": 163589
        },
        "2020-02": {
            "month": "2020-02",
            "price": "17.97",
            "revenue": 75970
        },
        "2020-03": {
            "month": "2020-03",
            "price": "14.34",
            "revenue": 105778
        },
        "2020-04": {
            "month": "2020-04",
            "price": "14.88",
            "revenue": 26293
        },
        "2020-05": {
            "month": "2020-05",
            "price": "15.07",
            "revenue": 655834
        },
        "2020-06": {
            "month": "2020-06",
            "price": "16.68",
            "revenue": 223150
        },
        "2020-07": {
            "month": "2020-07",
            "price": "17.17",
            "revenue": 29512
        },
        "2020-08": {
            "month": "2020-08",
            "price": "16.36",
            "revenue": 437932
        },
        "2020-09": {
            "month": "2020-09",
            "price": "17.22",
            "revenue": 270833
        },
        "2020-10": {
            "month": "2020-10",
            "price": "16.92",
            "revenue": 129261
        },
        "2020-11": {
            "month": "2020-11",
            "price": "17.30",
            "revenue": 448641
        },
        "2020-12": {
            "month": "2020-12",
            "price": "17.52",
            "revenue": 168093
        },
        "2021-01": {
            "month": "2021-01",
            "price": "17.36",
            "revenue": 125377
        },
        "2021-02": {
            "month": "2021-02",
            "price": "17.48",
            "revenue": 27677
        },
        "2021-03": {
            "month": "2021-03",
            "price": "18.93",
            "revenue": 27284
        },
        "2021-04": {
            "month": "2021-04",
            "price": "19.81",
            "revenue": 13446
        },
        "2021-05": {
            "month": "2021-05",
            "price": "17.83",
            "revenue": 380569
        },
        "2021-06": {
            "month": "2021-06",
            "price": "17.74",
            "revenue": -5
        },
        "2021-07": {
            "month": "2021-07",
            "price": "17.68",
            "revenue": 524602
        },
        "2021-08": {
            "month": "2021-08",
            "price": "17.58",
            "revenue": 491537
        },
        "2021-09": {
            "month": "2021-09",
            "price": "16.63",
            "revenue": 334588
        },
        "2021-10": {
            "month": "2021-10",
            "price": "16.66",
            "revenue": 9684
        },
        "2021-11": {
            "month": "2021-11",
            "price": "16.23",
            "revenue": 0
        },
        "2021-12": {
            "month": "2021-12",
            "price": "15.53",
            "revenue": 0
        },
        "2022-01": {
            "month": "2022-01",
            "price": "15.39",
            "revenue": 0
        },
        "2022-02": {
            "month": "2022-02",
            "price": "15.50",
            "revenue": 0
        },
        "2022-03": {
            "month": "2022-03",
            "price": "15.53",
            "revenue": 0
        },
        "2022-04": {
            "month": "2022-04",
            "price": "14.73",
            "revenue": 1492
        },
        "2022-05": {
            "month": "2022-05",
            "price": "13.95",
            "revenue": 0
        },
        "2022-06": {
            "month": "2022-06",
            "price": "13.85",
            "revenue": 861
        },
        "2022-07": {
            "month": "2022-07",
            "price": "13.65",
            "revenue": 0
        },
        "2022-08": {
            "month": "2022-08",
            "price": "14.11",
            "revenue": 0
        },
        "2022-09": {
            "month": "2022-09",
            "price": "14.08",
            "revenue": 118709
        },
        "2022-10": {
            "month": "2022-10",
            "price": "13.94",
            "revenue": 161534
        },
        "2022-11": {
            "month": "2022-11",
            "price": "14.01",
            "revenue": 105556
        },
        "2022-12": {
            "month": "2022-12",
            "price": "15.27",
            "revenue": 8794
        },
        "2023-01": {
            "month": "2023-01",
            "price": "15.94",
            "revenue": 0
        },
        "2023-02": {
            "month": "2023-02",
            "price": "17.34",
            "revenue": 587061
        },
        "2023-03": {
            "month": "2023-03",
            "price": "17.97",
            "revenue": 962854
        },
        "2023-04": {
            "month": "2023-04",
            "price": "19.42",
            "revenue": 92790
        },
        "2023-05": {
            "month": "2023-05",
            "price": "21.55",
            "revenue": 9203
        },
        "2023-06": {
            "month": "2023-06",
            "price": "20.44",
            "revenue": 0
        },
        "2023-07": {
            "month": "2023-07",
            "price": "20.20",
            "revenue": 0
        },
        "2023-08": {
            "month": "2023-08",
            "price": "19.71",
            "revenue": 0
        },
        "2023-09": {
            "month": "2023-09",
            "price": "22.35",
            "revenue": 371635
        },
        "2023-10": {
            "month": "2023-10",
            "price": "23.38",
            "revenue": 699128
        },
        "2023-11": {
            "month": "2023-11",
            "price": "24.12",
            "revenue": 626110
        },
        "2023-12": {
            "month": "2023-12",
            "price": "25.34",
            "revenue": 22040
        }
    }
}
