{
    "summary": {
        "stock_name": "新鼎",
        "stock_id": "5209",
        "category": "其他",
        "main_business": "各項控制系統軟硬體之分項與整體之可行性研究、規劃、設計、採購<br>軟硬體組合.監造.安裝.校測.試車.維護及操作等。<br>電腦軟.硬體.儀器之進口代理及銷售。",
        "website_url": "http://www.asi.ctci.com",
        "ceo": "陳漢宗",
        "pe_ratio": 21,
        "report_year_from": 2001,
        "report_year_to": 2023,
        "age": 22,
        "eps_negative_percentage": 9,
        "eps_growth_avg": {
            "last_all": 11.81,
            "last_2y": 47.31,
            "last_4y": 28.14,
            "last_8y": 12.84,
            "last_12y": 13.35,
            "last_16y": 13.2,
            "last_20y": 11.81,
            "at_2006_last_3y": 58.74,
            "at_2007_last_3y": 30.51,
            "at_2008_last_3y": 16.34,
            "at_2009_last_3y": 12.7,
            "at_2010_last_3y": 23.77,
            "at_2011_last_3y": 36.75,
            "at_2012_last_3y": 40.49,
            "at_2013_last_3y": 14.5,
            "at_2014_last_3y": -6.84,
            "at_2015_last_3y": -12.57,
            "at_2016_last_3y": -12.12,
            "at_2017_last_3y": -6.28,
            "at_2018_last_3y": -0.22,
            "at_2019_last_3y": -1.44,
            "at_2020_last_3y": 19.88,
            "at_2021_last_3y": 38.22,
            "at_2022_last_3y": 35.02,
            "at_2023_last_3y": 35.02,
            "at_2006_last_all": 5.83,
            "at_2007_last_all": -2.12,
            "at_2008_last_all": -6.93,
            "at_2009_last_all": 8.47,
            "at_2010_last_all": 16.08,
            "at_2011_last_all": 17.32,
            "at_2012_last_all": 14.14,
            "at_2013_last_all": 10.88,
            "at_2014_last_all": 7.75,
            "at_2015_last_all": 7.35,
            "at_2016_last_all": 6.06,
            "at_2017_last_all": 5.98,
            "at_2018_last_all": 5.62,
            "at_2019_last_all": 5.15,
            "at_2020_last_all": 9.31,
            "at_2021_last_all": 13.14,
            "at_2022_last_all": 11.81,
            "at_2023_last_all": 11.81
        },
        "latest_eps": 10.01,
        "latest_price": 205.5,
        "latest_roe": 42.99,
        "latest_gross_margin": 10.33,
        "latest_equity": 582092,
        "latest_revenue": 1178197,
        "latest_gross_profit": 121709,
        "latest_net_income": 80450,
        "latest_debt_ratio": 85.51,
        "latest_current_ratio": 113.97,
        "latest_account_receivable_turnover_ratio": 1.57,
        "latest_inventory_turnover_ratio": 1004.27,
        "latest_reinvestment_rate": 7.32,
        "latest_research_to_sale_ratio": 0.1
    },
    "eps_dividends": {
        "2000": {
            "cash": 1,
            "stock": 1,
            "eps": 0
        },
        "2001": {
            "cash": 1.45,
            "stock": 1.35,
            "eps": 1.18
        },
        "2002": {
            "cash": 1,
            "stock": 0,
            "eps": -0.02
        },
        "2003": {
            "cash": 0,
            "stock": 0,
            "eps": -1.03
        },
        "2004": {
            "cash": 0,
            "stock": 0,
            "eps": 0.93
        },
        "2005": {
            "cash": 1,
            "stock": 0,
            "eps": 2.46
        },
        "2006": {
            "cash": 2.3,
            "stock": 0,
            "eps": 2.89
        },
        "2007": {
            "cash": 2.24,
            "stock": 0.16,
            "eps": 2.14
        },
        "2008": {
            "cash": 1.6,
            "stock": 0.11,
            "eps": 1.58
        },
        "2009": {
            "cash": 1,
            "stock": 0,
            "eps": 2.93
        },
        "2010": {
            "cash": 2.98,
            "stock": 0,
            "eps": 4.74
        },
        "2011": {
            "cash": 3.97,
            "stock": 0,
            "eps": 5.97
        },
        "2012": {
            "cash": 5.38,
            "stock": 0,
            "eps": 5.3
        },
        "2013": {
            "cash": 4.49,
            "stock": 0,
            "eps": 4.32
        },
        "2014": {
            "cash": 4.26,
            "stock": 0,
            "eps": 3.3
        },
        "2015": {
            "cash": 2.53,
            "stock": 0,
            "eps": 3.4
        },
        "2016": {
            "cash": 2.53,
            "stock": 0,
            "eps": 3.08
        },
        "2017": {
            "cash": 2.51,
            "stock": 0,
            "eps": 3.23
        },
        "2018": {
            "cash": 2.88,
            "stock": 0,
            "eps": 3.25
        },
        "2019": {
            "cash": 2.78,
            "stock": 0,
            "eps": 3.19
        },
        "2020": {
            "cash": 2.98,
            "stock": 0,
            "eps": 5.61
        },
        "2021": {
            "cash": 4,
            "stock": 0,
            "eps": 10
        },
        "2022": {
            "cash": 8.89,
            "stock": 0,
            "eps": 8.78
        },
        "2023": {
            "cash": 7.56,
            "stock": 0,
            "eps": 2.89
        }
    },
    "dividends": {
        "2000-03-28": {
            "cash": 1,
            "stock": 1
        },
        "2001-05-08": {
            "cash": 1.45,
            "stock": 1.35
        },
        "2002-06-20": {
            "cash": 1,
            "stock": 0
        },
        "2005-03-30": {
            "cash": 1,
            "stock": 0
        },
        "2006-04-03": {
            "cash": 2.3,
            "stock": 0
        },
        "2007-03-23": {
            "cash": 2.24,
            "stock": 0.16
        },
        "2008-03-27": {
            "cash": 1.6,
            "stock": 0.11
        },
        "2009-03-24": {
            "cash": 1,
            "stock": 0
        },
        "2010-03-25": {
            "cash": 2.98,
            "stock": 0
        },
        "2011-03-24": {
            "cash": 3.97,
            "stock": 0
        },
        "2012-06-27": {
            "cash": 5.38,
            "stock": 0
        },
        "2013-06-28": {
            "cash": 4.49,
            "stock": 0
        },
        "2014-08-22": {
            "cash": 4.26,
            "stock": 0
        },
        "2015-08-21": {
            "cash": 2.53,
            "stock": 0
        },
        "2016-08-19": {
            "cash": 2.53,
            "stock": 0
        },
        "2017-08-25": {
            "cash": 2.51,
            "stock": 0
        },
        "2018-08-24": {
            "cash": 2.88,
            "stock": 0
        },
        "2019-08-21": {
            "cash": 2.78,
            "stock": 0
        },
        "2020-08-19": {
            "cash": 2.98,
            "stock": 0
        },
        "2021-09-15": {
            "cash": 4,
            "stock": 0
        },
        "2022-07-29": {
            "cash": 8.89,
            "stock": 0
        },
        "2023-07-21": {
            "cash": 7.56,
            "stock": 0
        }
    },
    "prices": {
        "200101": "無",
        "200102": "無",
        "200103": "無",
        "200104": "無",
        "200105": "無",
        "200106": "無",
        "200107": "無",
        "200108": "無",
        "200109": "無",
        "200110": "無",
        "200111": "無",
        "200112": "無",
        "200201": "無",
        "200202": "22.83",
        "200203": "23.20",
        "200204": "29.80",
        "200205": "18.36",
        "200206": "17.23",
        "200207": "13.96",
        "200208": "11.15",
        "200209": "10.12",
        "200210": "9.08",
        "200211": "9.19",
        "200212": "9.13",
        "200301": "10.35",
        "200302": "9.86",
        "200303": "8.85",
        "200304": "8.24",
        "200305": "7.05",
        "200306": "7.95",
        "200307": "8.71",
        "200308": "8.14",
        "200309": "7.87",
        "200310": "8.45",
        "200311": "9.82",
        "200312": "9.75",
        "200401": "9.70",
        "200402": "12.06",
        "200403": "12.66",
        "200404": "13.13",
        "200405": "12.15",
        "200406": "11.78",
        "200407": "11.83",
        "200408": "11.85",
        "200409": "11.88",
        "200410": "11.92",
        "200411": "11.91",
        "200412": "11.14",
        "200501": "9.84",
        "200502": "9.85",
        "200503": "10.90",
        "200504": "11.82",
        "200505": "11.80",
        "200506": "13.37",
        "200507": "15.68",
        "200508": "15.80",
        "200509": "15.87",
        "200510": "15.49",
        "200511": "15.70",
        "200512": "16.59",
        "200601": "17.67",
        "200602": "17.27",
        "200603": "17.65",
        "200604": "18.45",
        "200605": "19.83",
        "200606": "21.64",
        "200607": "18.86",
        "200608": "17.54",
        "200609": "18.94",
        "200610": "22.86",
        "200611": "26.60",
        "200612": "29.72",
        "200701": "38.32",
        "200702": "39.82",
        "200703": "36.02",
        "200704": "40.84",
        "200705": "38.56",
        "200706": "39.84",
        "200707": "41.35",
        "200708": "37.90",
        "200709": "30.89",
        "200710": "27.78",
        "200711": "25.06",
        "200712": "23.97",
        "200801": "23.77",
        "200802": "23.47",
        "200803": "24.58",
        "200804": "28.79",
        "200805": "30.15",
        "200806": "28.62",
        "200807": "24.03",
        "200808": "21.08",
        "200809": "17.63",
        "200810": "15.30",
        "200811": "16.08",
        "200812": "16.83",
        "200901": "15.91",
        "200902": "15.51",
        "200903": "16.23",
        "200904": "18.09",
        "200905": "22.04",
        "200906": "25.50",
        "200907": "25.03",
        "200908": "25.78",
        "200909": "26.67",
        "200910": "27.89",
        "200911": "28.67",
        "200912": "34.36",
        "201001": "47.96",
        "201002": "74.39",
        "201003": "69.30",
        "201004": "69.47",
        "201005": "60.09",
        "201006": "57.27",
        "201007": "60.46",
        "201008": "62.87",
        "201009": "58.45",
        "201010": "57.05",
        "201011": "56.96",
        "201012": "67.83",
        "201101": "71.98",
        "201102": "66.68",
        "201103": "60.37",
        "201104": "63.41",
        "201105": "67.02",
        "201106": "65.64",
        "201107": "69.40",
        "201108": "62.42",
        "201109": "64.02",
        "201110": "60.26",
        "201111": "57.21",
        "201112": "51.43",
        "201201": "51.70",
        "201202": "57.19",
        "201203": "61.43",
        "201204": "69.68",
        "201205": "69.07",
        "201206": "69.04",
        "201207": "69.25",
        "201208": "63.19",
        "201209": "64.32",
        "201210": "63.49",
        "201211": "62.41",
        "201212": "61.11",
        "201301": "60.06",
        "201302": "60.32",
        "201303": "62.17",
        "201304": "62.22",
        "201305": "61.35",
        "201306": "59.59",
        "201307": "58.10",
        "201308": "48.49",
        "201309": "49.82",
        "201310": "53.43",
        "201311": "54.63",
        "201312": "55.34",
        "201401": "55.16",
        "201402": "53.39",
        "201403": "56.31",
        "201404": "61.14",
        "201405": "65.18",
        "201406": "64.48",
        "201407": "64.85",
        "201408": "59.18",
        "201409": "58.92",
        "201410": "55.10",
        "201411": "53.02",
        "201412": "54.00",
        "201501": "54.06",
        "201502": "53.48",
        "201503": "52.67",
        "201504": "51.26",
        "201505": "50.95",
        "201506": "49.70",
        "201507": "47.02",
        "201508": "41.83",
        "201509": "42.58",
        "201510": "43.84",
        "201511": "43.30",
        "201512": "41.80",
        "201601": "40.54",
        "201602": "41.32",
        "201603": "43.70",
        "201604": "42.54",
        "201605": "39.43",
        "201606": "38.99",
        "201607": "39.40",
        "201608": "38.99",
        "201609": "39.68",
        "201610": "41.48",
        "201611": "40.30",
        "201612": "40.74",
        "201701": "40.47",
        "201702": "41.18",
        "201703": "41.16",
        "201704": "42.03",
        "201705": "43.27",
        "201706": "43.97",
        "201707": "43.67",
        "201708": "42.52",
        "201709": "43.74",
        "201710": "48.06",
        "201711": "47.63",
        "201712": "46.11",
        "201801": "47.10",
        "201802": "45.93",
        "201803": "46.91",
        "201804": "47.74",
        "201805": "47.05",
        "201806": "47.10",
        "201807": "46.84",
        "201808": "44.31",
        "201809": "43.71",
        "201810": "41.57",
        "201811": "40.33",
        "201812": "41.34",
        "201901": "41.84",
        "201902": "42.14",
        "201903": "42.62",
        "201904": "42.90",
        "201905": "43.09",
        "201906": "43.17",
        "201907": "43.88",
        "201908": "42.10",
        "201909": "42.21",
        "201910": "42.50",
        "201911": "46.52",
        "201912": "46.98",
        "202001": "50.32",
        "202002": "53.29",
        "202003": "49.55",
        "202004": "52.90",
        "202005": "61.69",
        "202006": "63.72",
        "202007": "63.09",
        "202008": "65.50",
        "202009": "68.41",
        "202010": "67.32",
        "202011": "69.21",
        "202012": "67.04",
        "202101": "65.36",
        "202102": "65.18",
        "202103": "66.89",
        "202104": "68.12",
        "202105": "68.18",
        "202106": "68.39",
        "202107": "68.55",
        "202108": "68.20",
        "202109": "66.40",
        "202110": "65.37",
        "202111": "67.37",
        "202112": "69.00",
        "202201": "68.94",
        "202202": "69.05",
        "202203": "78.07",
        "202204": "78.93",
        "202205": "75.34",
        "202206": "74.05",
        "202207": "63.09",
        "202208": "67.83",
        "202209": "70.50",
        "202210": "70.64",
        "202211": "73.71",
        "202212": "77.15",
        "202301": "79.24",
        "202302": "83.03",
        "202303": "104.64",
        "202304": "145.62",
        "202305": "181.73",
        "202306": "193.46"
    },
    "quarters": {
        "20011": {
            "year_quarter": 20011,
            "year": 2001,
            "quarter": 1,
            "eps": 0.33,
            "eps_growth_year": null,
            "eps_4q": null,
            "eps_4q_growth_year": null,
            "roe": 1.78,
            "roe_4q": 1.78,
            "gross_profit": 24922,
            "gross_margin": 8.55,
            "gross_margin_4q_avg": 8.55,
            "net_income": 5033,
            "revenue": 291479,
            "common_shares": 150400,
            "book_valuer_per_share": 18.94,
            "book_valuer_per_share_4q_avg": 18.94,
            "equity": 284799,
            "current_ratio": 165.47,
            "debt_ratio": 49.01,
            "inventory_turnover_ratio": 14.64,
            "account_receivable_turnover_ratio": null,
            "reinvestment_rate": null,
            "research_to_sale_ratio": null,
            "price_fair": 0,
            "eps_avg_yearly": 0,
            "eps_latest_yearly": 0,
            "eps_growth_yearly": 0
        },
        "20012": {
            "year_quarter": 20012,
            "year": 2001,
            "quarter": 2,
            "eps": 0.32,
            "eps_growth_year": null,
            "eps_4q": null,
            "eps_4q_growth_year": null,
            "roe": 1.99,
            "roe_4q": 3.77,
            "gross_profit": 29867,
            "gross_margin": 11.51,
            "gross_margin_4q_avg": 10.03,
            "net_income": 5507,
            "revenue": 259554,
            "common_shares": 150400,
            "book_valuer_per_share": 17.83,
            "book_valuer_per_share_4q_avg": 18.39,
            "equity": 268227,
            "current_ratio": 161.86,
            "debt_ratio": 49.45,
            "inventory_turnover_ratio": 11.19,
            "account_receivable_turnover_ratio": null,
            "reinvestment_rate": null,
            "research_to_sale_ratio": null,
            "price_fair": 0,
            "eps_avg_yearly": 0,
            "eps_latest_yearly": 0,
            "eps_growth_yearly": 0
        },
        "20013": {
            "year_quarter": 20013,
            "year": 2001,
            "quarter": 3,
            "eps": 0.14,
            "eps_growth_year": null,
            "eps_4q": null,
            "eps_4q_growth_year": null,
            "roe": 0.86,
            "roe_4q": 4.63,
            "gross_profit": 17809,
            "gross_margin": 9.98,
            "gross_margin_4q_avg": 10.01,
            "net_income": 2516,
            "revenue": 178391,
            "common_shares": 202060,
            "book_valuer_per_share": 15.74,
            "book_valuer_per_share_4q_avg": 17.5,
            "equity": 318143,
            "current_ratio": 214.48,
            "debt_ratio": 36.49,
            "inventory_turnover_ratio": 9.36,
            "account_receivable_turnover_ratio": null,
            "reinvestment_rate": null,
            "research_to_sale_ratio": null,
            "price_fair": 0,
            "eps_avg_yearly": 0,
            "eps_latest_yearly": 0,
            "eps_growth_yearly": 0
        },
        "20014": {
            "year_quarter": 20014,
            "year": 2001,
            "quarter": 4,
            "eps": 0.39,
            "eps_growth_year": null,
            "eps_4q": 1.09,
            "eps_4q_growth_year": null,
            "roe": 2.27,
            "roe_4q": 6.9,
            "gross_profit": 23983,
            "gross_margin": 10.73,
            "gross_margin_4q_avg": 10.19,
            "net_income": 7295,
            "revenue": 223603,
            "common_shares": 202060,
            "book_valuer_per_share": 16.11,
            "book_valuer_per_share_4q_avg": 17.16,
            "equity": 325492,
            "current_ratio": 204.64,
            "debt_ratio": 38.31,
            "inventory_turnover_ratio": 20.92,
            "account_receivable_turnover_ratio": null,
            "reinvestment_rate": null,
            "research_to_sale_ratio": null,
            "price_fair": 0,
            "eps_avg_yearly": 0,
            "eps_latest_yearly": 0,
            "eps_growth_yearly": 0
        },
        "20021": {
            "year_quarter": 20021,
            "year": 2002,
            "quarter": 1,
            "eps": 0.07,
            "eps_growth_year": -78.79,
            "eps_4q": 0.8,
            "eps_4q_growth_year": null,
            "roe": 0.45,
            "roe_4q": 5.57,
            "gross_profit": 18544,
            "gross_margin": 12.52,
            "gross_margin_4q_avg": 11.19,
            "net_income": 1461,
            "revenue": 148090,
            "common_shares": 202060,
            "book_valuer_per_share": 16.18,
            "book_valuer_per_share_4q_avg": 16.47,
            "equity": 327006,
            "current_ratio": 229.49,
            "debt_ratio": 34.22,
            "inventory_turnover_ratio": 18.19,
            "account_receivable_turnover_ratio": null,
            "reinvestment_rate": null,
            "research_to_sale_ratio": null,
            "price_fair": 0.84,
            "eps_avg_yearly": 0.28,
            "eps_latest_yearly": 0.28,
            "eps_growth_yearly": -328.21
        },
        "20022": {
            "year_quarter": 20022,
            "year": 2002,
            "quarter": 2,
            "eps": -0.46,
            "eps_growth_year": -243.75,
            "eps_4q": 0.1,
            "eps_4q_growth_year": null,
            "roe": -2.99,
            "roe_4q": 0.59,
            "gross_profit": 8908,
            "gross_margin": 4.53,
            "gross_margin_4q_avg": 9.44,
            "net_income": -9339,
            "revenue": 196627,
            "common_shares": 202060,
            "book_valuer_per_share": 14.72,
            "book_valuer_per_share_4q_avg": 15.69,
            "equity": 297408,
            "current_ratio": 179.69,
            "debt_ratio": 44.7,
            "inventory_turnover_ratio": 18.59,
            "account_receivable_turnover_ratio": null,
            "reinvestment_rate": null,
            "research_to_sale_ratio": null,
            "price_fair": 0.84,
            "eps_avg_yearly": 0.28,
            "eps_latest_yearly": 0.28,
            "eps_growth_yearly": -328.21
        },
        "20023": {
            "year_quarter": 20023,
            "year": 2002,
            "quarter": 3,
            "eps": 0.19,
            "eps_growth_year": 35.71,
            "eps_4q": 0.16,
            "eps_4q_growth_year": null,
            "roe": 1.3,
            "roe_4q": 1.0299999999999998,
            "gross_profit": 21651,
            "gross_margin": 9.64,
            "gross_margin_4q_avg": 9.36,
            "net_income": 3901,
            "revenue": 224652,
            "common_shares": 202060,
            "book_valuer_per_share": 14.91,
            "book_valuer_per_share_4q_avg": 15.48,
            "equity": 301309,
            "current_ratio": 168.24,
            "debt_ratio": 49.18,
            "inventory_turnover_ratio": 25.38,
            "account_receivable_turnover_ratio": null,
            "reinvestment_rate": null,
            "research_to_sale_ratio": null,
            "price_fair": 0.84,
            "eps_avg_yearly": 0.28,
            "eps_latest_yearly": 0.28,
            "eps_growth_yearly": -328.21
        },
        "20024": {
            "year_quarter": 20024,
            "year": 2002,
            "quarter": 4,
            "eps": 0.18,
            "eps_growth_year": -53.85,
            "eps_4q": -0.02,
            "eps_4q_growth_year": -101.78,
            "roe": 1.18,
            "roe_4q": -0.06000000000000022,
            "gross_profit": 22874,
            "gross_margin": 9.08,
            "gross_margin_4q_avg": 8.94,
            "net_income": 3590,
            "revenue": 251803,
            "common_shares": 202060,
            "book_valuer_per_share": 15.09,
            "book_valuer_per_share_4q_avg": 15.23,
            "equity": 304891,
            "current_ratio": 168.16,
            "debt_ratio": 49.38,
            "inventory_turnover_ratio": 94.5,
            "account_receivable_turnover_ratio": null,
            "reinvestment_rate": null,
            "research_to_sale_ratio": null,
            "price_fair": 1.5,
            "eps_avg_yearly": 0.5,
            "eps_latest_yearly": 0.72,
            "eps_growth_yearly": -174.63
        },
        "20031": {
            "year_quarter": 20031,
            "year": 2003,
            "quarter": 1,
            "eps": -0.38,
            "eps_growth_year": -642.86,
            "eps_4q": -0.47,
            "eps_4q_growth_year": -158.68,
            "roe": -2.54,
            "roe_4q": -3.0500000000000003,
            "gross_profit": 14485,
            "gross_margin": 8.12,
            "gross_margin_4q_avg": 7.84,
            "net_income": -7656,
            "revenue": 178351,
            "common_shares": 202060,
            "book_valuer_per_share": 14.71,
            "book_valuer_per_share_4q_avg": 14.86,
            "equity": 297235,
            "current_ratio": 182,
            "debt_ratio": 44.74,
            "inventory_turnover_ratio": 86.34,
            "account_receivable_turnover_ratio": null,
            "reinvestment_rate": null,
            "research_to_sale_ratio": null,
            "price_fair": 1.5,
            "eps_avg_yearly": 0.5,
            "eps_latest_yearly": 0.72,
            "eps_growth_yearly": -174.63
        },
        "20032": {
            "year_quarter": 20032,
            "year": 2003,
            "quarter": 2,
            "eps": -0.21,
            "eps_growth_year": null,
            "eps_4q": -0.22,
            "eps_4q_growth_year": -327.21,
            "roe": -1.43,
            "roe_4q": -1.49,
            "gross_profit": 19331,
            "gross_margin": 8.56,
            "gross_margin_4q_avg": 8.85,
            "net_income": -4227,
            "revenue": 225861,
            "common_shares": 202060,
            "book_valuer_per_share": 14.5,
            "book_valuer_per_share_4q_avg": 14.8,
            "equity": 293008,
            "current_ratio": 190.88,
            "debt_ratio": 42.75,
            "inventory_turnover_ratio": 36.29,
            "account_receivable_turnover_ratio": null,
            "reinvestment_rate": null,
            "research_to_sale_ratio": null,
            "price_fair": 1.5,
            "eps_avg_yearly": 0.5,
            "eps_latest_yearly": 0.72,
            "eps_growth_yearly": -174.63
        },
        "20033": {
            "year_quarter": 20033,
            "year": 2003,
            "quarter": 3,
            "eps": -0.24,
            "eps_growth_year": -226.32,
            "eps_4q": -0.65,
            "eps_4q_growth_year": -503.57,
            "roe": -1.68,
            "roe_4q": -4.470000000000001,
            "gross_profit": 13519,
            "gross_margin": 9.83,
            "gross_margin_4q_avg": 8.9,
            "net_income": -4885,
            "revenue": 137522,
            "common_shares": 202060,
            "book_valuer_per_share": 14.26,
            "book_valuer_per_share_4q_avg": 14.64,
            "equity": 288123,
            "current_ratio": 222.05,
            "debt_ratio": 35.79,
            "inventory_turnover_ratio": 15.68,
            "account_receivable_turnover_ratio": null,
            "reinvestment_rate": null,
            "research_to_sale_ratio": null,
            "price_fair": 1.5,
            "eps_avg_yearly": 0.5,
            "eps_latest_yearly": 0.72,
            "eps_growth_yearly": -174.63
        },
        "20034": {
            "year_quarter": 20034,
            "year": 2003,
            "quarter": 4,
            "eps": -0.2,
            "eps_growth_year": -211.11,
            "eps_4q": -1.03,
            "eps_4q_growth_year": null,
            "roe": -1.39,
            "roe_4q": -7.04,
            "gross_profit": 15942,
            "gross_margin": 11.69,
            "gross_margin_4q_avg": 9.55,
            "net_income": -3977,
            "revenue": 136332,
            "common_shares": 202060,
            "book_valuer_per_share": 14.06,
            "book_valuer_per_share_4q_avg": 14.38,
            "equity": 284102,
            "current_ratio": 251.24,
            "debt_ratio": 31.13,
            "inventory_turnover_ratio": 20.53,
            "account_receivable_turnover_ratio": null,
            "reinvestment_rate": null,
            "research_to_sale_ratio": null,
            "price_fair": 1.5,
            "eps_avg_yearly": 0.5,
            "eps_latest_yearly": 0.72,
            "eps_growth_yearly": -174.63
        },
        "20041": {
            "year_quarter": 20041,
            "year": 2004,
            "quarter": 1,
            "eps": 0.25,
            "eps_growth_year": null,
            "eps_4q": -0.41,
            "eps_4q_growth_year": null,
            "roe": 1.73,
            "roe_4q": -2.7699999999999996,
            "gross_profit": 22420,
            "gross_margin": 15.89,
            "gross_margin_4q_avg": 11.49,
            "net_income": 4959,
            "revenue": 141094,
            "common_shares": 202060,
            "book_valuer_per_share": 14.27,
            "book_valuer_per_share_4q_avg": 14.27,
            "equity": 288392,
            "current_ratio": 228.91,
            "debt_ratio": 35.2,
            "inventory_turnover_ratio": 44.52,
            "account_receivable_turnover_ratio": null,
            "reinvestment_rate": null,
            "research_to_sale_ratio": null,
            "price_fair": 1.5,
            "eps_avg_yearly": 0.5,
            "eps_latest_yearly": 0.72,
            "eps_growth_yearly": -174.63
        },
        "20042": {
            "year_quarter": 20042,
            "year": 2004,
            "quarter": 2,
            "eps": 0.14,
            "eps_growth_year": null,
            "eps_4q": -0.06,
            "eps_4q_growth_year": null,
            "roe": 0.95,
            "roe_4q": -0.3900000000000001,
            "gross_profit": 25648,
            "gross_margin": 16.8,
            "gross_margin_4q_avg": 13.55,
            "net_income": 2720,
            "revenue": 152636,
            "common_shares": 202060,
            "book_valuer_per_share": 14.15,
            "book_valuer_per_share_4q_avg": 14.19,
            "equity": 285934,
            "current_ratio": 209.96,
            "debt_ratio": 38.87,
            "inventory_turnover_ratio": 202.05,
            "account_receivable_turnover_ratio": null,
            "reinvestment_rate": null,
            "research_to_sale_ratio": null,
            "price_fair": 1.56,
            "eps_avg_yearly": 0.52,
            "eps_latest_yearly": 0.56,
            "eps_growth_yearly": -175.09
        },
        "20043": {
            "year_quarter": 20043,
            "year": 2004,
            "quarter": 3,
            "eps": 0.31,
            "eps_growth_year": null,
            "eps_4q": 0.5,
            "eps_4q_growth_year": null,
            "roe": 2.13,
            "roe_4q": 3.420000000000001,
            "gross_profit": 26900,
            "gross_margin": 13.24,
            "gross_margin_4q_avg": 14.41,
            "net_income": 6155,
            "revenue": 203226,
            "common_shares": 202060,
            "book_valuer_per_share": 14.46,
            "book_valuer_per_share_4q_avg": 14.24,
            "equity": 292089,
            "current_ratio": 179.7,
            "debt_ratio": 47.08,
            "inventory_turnover_ratio": 397.58,
            "account_receivable_turnover_ratio": null,
            "reinvestment_rate": null,
            "research_to_sale_ratio": null,
            "price_fair": 2.1,
            "eps_avg_yearly": 0.7,
            "eps_latest_yearly": 1.24,
            "eps_growth_yearly": -9.89
        },
        "20044": {
            "year_quarter": 20044,
            "year": 2004,
            "quarter": 4,
            "eps": 0.23,
            "eps_growth_year": null,
            "eps_4q": 0.94,
            "eps_4q_growth_year": null,
            "roe": 1.53,
            "roe_4q": 6.34,
            "gross_profit": 27163,
            "gross_margin": 19.44,
            "gross_margin_4q_avg": 16.34,
            "net_income": 4490,
            "revenue": 139718,
            "common_shares": 202060,
            "book_valuer_per_share": 14.67,
            "book_valuer_per_share_4q_avg": 14.39,
            "equity": 296504,
            "current_ratio": 221.71,
            "debt_ratio": 36.63,
            "inventory_turnover_ratio": 147.03,
            "account_receivable_turnover_ratio": null,
            "reinvestment_rate": -77.9,
            "research_to_sale_ratio": null,
            "price_fair": 2.23,
            "eps_avg_yearly": 0.74,
            "eps_latest_yearly": 0.92,
            "eps_growth_yearly": -28.55
        },
        "20051": {
            "year_quarter": 20051,
            "year": 2005,
            "quarter": 1,
            "eps": 0.59,
            "eps_growth_year": 136,
            "eps_4q": 1.27,
            "eps_4q_growth_year": null,
            "roe": 3.85,
            "roe_4q": 8.459999999999999,
            "gross_profit": 20430,
            "gross_margin": 10.4,
            "gross_margin_4q_avg": 14.97,
            "net_income": 11634,
            "revenue": 196443,
            "common_shares": 202060,
            "book_valuer_per_share": 15.25,
            "book_valuer_per_share_4q_avg": 14.63,
            "equity": 308138,
            "current_ratio": 189.59,
            "debt_ratio": 43.83,
            "inventory_turnover_ratio": 36.65,
            "account_receivable_turnover_ratio": null,
            "reinvestment_rate": -54.92,
            "research_to_sale_ratio": null,
            "price_fair": 35.47,
            "eps_avg_yearly": 1.01,
            "eps_latest_yearly": 2.36,
            "eps_growth_yearly": 80.55
        },
        "20052": {
            "year_quarter": 20052,
            "year": 2005,
            "quarter": 2,
            "eps": 0.54,
            "eps_growth_year": 285.71,
            "eps_4q": 1.67,
            "eps_4q_growth_year": null,
            "roe": 3.51,
            "roe_4q": 11.02,
            "gross_profit": 26472,
            "gross_margin": 10.03,
            "gross_margin_4q_avg": 13.28,
            "net_income": 10650,
            "revenue": 263857,
            "common_shares": 202060,
            "book_valuer_per_share": 14.76,
            "book_valuer_per_share_4q_avg": 14.79,
            "equity": 298221,
            "current_ratio": 161.66,
            "debt_ratio": 52.69,
            "inventory_turnover_ratio": 36.65,
            "account_receivable_turnover_ratio": null,
            "reinvestment_rate": -43.86,
            "research_to_sale_ratio": null,
            "price_fair": 41.2,
            "eps_avg_yearly": 1.18,
            "eps_latest_yearly": 2.16,
            "eps_growth_yearly": 64.2
        },
        "20053": {
            "year_quarter": 20053,
            "year": 2005,
            "quarter": 3,
            "eps": 1,
            "eps_growth_year": 222.58,
            "eps_4q": 2.36,
            "eps_4q_growth_year": 374.59,
            "roe": 6.34,
            "roe_4q": 15.229999999999999,
            "gross_profit": 36384,
            "gross_margin": 16.66,
            "gross_margin_4q_avg": 14.13,
            "net_income": 19743,
            "revenue": 218331,
            "common_shares": 202060,
            "book_valuer_per_share": 16.06,
            "book_valuer_per_share_4q_avg": 15.19,
            "equity": 324468,
            "current_ratio": 182.92,
            "debt_ratio": 45.82,
            "inventory_turnover_ratio": 39.13,
            "account_receivable_turnover_ratio": null,
            "reinvestment_rate": -23.91,
            "research_to_sale_ratio": null,
            "price_fair": 53.55,
            "eps_avg_yearly": 1.53,
            "eps_latest_yearly": 4,
            "eps_growth_yearly": 98.77
        },
        "20054": {
            "year_quarter": 20054,
            "year": 2005,
            "quarter": 4,
            "eps": 0.33,
            "eps_growth_year": 43.48,
            "eps_4q": 2.44,
            "eps_4q_growth_year": 160.08,
            "roe": 2.01,
            "roe_4q": 15.709999999999999,
            "gross_profit": 30718,
            "gross_margin": 14.85,
            "gross_margin_4q_avg": 12.99,
            "net_income": 6569,
            "revenue": 206788,
            "common_shares": 202060,
            "book_valuer_per_share": 16.37,
            "book_valuer_per_share_4q_avg": 15.61,
            "equity": 330757,
            "current_ratio": 169.99,
            "debt_ratio": 51.39,
            "inventory_turnover_ratio": 63.99,
            "account_receivable_turnover_ratio": null,
            "reinvestment_rate": -18.76,
            "research_to_sale_ratio": null,
            "price_fair": 52.73,
            "eps_avg_yearly": 1.51,
            "eps_latest_yearly": 1.32,
            "eps_growth_yearly": 58.02
        },
        "20061": {
            "year_quarter": 20061,
            "year": 2006,
            "quarter": 1,
            "eps": 0.73,
            "eps_growth_year": 23.73,
            "eps_4q": 2.55,
            "eps_4q_growth_year": 101.03,
            "roe": 4.39,
            "roe_4q": 16.25,
            "gross_profit": 36849,
            "gross_margin": 22.56,
            "gross_margin_4q_avg": 16.03,
            "net_income": 14837,
            "revenue": 163323,
            "common_shares": 202060,
            "book_valuer_per_share": 17.1,
            "book_valuer_per_share_4q_avg": 16.07,
            "equity": 345595,
            "current_ratio": 205.05,
            "debt_ratio": 41.06,
            "inventory_turnover_ratio": 203.99,
            "account_receivable_turnover_ratio": null,
            "reinvestment_rate": -14.78,
            "research_to_sale_ratio": null,
            "price_fair": 63,
            "eps_avg_yearly": 1.8,
            "eps_latest_yearly": 2.92,
            "eps_growth_yearly": 148.36
        },
        "20062": {
            "year_quarter": 20062,
            "year": 2006,
            "quarter": 2,
            "eps": 0.77,
            "eps_growth_year": 42.59,
            "eps_4q": 2.82,
            "eps_4q_growth_year": 68.76,
            "roe": 4.72,
            "roe_4q": 17.46,
            "gross_profit": 37263,
            "gross_margin": 24.34,
            "gross_margin_4q_avg": 19.6,
            "net_income": 15473,
            "revenue": 153073,
            "common_shares": 202060,
            "book_valuer_per_share": 15.37,
            "book_valuer_per_share_4q_avg": 16.23,
            "equity": 310637,
            "current_ratio": 171.19,
            "debt_ratio": 48.97,
            "inventory_turnover_ratio": 368.82,
            "account_receivable_turnover_ratio": null,
            "reinvestment_rate": -7.82,
            "research_to_sale_ratio": null,
            "price_fair": 67.48,
            "eps_avg_yearly": 1.93,
            "eps_latest_yearly": 3.08,
            "eps_growth_yearly": 135.71
        },
        "20063": {
            "year_quarter": 20063,
            "year": 2006,
            "quarter": 3,
            "eps": 0.68,
            "eps_growth_year": -32,
            "eps_4q": 2.51,
            "eps_4q_growth_year": 6.34,
            "roe": 4.33,
            "roe_4q": 15.450000000000001,
            "gross_profit": 31384,
            "gross_margin": 21.84,
            "gross_margin_4q_avg": 20.9,
            "net_income": 13737,
            "revenue": 143706,
            "common_shares": 202060,
            "book_valuer_per_share": 16.05,
            "book_valuer_per_share_4q_avg": 16.22,
            "equity": 324374,
            "current_ratio": 193.19,
            "debt_ratio": 42.97,
            "inventory_turnover_ratio": 738.96,
            "account_receivable_turnover_ratio": null,
            "reinvestment_rate": -6.18,
            "research_to_sale_ratio": null,
            "price_fair": 70,
            "eps_avg_yearly": 2,
            "eps_latest_yearly": 2.72,
            "eps_growth_yearly": 119.13
        },
        "20064": {
            "year_quarter": 20064,
            "year": 2006,
            "quarter": 4,
            "eps": 0.71,
            "eps_growth_year": 115.15,
            "eps_4q": 2.88,
            "eps_4q_growth_year": 17.82,
            "roe": 4.31,
            "roe_4q": 17.75,
            "gross_profit": 40929,
            "gross_margin": 22.42,
            "gross_margin_4q_avg": 22.79,
            "net_income": 14437,
            "revenue": 182528,
            "common_shares": 202060,
            "book_valuer_per_share": 16.79,
            "book_valuer_per_share_4q_avg": 16.33,
            "equity": 345252,
            "current_ratio": 203.15,
            "debt_ratio": 41.71,
            "inventory_turnover_ratio": 320.36,
            "account_receivable_turnover_ratio": null,
            "reinvestment_rate": -3.91,
            "research_to_sale_ratio": null,
            "price_fair": 76.75,
            "eps_avg_yearly": 2.19,
            "eps_latest_yearly": 2.84,
            "eps_growth_yearly": 122.64
        },
        "20071": {
            "year_quarter": 20071,
            "year": 2007,
            "quarter": 1,
            "eps": 0.31,
            "eps_growth_year": -57.53,
            "eps_4q": 2.44,
            "eps_4q_growth_year": -4.39,
            "roe": 1.84,
            "roe_4q": 15.2,
            "gross_profit": 23778,
            "gross_margin": 20.01,
            "gross_margin_4q_avg": 22.15,
            "net_income": 6362,
            "revenue": 118823,
            "common_shares": 202060,
            "book_valuer_per_share": 17.12,
            "book_valuer_per_share_4q_avg": 16.33,
            "equity": 345857,
            "current_ratio": 218.95,
            "debt_ratio": 36.66,
            "inventory_turnover_ratio": 213.82,
            "account_receivable_turnover_ratio": null,
            "reinvestment_rate": -4.07,
            "research_to_sale_ratio": null,
            "price_fair": 73.97,
            "eps_avg_yearly": 2.11,
            "eps_latest_yearly": 1.24,
            "eps_growth_yearly": 93.64
        },
        "20072": {
            "year_quarter": 20072,
            "year": 2007,
            "quarter": 2,
            "eps": 0.52,
            "eps_growth_year": -32.47,
            "eps_4q": 2.21,
            "eps_4q_growth_year": -21.44,
            "roe": 3.23,
            "roe_4q": 13.709999999999999,
            "gross_profit": 27394,
            "gross_margin": 17.38,
            "gross_margin_4q_avg": 20.41,
            "net_income": 10604,
            "revenue": 157603,
            "common_shares": 202060,
            "book_valuer_per_share": 15.36,
            "book_valuer_per_share_4q_avg": 16.33,
            "equity": 310304,
            "current_ratio": 181.02,
            "debt_ratio": 43.88,
            "inventory_turnover_ratio": 694.45,
            "account_receivable_turnover_ratio": null,
            "reinvestment_rate": -2.75,
            "research_to_sale_ratio": null,
            "price_fair": 73.88,
            "eps_avg_yearly": 2.11,
            "eps_latest_yearly": 2.08,
            "eps_growth_yearly": 107.28
        },
        "20073": {
            "year_quarter": 20073,
            "year": 2007,
            "quarter": 3,
            "eps": 0.54,
            "eps_growth_year": -20.59,
            "eps_4q": 2.04,
            "eps_4q_growth_year": -18.45,
            "roe": 3.57,
            "roe_4q": 12.95,
            "gross_profit": 27930,
            "gross_margin": 17.77,
            "gross_margin_4q_avg": 19.4,
            "net_income": 11281,
            "revenue": 157154,
            "common_shares": 208388,
            "book_valuer_per_share": 15.41,
            "book_valuer_per_share_4q_avg": 16.17,
            "equity": 321117,
            "current_ratio": 218.15,
            "debt_ratio": 35.14,
            "inventory_turnover_ratio": 243.13,
            "account_receivable_turnover_ratio": null,
            "reinvestment_rate": -2.39,
            "research_to_sale_ratio": null,
            "price_fair": 74,
            "eps_avg_yearly": 2.11,
            "eps_latest_yearly": 2.16,
            "eps_growth_yearly": 100.72
        },
        "20074": {
            "year_quarter": 20074,
            "year": 2007,
            "quarter": 4,
            "eps": 0.77,
            "eps_growth_year": 8.45,
            "eps_4q": 2.12,
            "eps_4q_growth_year": -26.33,
            "roe": 4.87,
            "roe_4q": 13.51,
            "gross_profit": 50655,
            "gross_margin": 23.25,
            "gross_margin_4q_avg": 19.6,
            "net_income": 16125,
            "revenue": 217860,
            "common_shares": 208388,
            "book_valuer_per_share": 16.17,
            "book_valuer_per_share_4q_avg": 16.02,
            "equity": 341338,
            "current_ratio": 213.8,
            "debt_ratio": 38.78,
            "inventory_turnover_ratio": 278.68,
            "account_receivable_turnover_ratio": null,
            "reinvestment_rate": -0.77,
            "research_to_sale_ratio": null,
            "price_fair": 76.25,
            "eps_avg_yearly": 2.18,
            "eps_latest_yearly": 3.08,
            "eps_growth_yearly": 105.36
        },
        "20081": {
            "year_quarter": 20081,
            "year": 2008,
            "quarter": 1,
            "eps": 0.64,
            "eps_growth_year": 106.45,
            "eps_4q": 2.45,
            "eps_4q_growth_year": 0.61,
            "roe": 3.86,
            "roe_4q": 15.530000000000001,
            "gross_profit": 33773,
            "gross_margin": 18.08,
            "gross_margin_4q_avg": 19.12,
            "net_income": 13405,
            "revenue": 186824,
            "common_shares": 208388,
            "book_valuer_per_share": 16.76,
            "book_valuer_per_share_4q_avg": 15.93,
            "equity": 353602,
            "current_ratio": 221.73,
            "debt_ratio": 37.61,
            "inventory_turnover_ratio": 379.78,
            "account_receivable_turnover_ratio": null,
            "reinvestment_rate": -0.56,
            "research_to_sale_ratio": null,
            "price_fair": 77.09,
            "eps_avg_yearly": 2.2,
            "eps_latest_yearly": 2.56,
            "eps_growth_yearly": 94.56
        },
        "20082": {
            "year_quarter": 20082,
            "year": 2008,
            "quarter": 2,
            "eps": 0.25,
            "eps_growth_year": -51.92,
            "eps_4q": 2.26,
            "eps_4q_growth_year": 2.29,
            "roe": 1.5,
            "roe_4q": 13.8,
            "gross_profit": 55059,
            "gross_margin": 21.08,
            "gross_margin_4q_avg": 20.05,
            "net_income": 5082,
            "revenue": 261218,
            "common_shares": 208388,
            "book_valuer_per_share": 15.4,
            "book_valuer_per_share_4q_avg": 15.94,
            "equity": 325578,
            "current_ratio": 176.2,
            "debt_ratio": 48.8,
            "inventory_turnover_ratio": 192.58,
            "account_receivable_turnover_ratio": null,
            "reinvestment_rate": -0.81,
            "research_to_sale_ratio": null,
            "price_fair": 78.05,
            "eps_avg_yearly": 2.23,
            "eps_latest_yearly": 1,
            "eps_growth_yearly": 90.32
        },
        "20083": {
            "year_quarter": 20083,
            "year": 2008,
            "quarter": 3,
            "eps": 0.55,
            "eps_growth_year": 1.85,
            "eps_4q": 2.18,
            "eps_4q_growth_year": 6.54,
            "roe": 3.65,
            "roe_4q": 13.879999999999999,
            "gross_profit": 35810,
            "gross_margin": 18.5,
            "gross_margin_4q_avg": 20.23,
            "net_income": 11761,
            "revenue": 193546,
            "common_shares": 213050,
            "book_valuer_per_share": 14.79,
            "book_valuer_per_share_4q_avg": 15.78,
            "equity": 319647,
            "current_ratio": 191.27,
            "debt_ratio": 44.07,
            "inventory_turnover_ratio": 102.29,
            "account_receivable_turnover_ratio": null,
            "reinvestment_rate": -0.2,
            "research_to_sale_ratio": null,
            "price_fair": 80.15,
            "eps_avg_yearly": 2.29,
            "eps_latest_yearly": 2.2,
            "eps_growth_yearly": 89.97
        },
        "20084": {
            "year_quarter": 20084,
            "year": 2008,
            "quarter": 4,
            "eps": 0.14,
            "eps_growth_year": -81.82,
            "eps_4q": 1.62,
            "eps_4q_growth_year": -23.5,
            "roe": 0.89,
            "roe_4q": 9.9,
            "gross_profit": 17274,
            "gross_margin": 6.14,
            "gross_margin_4q_avg": 15.95,
            "net_income": 2879,
            "revenue": 281230,
            "common_shares": 213050,
            "book_valuer_per_share": 15.26,
            "book_valuer_per_share_4q_avg": 15.55,
            "equity": 329800,
            "current_ratio": 181.63,
            "debt_ratio": 47.08,
            "inventory_turnover_ratio": 272.26,
            "account_receivable_turnover_ratio": 2.24,
            "reinvestment_rate": -1.04,
            "research_to_sale_ratio": null,
            "price_fair": 79.36,
            "eps_avg_yearly": 2.27,
            "eps_latest_yearly": 0.56,
            "eps_growth_yearly": 77.78
        },
        "20091": {
            "year_quarter": 20091,
            "year": 2009,
            "quarter": 1,
            "eps": 0.47,
            "eps_growth_year": -26.56,
            "eps_4q": 1.41,
            "eps_4q_growth_year": -42.64,
            "roe": 2.99,
            "roe_4q": 9.030000000000001,
            "gross_profit": 34501,
            "gross_margin": 19.15,
            "gross_margin_4q_avg": 16.22,
            "net_income": 10036,
            "revenue": 180148,
            "common_shares": 213050,
            "book_valuer_per_share": 15.81,
            "book_valuer_per_share_4q_avg": 15.32,
            "equity": 341595,
            "current_ratio": 212.95,
            "debt_ratio": 39.67,
            "inventory_turnover_ratio": 416.73,
            "account_receivable_turnover_ratio": 1.66,
            "reinvestment_rate": -1.44,
            "research_to_sale_ratio": null,
            "price_fair": 78.31,
            "eps_avg_yearly": 2.24,
            "eps_latest_yearly": 1.88,
            "eps_growth_yearly": 97.58
        },
        "20092": {
            "year_quarter": 20092,
            "year": 2009,
            "quarter": 2,
            "eps": 0.41,
            "eps_growth_year": 64,
            "eps_4q": 1.57,
            "eps_4q_growth_year": -30.56,
            "roe": 2.58,
            "roe_4q": 10.11,
            "gross_profit": 28432,
            "gross_margin": 14.08,
            "gross_margin_4q_avg": 14.47,
            "net_income": 8707,
            "revenue": 201894,
            "common_shares": 213050,
            "book_valuer_per_share": 15.4,
            "book_valuer_per_share_4q_avg": 15.32,
            "equity": 332703,
            "current_ratio": 146.22,
            "debt_ratio": 61.58,
            "inventory_turnover_ratio": 173462,
            "account_receivable_turnover_ratio": 0.56,
            "reinvestment_rate": -1.55,
            "research_to_sale_ratio": null,
            "price_fair": 77.18,
            "eps_avg_yearly": 2.21,
            "eps_latest_yearly": 1.64,
            "eps_growth_yearly": 96.51
        },
        "20093": {
            "year_quarter": 20093,
            "year": 2009,
            "quarter": 3,
            "eps": 0.56,
            "eps_growth_year": 1.82,
            "eps_4q": 1.58,
            "eps_4q_growth_year": -27.45,
            "roe": 3.48,
            "roe_4q": 9.940000000000001,
            "gross_profit": 28495,
            "gross_margin": 12.7,
            "gross_margin_4q_avg": 13.02,
            "net_income": 11858,
            "revenue": 224332,
            "common_shares": 213050,
            "book_valuer_per_share": 16.2,
            "book_valuer_per_share_4q_avg": 15.67,
            "equity": 349568,
            "current_ratio": 153.93,
            "debt_ratio": 58.47,
            "inventory_turnover_ratio": 814.29,
            "account_receivable_turnover_ratio": 0.6,
            "reinvestment_rate": -1.6,
            "research_to_sale_ratio": null,
            "price_fair": 73.33,
            "eps_avg_yearly": 2.1,
            "eps_latest_yearly": 2.24,
            "eps_growth_yearly": 84.36
        },
        "20094": {
            "year_quarter": 20094,
            "year": 2009,
            "quarter": 4,
            "eps": 1.49,
            "eps_growth_year": 964.29,
            "eps_4q": 2.87,
            "eps_4q_growth_year": 77.23,
            "roe": 8.63,
            "roe_4q": 17.68,
            "gross_profit": 42897,
            "gross_margin": 10.03,
            "gross_margin_4q_avg": 13.99,
            "net_income": 31651,
            "revenue": 427655,
            "common_shares": 213050,
            "book_valuer_per_share": 17.7,
            "book_valuer_per_share_4q_avg": 16.28,
            "equity": 383909,
            "current_ratio": 145.78,
            "debt_ratio": 63.3,
            "inventory_turnover_ratio": 1599.83,
            "account_receivable_turnover_ratio": 2.43,
            "reinvestment_rate": 1.89,
            "research_to_sale_ratio": null,
            "price_fair": 83.48,
            "eps_avg_yearly": 2.39,
            "eps_latest_yearly": 5.96,
            "eps_growth_yearly": 142.62
        },
        "20101": {
            "year_quarter": 20101,
            "year": 2010,
            "quarter": 1,
            "eps": 0.8,
            "eps_growth_year": 70.21,
            "eps_4q": 3.19,
            "eps_4q_growth_year": 126.77,
            "roe": 4.36,
            "roe_4q": 19.050000000000004,
            "gross_profit": 45042,
            "gross_margin": 12.59,
            "gross_margin_4q_avg": 12.35,
            "net_income": 17072,
            "revenue": 357741,
            "common_shares": 214325,
            "book_valuer_per_share": 18.21,
            "book_valuer_per_share_4q_avg": 16.88,
            "equity": 399672,
            "current_ratio": 127.32,
            "debt_ratio": 74.5,
            "inventory_turnover_ratio": 1091.45,
            "account_receivable_turnover_ratio": 0.89,
            "reinvestment_rate": -1.81,
            "research_to_sale_ratio": 1.15,
            "price_fair": 84.09,
            "eps_avg_yearly": 2.4,
            "eps_latest_yearly": 3.2,
            "eps_growth_yearly": 100.74
        },
        "20102": {
            "year_quarter": 20102,
            "year": 2010,
            "quarter": 2,
            "eps": 1.36,
            "eps_growth_year": 231.4,
            "eps_4q": 4.17,
            "eps_4q_growth_year": 165.09,
            "roe": 7.7,
            "roe_4q": 24.17,
            "gross_profit": 54035,
            "gross_margin": 9.63,
            "gross_margin_4q_avg": 11.24,
            "net_income": 29330,
            "revenue": 561117,
            "common_shares": 215340,
            "book_valuer_per_share": 16.59,
            "book_valuer_per_share_4q_avg": 17.18,
            "equity": 362128,
            "current_ratio": 122.67,
            "debt_ratio": 77.47,
            "inventory_turnover_ratio": 1769.92,
            "account_receivable_turnover_ratio": 1.16,
            "reinvestment_rate": 1.7,
            "research_to_sale_ratio": 0.68,
            "price_fair": 89.25,
            "eps_avg_yearly": 2.55,
            "eps_latest_yearly": 5.44,
            "eps_growth_yearly": 116.87
        },
        "20103": {
            "year_quarter": 20103,
            "year": 2010,
            "quarter": 3,
            "eps": 1.62,
            "eps_growth_year": 188.89,
            "eps_4q": 5.24,
            "eps_4q_growth_year": 231.52,
            "roe": 9.08,
            "roe_4q": 29.770000000000003,
            "gross_profit": 61991,
            "gross_margin": 13.68,
            "gross_margin_4q_avg": 11.48,
            "net_income": 34903,
            "revenue": 453232,
            "common_shares": 215470,
            "book_valuer_per_share": 18.64,
            "book_valuer_per_share_4q_avg": 17.79,
            "equity": 406339,
            "current_ratio": 130.49,
            "debt_ratio": 72.51,
            "inventory_turnover_ratio": null,
            "account_receivable_turnover_ratio": 0.87,
            "reinvestment_rate": 1.5,
            "research_to_sale_ratio": 1.27,
            "price_fair": 97.48,
            "eps_avg_yearly": 2.79,
            "eps_latest_yearly": 6.48,
            "eps_growth_yearly": 124.58
        },
        "20104": {
            "year_quarter": 20104,
            "year": 2010,
            "quarter": 4,
            "eps": 0.96,
            "eps_growth_year": -35.43,
            "eps_4q": 4.66,
            "eps_4q_growth_year": 62.19,
            "roe": 5.06,
            "roe_4q": 26.2,
            "gross_profit": 86610,
            "gross_margin": 15.68,
            "gross_margin_4q_avg": 12.9,
            "net_income": 21147,
            "revenue": 552485,
            "common_shares": 215550,
            "book_valuer_per_share": 19.51,
            "book_valuer_per_share_4q_avg": 18.24,
            "equity": 429434,
            "current_ratio": 138.56,
            "debt_ratio": 67.93,
            "inventory_turnover_ratio": 376.01,
            "account_receivable_turnover_ratio": 1.2,
            "reinvestment_rate": 1.31,
            "research_to_sale_ratio": 1.34,
            "price_fair": 99.66,
            "eps_avg_yearly": 2.85,
            "eps_latest_yearly": 3.84,
            "eps_growth_yearly": 113.29
        },
        "20111": {
            "year_quarter": 20111,
            "year": 2011,
            "quarter": 1,
            "eps": 1.36,
            "eps_growth_year": 70,
            "eps_4q": 5.25,
            "eps_4q_growth_year": 64.69,
            "roe": 6.56,
            "roe_4q": 28.4,
            "gross_profit": 52112,
            "gross_margin": 13.05,
            "gross_margin_4q_avg": 13.01,
            "net_income": 29362,
            "revenue": 399263,
            "common_shares": 217968,
            "book_valuer_per_share": 21.15,
            "book_valuer_per_share_4q_avg": 18.97,
            "equity": 465804,
            "current_ratio": 156.67,
            "debt_ratio": 59.59,
            "inventory_turnover_ratio": 242.34,
            "account_receivable_turnover_ratio": 1.07,
            "reinvestment_rate": 1.35,
            "research_to_sale_ratio": 1.7,
            "price_fair": 108.85,
            "eps_avg_yearly": 3.11,
            "eps_latest_yearly": 5.44,
            "eps_growth_yearly": 137.79
        },
        "20112": {
            "year_quarter": 20112,
            "year": 2011,
            "quarter": 2,
            "eps": 2.45,
            "eps_growth_year": 80.63,
            "eps_4q": 6.36,
            "eps_4q_growth_year": 52.7,
            "roe": 11.82,
            "roe_4q": 32.519999999999996,
            "gross_profit": 94944,
            "gross_margin": 20.1,
            "gross_margin_4q_avg": 15.63,
            "net_income": 53595,
            "revenue": 472451,
            "common_shares": 218175,
            "book_valuer_per_share": 19.99,
            "book_valuer_per_share_4q_avg": 19.82,
            "equity": 440740,
            "current_ratio": 134.91,
            "debt_ratio": 70.27,
            "inventory_turnover_ratio": 266.22,
            "account_receivable_turnover_ratio": 0.97,
            "reinvestment_rate": 3.17,
            "research_to_sale_ratio": 1.53,
            "price_fair": 125.74,
            "eps_avg_yearly": 3.59,
            "eps_latest_yearly": 9.8,
            "eps_growth_yearly": 140.89
        },
        "20113": {
            "year_quarter": 20113,
            "year": 2011,
            "quarter": 3,
            "eps": 1.29,
            "eps_growth_year": -20.03,
            "eps_4q": 6,
            "eps_4q_growth_year": 14.51,
            "roe": 6.31,
            "roe_4q": 29.749999999999996,
            "gross_profit": 50221,
            "gross_margin": 12.31,
            "gross_margin_4q_avg": 15.29,
            "net_income": 28631,
            "revenue": 407823,
            "common_shares": 218300,
            "book_valuer_per_share": 21.02,
            "book_valuer_per_share_4q_avg": 20.42,
            "equity": 466504,
            "current_ratio": 139.36,
            "debt_ratio": 68.07,
            "inventory_turnover_ratio": 111.96,
            "account_receivable_turnover_ratio": 0.72,
            "reinvestment_rate": 3.07,
            "research_to_sale_ratio": 1.35,
            "price_fair": 132.3,
            "eps_avg_yearly": 3.78,
            "eps_latest_yearly": 5.16,
            "eps_growth_yearly": 128.09
        },
        "20114": {
            "year_quarter": 20114,
            "year": 2011,
            "quarter": 4,
            "eps": 0.87,
            "eps_growth_year": -9.7,
            "eps_4q": 5.87,
            "eps_4q_growth_year": 25.9,
            "roe": 4.05,
            "roe_4q": 28.74,
            "gross_profit": 53878,
            "gross_margin": 12.91,
            "gross_margin_4q_avg": 14.59,
            "net_income": 19448,
            "revenue": 417349,
            "common_shares": 219705,
            "book_valuer_per_share": 22.04,
            "book_valuer_per_share_4q_avg": 21.05,
            "equity": 493408,
            "current_ratio": 142.35,
            "debt_ratio": 66.68,
            "inventory_turnover_ratio": 92.56,
            "account_receivable_turnover_ratio": 0.95,
            "reinvestment_rate": 5.11,
            "research_to_sale_ratio": 1.41,
            "price_fair": 133.18,
            "eps_avg_yearly": 3.81,
            "eps_latest_yearly": 3.48,
            "eps_growth_yearly": 109.3
        },
        "20121": {
            "year_quarter": 20121,
            "year": 2012,
            "quarter": 1,
            "eps": 1.39,
            "eps_growth_year": 2.21,
            "eps_4q": 5.9,
            "eps_4q_growth_year": 12.4,
            "roe": 5.99,
            "roe_4q": 28.169999999999998,
            "gross_profit": 64985,
            "gross_margin": 17.7,
            "gross_margin_4q_avg": 15.76,
            "net_income": 30487,
            "revenue": 367145,
            "common_shares": 221778,
            "book_valuer_per_share": 23.34,
            "book_valuer_per_share_4q_avg": 21.6,
            "equity": 524848,
            "current_ratio": 148.59,
            "debt_ratio": 63.93,
            "inventory_turnover_ratio": 81.93,
            "account_receivable_turnover_ratio": 0.94,
            "reinvestment_rate": 4.25,
            "research_to_sale_ratio": 1.2,
            "price_fair": 139.74,
            "eps_avg_yearly": 3.99,
            "eps_latest_yearly": 5.56,
            "eps_growth_yearly": 128.47
        },
        "20122": {
            "year_quarter": 20122,
            "year": 2012,
            "quarter": 2,
            "eps": 1.55,
            "eps_growth_year": -36.73,
            "eps_4q": 5.07,
            "eps_4q_growth_year": -20.31,
            "roe": 7.14,
            "roe_4q": 23.49,
            "gross_profit": 60840,
            "gross_margin": 13.73,
            "gross_margin_4q_avg": 14.16,
            "net_income": 34653,
            "revenue": 443233,
            "common_shares": 222883,
            "book_valuer_per_share": 19.76,
            "book_valuer_per_share_4q_avg": 21.54,
            "equity": 445294,
            "current_ratio": 137.5,
            "debt_ratio": 69.05,
            "inventory_turnover_ratio": 127.36,
            "account_receivable_turnover_ratio": 1.15,
            "reinvestment_rate": 3.5,
            "research_to_sale_ratio": 1.27,
            "price_fair": 151.11,
            "eps_avg_yearly": 4.32,
            "eps_latest_yearly": 6.2,
            "eps_growth_yearly": 146.58
        },
        "20123": {
            "year_quarter": 20123,
            "year": 2012,
            "quarter": 3,
            "eps": 1.68,
            "eps_growth_year": 29.96,
            "eps_4q": 5.37,
            "eps_4q_growth_year": -10.44,
            "roe": 8.3,
            "roe_4q": 25.48,
            "gross_profit": 73814,
            "gross_margin": 21.78,
            "gross_margin_4q_avg": 16.53,
            "net_income": 38542,
            "revenue": 338899,
            "common_shares": 222998,
            "book_valuer_per_share": 21.53,
            "book_valuer_per_share_4q_avg": 21.67,
            "equity": 483914,
            "current_ratio": 151.01,
            "debt_ratio": 62.47,
            "inventory_turnover_ratio": 103.41,
            "account_receivable_turnover_ratio": 1.01,
            "reinvestment_rate": 2.83,
            "research_to_sale_ratio": 1.43,
            "price_fair": 161,
            "eps_avg_yearly": 4.6,
            "eps_latest_yearly": 6.72,
            "eps_growth_yearly": 118.68
        },
        "20124": {
            "year_quarter": 20124,
            "year": 2012,
            "quarter": 4,
            "eps": 0.68,
            "eps_growth_year": -21.44,
            "eps_4q": 5.21,
            "eps_4q_growth_year": -11.16,
            "roe": 3.16,
            "roe_4q": 24.590000000000003,
            "gross_profit": 49955,
            "gross_margin": 21.26,
            "gross_margin_4q_avg": 18.62,
            "net_income": 15625,
            "revenue": 234926,
            "common_shares": 224760,
            "book_valuer_per_share": 22.27,
            "book_valuer_per_share_4q_avg": 21.73,
            "equity": 506003,
            "current_ratio": 169.9,
            "debt_ratio": 55.08,
            "inventory_turnover_ratio": 72.48,
            "account_receivable_turnover_ratio": 0.83,
            "reinvestment_rate": 1.51,
            "research_to_sale_ratio": 1.87,
            "price_fair": 165.73,
            "eps_avg_yearly": 4.74,
            "eps_latest_yearly": 2.72,
            "eps_growth_yearly": 122.43
        },
        "20131": {
            "year_quarter": 20131,
            "year": 2013,
            "quarter": 1,
            "eps": 0.61,
            "eps_growth_year": -56.12,
            "eps_4q": 4.48,
            "eps_4q_growth_year": -24.16,
            "roe": 2.68,
            "roe_4q": 21.28,
            "gross_profit": 36536,
            "gross_margin": 15.17,
            "gross_margin_4q_avg": 17.99,
            "net_income": 13770,
            "revenue": 240856,
            "common_shares": 227208,
            "book_valuer_per_share": 22.94,
            "book_valuer_per_share_4q_avg": 21.63,
            "equity": 522947,
            "current_ratio": 174.23,
            "debt_ratio": 52.97,
            "inventory_turnover_ratio": 111.22,
            "account_receivable_turnover_ratio": 0.93,
            "reinvestment_rate": -1.78,
            "research_to_sale_ratio": 1.43,
            "price_fair": 166.95,
            "eps_avg_yearly": 4.77,
            "eps_latest_yearly": 2.44,
            "eps_growth_yearly": 60.93
        },
        "20132": {
            "year_quarter": 20132,
            "year": 2013,
            "quarter": 2,
            "eps": 1.34,
            "eps_growth_year": -13.71,
            "eps_4q": 4.29,
            "eps_4q_growth_year": -15.4,
            "roe": 6.19,
            "roe_4q": 20.330000000000002,
            "gross_profit": 57331,
            "gross_margin": 20.64,
            "gross_margin_4q_avg": 19.71,
            "net_income": 30239,
            "revenue": 277711,
            "common_shares": 228005,
            "book_valuer_per_share": 19.89,
            "book_valuer_per_share_4q_avg": 21.66,
            "equity": 454111,
            "current_ratio": 149.35,
            "debt_ratio": 62.13,
            "inventory_turnover_ratio": 21.88,
            "account_receivable_turnover_ratio": 0.89,
            "reinvestment_rate": -1.47,
            "research_to_sale_ratio": 1.25,
            "price_fair": 175.09,
            "eps_avg_yearly": 5,
            "eps_latest_yearly": 5.36,
            "eps_growth_yearly": 94.04
        },
        "20133": {
            "year_quarter": 20133,
            "year": 2013,
            "quarter": 3,
            "eps": 1.32,
            "eps_growth_year": -21.5,
            "eps_4q": 3.86,
            "eps_4q_growth_year": -28.19,
            "roe": 6.29,
            "roe_4q": 18.32,
            "gross_profit": 66603,
            "gross_margin": 23.9,
            "gross_margin_4q_avg": 20.24,
            "net_income": 29851,
            "revenue": 278619,
            "common_shares": 228310,
            "book_valuer_per_share": 21.55,
            "book_valuer_per_share_4q_avg": 21.66,
            "equity": 495324,
            "current_ratio": 176.41,
            "debt_ratio": 51.89,
            "inventory_turnover_ratio": 12.6,
            "account_receivable_turnover_ratio": 0.77,
            "reinvestment_rate": -1.27,
            "research_to_sale_ratio": 1.27,
            "price_fair": 181.74,
            "eps_avg_yearly": 5.19,
            "eps_latest_yearly": 5.28,
            "eps_growth_yearly": 84.52
        },
        "20134": {
            "year_quarter": 20134,
            "year": 2013,
            "quarter": 4,
            "eps": 1.05,
            "eps_growth_year": 53.65,
            "eps_4q": 4.21,
            "eps_4q_growth_year": -19.21,
            "roe": 4.78,
            "roe_4q": 19.94,
            "gross_profit": 59426,
            "gross_margin": 18.24,
            "gross_margin_4q_avg": 19.49,
            "net_income": 24494,
            "revenue": 325794,
            "common_shares": 229805,
            "book_valuer_per_share": 22.97,
            "book_valuer_per_share_4q_avg": 21.84,
            "equity": 530144,
            "current_ratio": 169.15,
            "debt_ratio": 54.67,
            "inventory_turnover_ratio": 25.51,
            "account_receivable_turnover_ratio": 0.95,
            "reinvestment_rate": -2.81,
            "research_to_sale_ratio": 1.37,
            "price_fair": 177.89,
            "eps_avg_yearly": 5.08,
            "eps_latest_yearly": 4.2,
            "eps_growth_yearly": 37.89
        },
        "20141": {
            "year_quarter": 20141,
            "year": 2014,
            "quarter": 1,
            "eps": 0.94,
            "eps_growth_year": 54.1,
            "eps_4q": 4.55,
            "eps_4q_growth_year": 1.67,
            "roe": 3.98,
            "roe_4q": 21.240000000000002,
            "gross_profit": 46755,
            "gross_margin": 17.99,
            "gross_margin_4q_avg": 20.19,
            "net_income": 21497,
            "revenue": 259863,
            "common_shares": 230840,
            "book_valuer_per_share": 23.82,
            "book_valuer_per_share_4q_avg": 22.06,
            "equity": 551468,
            "current_ratio": 166.76,
            "debt_ratio": 55.42,
            "inventory_turnover_ratio": 8.39,
            "account_receivable_turnover_ratio": 0.73,
            "reinvestment_rate": -0.88,
            "research_to_sale_ratio": 1.51,
            "price_fair": 179.11,
            "eps_avg_yearly": 5.12,
            "eps_latest_yearly": 3.76,
            "eps_growth_yearly": 46.85
        },
        "20142": {
            "year_quarter": 20142,
            "year": 2014,
            "quarter": 2,
            "eps": 0.83,
            "eps_growth_year": -38.06,
            "eps_4q": 4.06,
            "eps_4q_growth_year": -5.35,
            "roe": 3.72,
            "roe_4q": 18.77,
            "gross_profit": 50791,
            "gross_margin": 16.2,
            "gross_margin_4q_avg": 19.08,
            "net_income": 19082,
            "revenue": 313576,
            "common_shares": 231468,
            "book_valuer_per_share": 20.49,
            "book_valuer_per_share_4q_avg": 22.21,
            "equity": 475424,
            "current_ratio": 152.43,
            "debt_ratio": 60.5,
            "inventory_turnover_ratio": 6.9,
            "account_receivable_turnover_ratio": 0.88,
            "reinvestment_rate": -2.79,
            "research_to_sale_ratio": 1.14,
            "price_fair": 174.48,
            "eps_avg_yearly": 4.99,
            "eps_latest_yearly": 3.32,
            "eps_growth_yearly": 26.42
        },
        "20143": {
            "year_quarter": 20143,
            "year": 2014,
            "quarter": 3,
            "eps": 0.72,
            "eps_growth_year": -45.45,
            "eps_4q": 3.44,
            "eps_4q_growth_year": -10.68,
            "roe": 3.45,
            "roe_4q": 15.93,
            "gross_profit": 36250,
            "gross_margin": 12.01,
            "gross_margin_4q_avg": 16.11,
            "net_income": 16756,
            "revenue": 301754,
            "common_shares": 232023,
            "book_valuer_per_share": 21.24,
            "book_valuer_per_share_4q_avg": 22.13,
            "equity": 495728,
            "current_ratio": 155.24,
            "debt_ratio": 59.47,
            "inventory_turnover_ratio": 9.82,
            "account_receivable_turnover_ratio": 0.87,
            "reinvestment_rate": -2.64,
            "research_to_sale_ratio": 0.97,
            "price_fair": 134.84,
            "eps_avg_yearly": 4.76,
            "eps_latest_yearly": 2.88,
            "eps_growth_yearly": 18.33
        },
        "20144": {
            "year_quarter": 20144,
            "year": 2014,
            "quarter": 4,
            "eps": 0.81,
            "eps_growth_year": -22.92,
            "eps_4q": 3.25,
            "eps_4q_growth_year": -22.75,
            "roe": 3.76,
            "roe_4q": 14.91,
            "gross_profit": 38384,
            "gross_margin": 8.02,
            "gross_margin_4q_avg": 13.56,
            "net_income": 18958,
            "revenue": 478633,
            "common_shares": 233375,
            "book_valuer_per_share": 21.92,
            "book_valuer_per_share_4q_avg": 21.87,
            "equity": 512245,
            "current_ratio": 157.57,
            "debt_ratio": 58.53,
            "inventory_turnover_ratio": 26.57,
            "account_receivable_turnover_ratio": 1.1,
            "reinvestment_rate": -2.78,
            "research_to_sale_ratio": 1.22,
            "price_fair": 165.29,
            "eps_avg_yearly": 4.72,
            "eps_latest_yearly": 3.24,
            "eps_growth_yearly": 31.64
        },
        "20151": {
            "year_quarter": 20151,
            "year": 2015,
            "quarter": 1,
            "eps": 0.85,
            "eps_growth_year": -9.57,
            "eps_4q": 3.16,
            "eps_4q_growth_year": -30.63,
            "roe": 3.8,
            "roe_4q": 14.73,
            "gross_profit": 49203,
            "gross_margin": 13.38,
            "gross_margin_4q_avg": 12.4,
            "net_income": 19755,
            "revenue": 367780,
            "common_shares": 233735,
            "book_valuer_per_share": 22.52,
            "book_valuer_per_share_4q_avg": 21.54,
            "equity": 528008,
            "current_ratio": 164.6,
            "debt_ratio": 56.27,
            "inventory_turnover_ratio": 31.9,
            "account_receivable_turnover_ratio": 0.71,
            "reinvestment_rate": -2.62,
            "research_to_sale_ratio": 0.67,
            "price_fair": 149.14,
            "eps_avg_yearly": 4.6,
            "eps_latest_yearly": 3.4,
            "eps_growth_yearly": 22.46
        },
        "20152": {
            "year_quarter": 20152,
            "year": 2015,
            "quarter": 2,
            "eps": 0.82,
            "eps_growth_year": -1.2,
            "eps_4q": 3.18,
            "eps_4q_growth_year": -21.69,
            "roe": 3.81,
            "roe_4q": 14.82,
            "gross_profit": 46663,
            "gross_margin": 13.22,
            "gross_margin_4q_avg": 11.66,
            "net_income": 19270,
            "revenue": 352957,
            "common_shares": 234510,
            "book_valuer_per_share": 20.64,
            "book_valuer_per_share_4q_avg": 21.58,
            "equity": 484230,
            "current_ratio": 158.3,
            "debt_ratio": 58.57,
            "inventory_turnover_ratio": 32.46,
            "account_receivable_turnover_ratio": 0.65,
            "reinvestment_rate": -4.62,
            "research_to_sale_ratio": 0.24,
            "price_fair": 48.31,
            "eps_avg_yearly": 4.19,
            "eps_latest_yearly": 3.28,
            "eps_growth_yearly": 1.54
        },
        "20153": {
            "year_quarter": 20153,
            "year": 2015,
            "quarter": 3,
            "eps": 0.87,
            "eps_growth_year": 20.83,
            "eps_4q": 3.34,
            "eps_4q_growth_year": -2.94,
            "roe": 4.18,
            "roe_4q": 15.549999999999999,
            "gross_profit": 44132,
            "gross_margin": 12.51,
            "gross_margin_4q_avg": 11.78,
            "net_income": 20512,
            "revenue": 352898,
            "common_shares": 234655,
            "book_valuer_per_share": 21.14,
            "book_valuer_per_share_4q_avg": 21.56,
            "equity": 496231,
            "current_ratio": 168.76,
            "debt_ratio": 54.8,
            "inventory_turnover_ratio": 37.62,
            "account_receivable_turnover_ratio": 0.59,
            "reinvestment_rate": -4.51,
            "research_to_sale_ratio": 2.97,
            "price_fair": 101.65,
            "eps_avg_yearly": 4.08,
            "eps_latest_yearly": 3.48,
            "eps_growth_yearly": 14.9
        },
        "20154": {
            "year_quarter": 20154,
            "year": 2015,
            "quarter": 4,
            "eps": 0.86,
            "eps_growth_year": 6.55,
            "eps_4q": 3.4,
            "eps_4q_growth_year": 4.46,
            "roe": 3.99,
            "roe_4q": 15.780000000000001,
            "gross_profit": 52774,
            "gross_margin": 14.18,
            "gross_margin_4q_avg": 13.32,
            "net_income": 20212,
            "revenue": 372279,
            "common_shares": 234695,
            "book_valuer_per_share": 22,
            "book_valuer_per_share_4q_avg": 21.58,
            "equity": 516391,
            "current_ratio": 168.18,
            "debt_ratio": 55.91,
            "inventory_turnover_ratio": 44.2,
            "account_receivable_turnover_ratio": 0.62,
            "reinvestment_rate": -6.8,
            "research_to_sale_ratio": 0.87,
            "price_fair": 133.62,
            "eps_avg_yearly": 4.08,
            "eps_latest_yearly": 3.44,
            "eps_growth_yearly": 22.75
        },
        "20161": {
            "year_quarter": 20161,
            "year": 2016,
            "quarter": 1,
            "eps": 0.7,
            "eps_growth_year": -17.65,
            "eps_4q": 3.26,
            "eps_4q_growth_year": 3.17,
            "roe": 3.14,
            "roe_4q": 15.120000000000001,
            "gross_profit": 51582,
            "gross_margin": 18.58,
            "gross_margin_4q_avg": 14.62,
            "net_income": 16464,
            "revenue": 277694,
            "common_shares": 234695,
            "book_valuer_per_share": 22.69,
            "book_valuer_per_share_4q_avg": 21.62,
            "equity": 532429,
            "current_ratio": 192.08,
            "debt_ratio": 48.83,
            "inventory_turnover_ratio": 34.52,
            "account_receivable_turnover_ratio": 0.49,
            "reinvestment_rate": -6.45,
            "research_to_sale_ratio": 1.47,
            "price_fair": 51.41,
            "eps_avg_yearly": 3.91,
            "eps_latest_yearly": 2.8,
            "eps_growth_yearly": 3.16
        },
        "20162": {
            "year_quarter": 20162,
            "year": 2016,
            "quarter": 2,
            "eps": 0.92,
            "eps_growth_year": 12.2,
            "eps_4q": 3.34,
            "eps_4q_growth_year": 5.07,
            "roe": 4.19,
            "roe_4q": 15.5,
            "gross_profit": 47871,
            "gross_margin": 13.99,
            "gross_margin_4q_avg": 14.82,
            "net_income": 21529,
            "revenue": 342136,
            "common_shares": 234695,
            "book_valuer_per_share": 21.12,
            "book_valuer_per_share_4q_avg": 21.74,
            "equity": 496115,
            "current_ratio": 165.57,
            "debt_ratio": 56.92,
            "inventory_turnover_ratio": 55.56,
            "account_receivable_turnover_ratio": 0.59,
            "reinvestment_rate": -6.07,
            "research_to_sale_ratio": 0.68,
            "price_fair": 68.01,
            "eps_avg_yearly": 3.75,
            "eps_latest_yearly": 3.68,
            "eps_growth_yearly": 8.14
        },
        "20163": {
            "year_quarter": 20163,
            "year": 2016,
            "quarter": 3,
            "eps": 0.71,
            "eps_growth_year": -18.39,
            "eps_4q": 3.19,
            "eps_4q_growth_year": -4.61,
            "roe": 3.31,
            "roe_4q": 14.63,
            "gross_profit": 51204,
            "gross_margin": 17.67,
            "gross_margin_4q_avg": 16.11,
            "net_income": 16692,
            "revenue": 289773,
            "common_shares": 234915,
            "book_valuer_per_share": 21.78,
            "book_valuer_per_share_4q_avg": 21.9,
            "equity": 511604,
            "current_ratio": 176.02,
            "debt_ratio": 53.5,
            "inventory_turnover_ratio": 46.56,
            "account_receivable_turnover_ratio": 0.46,
            "reinvestment_rate": -6.12,
            "research_to_sale_ratio": 1.01,
            "price_fair": 35.08,
            "eps_avg_yearly": 3.51,
            "eps_latest_yearly": 2.84,
            "eps_growth_yearly": 0.33
        },
        "20164": {
            "year_quarter": 20164,
            "year": 2016,
            "quarter": 4,
            "eps": 0.75,
            "eps_growth_year": -12.4,
            "eps_4q": 3.08,
            "eps_4q_growth_year": -9.29,
            "roe": 3.42,
            "roe_4q": 14.060000000000002,
            "gross_profit": 47472,
            "gross_margin": 20.7,
            "gross_margin_4q_avg": 17.74,
            "net_income": 17723,
            "revenue": 229370,
            "common_shares": 234915,
            "book_valuer_per_share": 22.3,
            "book_valuer_per_share_4q_avg": 21.97,
            "equity": 523762,
            "current_ratio": 173.94,
            "debt_ratio": 54.58,
            "inventory_turnover_ratio": 33.99,
            "account_receivable_turnover_ratio": 0.38,
            "reinvestment_rate": -4.83,
            "research_to_sale_ratio": 1.43,
            "price_fair": 93.84,
            "eps_avg_yearly": 3.53,
            "eps_latest_yearly": 3,
            "eps_growth_yearly": 16.62
        },
        "20171": {
            "year_quarter": 20171,
            "year": 2017,
            "quarter": 1,
            "eps": 0.76,
            "eps_growth_year": 8.57,
            "eps_4q": 3.14,
            "eps_4q_growth_year": -3.59,
            "roe": 3.35,
            "roe_4q": 14.27,
            "gross_profit": 54524,
            "gross_margin": 30.17,
            "gross_margin_4q_avg": 20.63,
            "net_income": 17841,
            "revenue": 180745,
            "common_shares": 234915,
            "book_valuer_per_share": 22.99,
            "book_valuer_per_share_4q_avg": 22.05,
            "equity": 540165,
            "current_ratio": 192.67,
            "debt_ratio": 49.26,
            "inventory_turnover_ratio": 28.57,
            "account_receivable_turnover_ratio": 0.4,
            "reinvestment_rate": -0.59,
            "research_to_sale_ratio": 1.05,
            "price_fair": 105.2,
            "eps_avg_yearly": 3.56,
            "eps_latest_yearly": 3.04,
            "eps_growth_yearly": 19.53
        },
        "20172": {
            "year_quarter": 20172,
            "year": 2017,
            "quarter": 2,
            "eps": 1.03,
            "eps_growth_year": 11.96,
            "eps_4q": 3.25,
            "eps_4q_growth_year": -2.61,
            "roe": 4.63,
            "roe_4q": 14.71,
            "gross_profit": 53448,
            "gross_margin": 19.15,
            "gross_margin_4q_avg": 21.92,
            "net_income": 24198,
            "revenue": 279122,
            "common_shares": 234915,
            "book_valuer_per_share": 21.46,
            "book_valuer_per_share_4q_avg": 22.13,
            "equity": 504106,
            "current_ratio": 159.51,
            "debt_ratio": 59.73,
            "inventory_turnover_ratio": 50.07,
            "account_receivable_turnover_ratio": 0.68,
            "reinvestment_rate": -0.89,
            "research_to_sale_ratio": 0.73,
            "price_fair": 10.46,
            "eps_avg_yearly": 3.49,
            "eps_latest_yearly": 4.12,
            "eps_growth_yearly": -1.51
        },
        "20173": {
            "year_quarter": 20173,
            "year": 2017,
            "quarter": 3,
            "eps": 0.78,
            "eps_growth_year": 9.86,
            "eps_4q": 3.33,
            "eps_4q_growth_year": 4.41,
            "roe": 3.59,
            "roe_4q": 14.989999999999998,
            "gross_profit": 51850,
            "gross_margin": 11.92,
            "gross_margin_4q_avg": 20.49,
            "net_income": 18438,
            "revenue": 435026,
            "common_shares": 234915,
            "book_valuer_per_share": 22.25,
            "book_valuer_per_share_4q_avg": 22.25,
            "equity": 522781,
            "current_ratio": 164.72,
            "debt_ratio": 57.91,
            "inventory_turnover_ratio": 60.47,
            "account_receivable_turnover_ratio": 0.8,
            "reinvestment_rate": -0.89,
            "research_to_sale_ratio": 0.47,
            "price_fair": 10.05,
            "eps_avg_yearly": 3.35,
            "eps_latest_yearly": 3.12,
            "eps_growth_yearly": -7.2
        },
        "20174": {
            "year_quarter": 20174,
            "year": 2017,
            "quarter": 4,
            "eps": 0.66,
            "eps_growth_year": -13.04,
            "eps_4q": 3.23,
            "eps_4q_growth_year": 4.81,
            "roe": 2.9,
            "roe_4q": 14.47,
            "gross_profit": 45994,
            "gross_margin": 10.39,
            "gross_margin_4q_avg": 17.91,
            "net_income": 15412,
            "revenue": 442762,
            "common_shares": 234915,
            "book_valuer_per_share": 22.99,
            "book_valuer_per_share_4q_avg": 22.42,
            "equity": 539995,
            "current_ratio": 152.8,
            "debt_ratio": 62.82,
            "inventory_turnover_ratio": 57.8,
            "account_receivable_turnover_ratio": 0.7,
            "reinvestment_rate": -1.14,
            "research_to_sale_ratio": 0.52,
            "price_fair": 9.76,
            "eps_avg_yearly": 3.25,
            "eps_latest_yearly": 2.64,
            "eps_growth_yearly": -5.93
        },
        "20181": {
            "year_quarter": 20181,
            "year": 2018,
            "quarter": 1,
            "eps": 0.78,
            "eps_growth_year": 2.63,
            "eps_4q": 3.25,
            "eps_4q_growth_year": 3.55,
            "roe": 3.34,
            "roe_4q": 14.46,
            "gross_profit": 48392,
            "gross_margin": 13.12,
            "gross_margin_4q_avg": 13.65,
            "net_income": 18359,
            "revenue": 368859,
            "common_shares": 234915,
            "book_valuer_per_share": 23.75,
            "book_valuer_per_share_4q_avg": 22.61,
            "equity": 557942,
            "current_ratio": 158.14,
            "debt_ratio": 60.69,
            "inventory_turnover_ratio": 54.9,
            "account_receivable_turnover_ratio": 0.97,
            "reinvestment_rate": -1.27,
            "research_to_sale_ratio": 0.95,
            "price_fair": 36.08,
            "eps_avg_yearly": 3.21,
            "eps_latest_yearly": 3.12,
            "eps_growth_yearly": 1.23
        },
        "20182": {
            "year_quarter": 20182,
            "year": 2018,
            "quarter": 2,
            "eps": 0.82,
            "eps_growth_year": -20.39,
            "eps_4q": 3.04,
            "eps_4q_growth_year": -6.51,
            "roe": 3.6,
            "roe_4q": 13.43,
            "gross_profit": 42867,
            "gross_margin": 11.92,
            "gross_margin_4q_avg": 11.84,
            "net_income": 19269,
            "revenue": 359763,
            "common_shares": 234915,
            "book_valuer_per_share": 21.82,
            "book_valuer_per_share_4q_avg": 22.7,
            "equity": 512499,
            "current_ratio": 149.74,
            "debt_ratio": 64.17,
            "inventory_turnover_ratio": 66.1,
            "account_receivable_turnover_ratio": 1.93,
            "reinvestment_rate": -1.18,
            "research_to_sale_ratio": 0.82,
            "price_fair": 49.55,
            "eps_avg_yearly": 3.21,
            "eps_latest_yearly": 3.28,
            "eps_growth_yearly": 5.44
        },
        "20183": {
            "year_quarter": 20183,
            "year": 2018,
            "quarter": 3,
            "eps": 0.84,
            "eps_growth_year": 7.69,
            "eps_4q": 3.1,
            "eps_4q_growth_year": -6.99,
            "roe": 3.77,
            "roe_4q": 13.610000000000001,
            "gross_profit": 49051,
            "gross_margin": 14.34,
            "gross_margin_4q_avg": 12.44,
            "net_income": 19691,
            "revenue": 342165,
            "common_shares": 234915,
            "book_valuer_per_share": 22.68,
            "book_valuer_per_share_4q_avg": 22.81,
            "equity": 532809,
            "current_ratio": 164.7,
            "debt_ratio": 58.32,
            "inventory_turnover_ratio": 81.85,
            "account_receivable_turnover_ratio": 1.38,
            "reinvestment_rate": -1.39,
            "research_to_sale_ratio": 1.6,
            "price_fair": 62.73,
            "eps_avg_yearly": 3.24,
            "eps_latest_yearly": 3.36,
            "eps_growth_yearly": 9.36
        },
        "20184": {
            "year_quarter": 20184,
            "year": 2018,
            "quarter": 4,
            "eps": 0.81,
            "eps_growth_year": 22.74,
            "eps_4q": 3.25,
            "eps_4q_growth_year": 0.46,
            "roe": 3.51,
            "roe_4q": 14.219999999999999,
            "gross_profit": 47777,
            "gross_margin": 14.19,
            "gross_margin_4q_avg": 13.39,
            "net_income": 18916,
            "revenue": 336664,
            "common_shares": 234915,
            "book_valuer_per_share": 23.18,
            "book_valuer_per_share_4q_avg": 22.86,
            "equity": 544518,
            "current_ratio": 159.73,
            "debt_ratio": 60.5,
            "inventory_turnover_ratio": 105.15,
            "account_receivable_turnover_ratio": 1.35,
            "reinvestment_rate": -1.3,
            "research_to_sale_ratio": 1.79,
            "price_fair": 49.71,
            "eps_avg_yearly": 3.24,
            "eps_latest_yearly": 3.24,
            "eps_growth_yearly": 5.34
        },
        "20191": {
            "year_quarter": 20191,
            "year": 2019,
            "quarter": 1,
            "eps": 0.81,
            "eps_growth_year": 3.85,
            "eps_4q": 3.28,
            "eps_4q_growth_year": 0.77,
            "roe": 3.43,
            "roe_4q": 14.309999999999999,
            "gross_profit": 42163,
            "gross_margin": 17.21,
            "gross_margin_4q_avg": 14.42,
            "net_income": 19117,
            "revenue": 245042,
            "common_shares": 234915,
            "book_valuer_per_share": 24.33,
            "book_valuer_per_share_4q_avg": 23,
            "equity": 571648,
            "current_ratio": 185.4,
            "debt_ratio": 52.21,
            "inventory_turnover_ratio": 106.11,
            "account_receivable_turnover_ratio": 1.38,
            "reinvestment_rate": -1.34,
            "research_to_sale_ratio": 1.68,
            "price_fair": 45.57,
            "eps_avg_yearly": 3.23,
            "eps_latest_yearly": 3.24,
            "eps_growth_yearly": 4.11
        },
        "20192": {
            "year_quarter": 20192,
            "year": 2019,
            "quarter": 2,
            "eps": 1,
            "eps_growth_year": 21.95,
            "eps_4q": 3.46,
            "eps_4q_growth_year": 13.7,
            "roe": 4.26,
            "roe_4q": 14.969999999999999,
            "gross_profit": 41409,
            "gross_margin": 14.82,
            "gross_margin_4q_avg": 15.14,
            "net_income": 23546,
            "revenue": 279329,
            "common_shares": 234915,
            "book_valuer_per_share": 22.75,
            "book_valuer_per_share_4q_avg": 23.24,
            "equity": 534423,
            "current_ratio": 168.38,
            "debt_ratio": 57.27,
            "inventory_turnover_ratio": 291.21,
            "account_receivable_turnover_ratio": 2.36,
            "reinvestment_rate": -1.36,
            "research_to_sale_ratio": 1.38,
            "price_fair": 68.3,
            "eps_avg_yearly": 3.28,
            "eps_latest_yearly": 4,
            "eps_growth_yearly": 10.85
        },
        "20193": {
            "year_quarter": 20193,
            "year": 2019,
            "quarter": 3,
            "eps": 0.68,
            "eps_growth_year": -19.05,
            "eps_4q": 3.3,
            "eps_4q_growth_year": 6.55,
            "roe": 2.94,
            "roe_4q": 14.139999999999999,
            "gross_profit": 38084,
            "gross_margin": 13.91,
            "gross_margin_4q_avg": 15.03,
            "net_income": 15913,
            "revenue": 273845,
            "common_shares": 234915,
            "book_valuer_per_share": 23.3,
            "book_valuer_per_share_4q_avg": 23.39,
            "equity": 547265,
            "current_ratio": 191.06,
            "debt_ratio": 50.56,
            "inventory_turnover_ratio": 238.38,
            "account_receivable_turnover_ratio": 1.89,
            "reinvestment_rate": -1.45,
            "research_to_sale_ratio": 1.3,
            "price_fair": 36.57,
            "eps_avg_yearly": 3.23,
            "eps_latest_yearly": 2.72,
            "eps_growth_yearly": 1.33
        },
        "20194": {
            "year_quarter": 20194,
            "year": 2019,
            "quarter": 4,
            "eps": 0.7,
            "eps_growth_year": -13.49,
            "eps_4q": 3.19,
            "eps_4q_growth_year": -1.7,
            "roe": 2.94,
            "roe_4q": 13.57,
            "gross_profit": 45271,
            "gross_margin": 19.09,
            "gross_margin_4q_avg": 16.26,
            "net_income": 16365,
            "revenue": 237156,
            "common_shares": 234915,
            "book_valuer_per_share": 24.1,
            "book_valuer_per_share_4q_avg": 23.62,
            "equity": 566139,
            "current_ratio": 198.48,
            "debt_ratio": 48.96,
            "inventory_turnover_ratio": 196.7,
            "account_receivable_turnover_ratio": 1.58,
            "reinvestment_rate": -1.63,
            "research_to_sale_ratio": 1.31,
            "price_fair": 39.37,
            "eps_avg_yearly": 3.19,
            "eps_latest_yearly": 2.8,
            "eps_growth_yearly": 2.35
        },
        "20201": {
            "year_quarter": 20201,
            "year": 2020,
            "quarter": 1,
            "eps": 1.49,
            "eps_growth_year": 83.95,
            "eps_4q": 3.87,
            "eps_4q_growth_year": 17.95,
            "roe": 8.81,
            "roe_4q": 18.95,
            "gross_profit": 62470,
            "gross_margin": 12.43,
            "gross_margin_4q_avg": 15.06,
            "net_income": 35380,
            "revenue": 502766,
            "common_shares": 234915,
            "book_valuer_per_share": 9.93,
            "book_valuer_per_share_4q_avg": 20.02,
            "equity": 237208,
            "current_ratio": 95.22,
            "debt_ratio": 84.16,
            "inventory_turnover_ratio": 475.74,
            "account_receivable_turnover_ratio": 3.08,
            "reinvestment_rate": 31.34,
            "research_to_sale_ratio": 0.4,
            "price_fair": 118.48,
            "eps_avg_yearly": 3.39,
            "eps_latest_yearly": 5.96,
            "eps_growth_yearly": 35.22
        },
        "20202": {
            "year_quarter": 20202,
            "year": 2020,
            "quarter": 2,
            "eps": 1.56,
            "eps_growth_year": 56,
            "eps_4q": 4.39,
            "eps_4q_growth_year": 27.02,
            "roe": 16.48,
            "roe_4q": 31.17,
            "gross_profit": 65334,
            "gross_margin": 10.83,
            "gross_margin_4q_avg": 14.07,
            "net_income": 36961,
            "revenue": 603057,
            "common_shares": 234950,
            "book_valuer_per_share": 8.84,
            "book_valuer_per_share_4q_avg": 16.54,
            "equity": 211447,
            "current_ratio": 91.34,
            "debt_ratio": 86.39,
            "inventory_turnover_ratio": 585.44,
            "account_receivable_turnover_ratio": 2.13,
            "reinvestment_rate": 28.73,
            "research_to_sale_ratio": 0.56,
            "price_fair": 124.08,
            "eps_avg_yearly": 3.55,
            "eps_latest_yearly": 6.24,
            "eps_growth_yearly": 28.54
        },
        "20203": {
            "year_quarter": 20203,
            "year": 2020,
            "quarter": 3,
            "eps": 1.59,
            "eps_growth_year": 133.82,
            "eps_4q": 5.3,
            "eps_4q_growth_year": 60.77,
            "roe": 16.12,
            "roe_4q": 44.35,
            "gross_profit": 65110,
            "gross_margin": 8.27,
            "gross_margin_4q_avg": 12.66,
            "net_income": 37564,
            "revenue": 787213,
            "common_shares": 235373,
            "book_valuer_per_share": 10.64,
            "book_valuer_per_share_4q_avg": 13.38,
            "equity": 254558,
            "current_ratio": 96.14,
            "debt_ratio": 85.29,
            "inventory_turnover_ratio": 607.32,
            "account_receivable_turnover_ratio": 1.93,
            "reinvestment_rate": 27.91,
            "research_to_sale_ratio": 0.36,
            "price_fair": 131.78,
            "eps_avg_yearly": 3.77,
            "eps_latest_yearly": 6.36,
            "eps_growth_yearly": 34.72
        },
        "20204": {
            "year_quarter": 20204,
            "year": 2020,
            "quarter": 4,
            "eps": 0.97,
            "eps_growth_year": 39.01,
            "eps_4q": 4.99,
            "eps_4q_growth_year": 56.43,
            "roe": 6.94,
            "roe_4q": 48.35000000000001,
            "gross_profit": 60011,
            "gross_margin": 6.29,
            "gross_margin_4q_avg": 9.46,
            "net_income": 26429,
            "revenue": 953516,
            "common_shares": 270650,
            "book_valuer_per_share": 18.58,
            "book_valuer_per_share_4q_avg": 12,
            "equity": 507083,
            "current_ratio": 117.21,
            "debt_ratio": 75.35,
            "inventory_turnover_ratio": 612.2,
            "account_receivable_turnover_ratio": 2.45,
            "reinvestment_rate": 15.24,
            "research_to_sale_ratio": 0.25,
            "price_fair": 128.22,
            "eps_avg_yearly": 3.82,
            "eps_latest_yearly": 3.88,
            "eps_growth_yearly": 23.57
        },
        "20211": {
            "year_quarter": 20211,
            "year": 2021,
            "quarter": 1,
            "eps": 1.91,
            "eps_growth_year": 28.19,
            "eps_4q": 5.48,
            "eps_4q_growth_year": 41.65,
            "roe": 9.65,
            "roe_4q": 49.19,
            "gross_profit": 65400,
            "gross_margin": 7.2,
            "gross_margin_4q_avg": 8.15,
            "net_income": 52144,
            "revenue": 908110,
            "common_shares": 270770,
            "book_valuer_per_share": 20.87,
            "book_valuer_per_share_4q_avg": 14.73,
            "equity": 573134,
            "current_ratio": 126.56,
            "debt_ratio": 69.62,
            "inventory_turnover_ratio": 585.62,
            "account_receivable_turnover_ratio": 2.47,
            "reinvestment_rate": 14.14,
            "research_to_sale_ratio": 0.24,
            "price_fair": 143.76,
            "eps_avg_yearly": 4.11,
            "eps_latest_yearly": 7.64,
            "eps_growth_yearly": 47.46
        },
        "20212": {
            "year_quarter": 20212,
            "year": 2021,
            "quarter": 2,
            "eps": 1.48,
            "eps_growth_year": -5.13,
            "eps_4q": 5.68,
            "eps_4q_growth_year": 29.28,
            "roe": 7.49,
            "roe_4q": 40.2,
            "gross_profit": 67903,
            "gross_margin": 7.56,
            "gross_margin_4q_avg": 7.33,
            "net_income": 40654,
            "revenue": 898421,
            "common_shares": 272590,
            "book_valuer_per_share": 18.64,
            "book_valuer_per_share_4q_avg": 17.18,
            "equity": 512605,
            "current_ratio": 126.34,
            "debt_ratio": 76.45,
            "inventory_turnover_ratio": 579.77,
            "account_receivable_turnover_ratio": 1.65,
            "reinvestment_rate": 12.72,
            "research_to_sale_ratio": 0.24,
            "price_fair": 147.7,
            "eps_avg_yearly": 4.22,
            "eps_latest_yearly": 5.92,
            "eps_growth_yearly": 32.95
        },
        "20213": {
            "year_quarter": 20213,
            "year": 2021,
            "quarter": 3,
            "eps": 1.72,
            "eps_growth_year": 8.18,
            "eps_4q": 6.01,
            "eps_4q_growth_year": 13.38,
            "roe": 8.78,
            "roe_4q": 32.86,
            "gross_profit": 68129,
            "gross_margin": 8.63,
            "gross_margin_4q_avg": 7.42,
            "net_income": 47204,
            "revenue": 789507,
            "common_shares": 272990,
            "book_valuer_per_share": 20.43,
            "book_valuer_per_share_4q_avg": 19.63,
            "equity": 562987,
            "current_ratio": 130.78,
            "debt_ratio": 77.06,
            "inventory_turnover_ratio": 525.21,
            "account_receivable_turnover_ratio": 1.55,
            "reinvestment_rate": 12.07,
            "research_to_sale_ratio": 0.21,
            "price_fair": 155.93,
            "eps_avg_yearly": 4.46,
            "eps_latest_yearly": 6.88,
            "eps_growth_yearly": 43.07
        },
        "20214": {
            "year_quarter": 20214,
            "year": 2021,
            "quarter": 4,
            "eps": 4.89,
            "eps_growth_year": 405.27,
            "eps_4q": 9.96,
            "eps_4q_growth_year": 99.55,
            "roe": 21.33,
            "roe_4q": 47.25,
            "gross_profit": 46920,
            "gross_margin": 5.56,
            "gross_margin_4q_avg": 7.24,
            "net_income": 134368,
            "revenue": 844192,
            "common_shares": 273478,
            "book_valuer_per_share": 25.31,
            "book_valuer_per_share_4q_avg": 21.31,
            "equity": 697032,
            "current_ratio": 126.73,
            "debt_ratio": 78.78,
            "inventory_turnover_ratio": 719.24,
            "account_receivable_turnover_ratio": 2.22,
            "reinvestment_rate": 9.66,
            "research_to_sale_ratio": 0.18,
            "price_fair": 192.94,
            "eps_avg_yearly": 5.51,
            "eps_latest_yearly": 19.56,
            "eps_growth_yearly": 92.99
        },
        "20221": {
            "year_quarter": 20221,
            "year": 2022,
            "quarter": 1,
            "eps": 1.33,
            "eps_growth_year": -30.37,
            "eps_4q": 9.05,
            "eps_4q_growth_year": 65.21,
            "roe": 5.08,
            "roe_4q": 42.68,
            "gross_profit": 66676,
            "gross_margin": 9.71,
            "gross_margin_4q_avg": 7.87,
            "net_income": 36800,
            "revenue": 686816,
            "common_shares": 273730,
            "book_valuer_per_share": 27.05,
            "book_valuer_per_share_4q_avg": 22.86,
            "equity": 752819,
            "current_ratio": 130.67,
            "debt_ratio": 75.96,
            "inventory_turnover_ratio": 637.35,
            "account_receivable_turnover_ratio": 1.68,
            "reinvestment_rate": 9.93,
            "research_to_sale_ratio": 0.24,
            "price_fair": 197.75,
            "eps_avg_yearly": 5.65,
            "eps_latest_yearly": 5.32,
            "eps_growth_yearly": 70.25
        },
        "20222": {
            "year_quarter": 20222,
            "year": 2022,
            "quarter": 2,
            "eps": 1.23,
            "eps_growth_year": -16.89,
            "eps_4q": 9.01,
            "eps_4q_growth_year": 58.6,
            "roe": 5.32,
            "roe_4q": 40.51,
            "gross_profit": 70226,
            "gross_margin": 9.25,
            "gross_margin_4q_avg": 8.29,
            "net_income": 33921,
            "revenue": 758945,
            "common_shares": 276648,
            "book_valuer_per_share": 18.84,
            "book_valuer_per_share_4q_avg": 22.91,
            "equity": 522428,
            "current_ratio": 115.91,
            "debt_ratio": 84.46,
            "inventory_turnover_ratio": 627.53,
            "account_receivable_turnover_ratio": 1.41,
            "reinvestment_rate": 8.97,
            "research_to_sale_ratio": 0.14,
            "price_fair": 201.34,
            "eps_avg_yearly": 5.75,
            "eps_latest_yearly": 4.92,
            "eps_growth_yearly": 67.09
        },
        "20223": {
            "year_quarter": 20223,
            "year": 2022,
            "quarter": 3,
            "eps": 3.22,
            "eps_growth_year": 87.21,
            "eps_4q": 10.55,
            "eps_4q_growth_year": 75.46,
            "roe": 15.7,
            "roe_4q": 47.43,
            "gross_profit": 125604,
            "gross_margin": 10.12,
            "gross_margin_4q_avg": 8.66,
            "net_income": 89086,
            "revenue": 1240986,
            "common_shares": 277295,
            "book_valuer_per_share": 22.05,
            "book_valuer_per_share_4q_avg": 23.31,
            "equity": 612119,
            "current_ratio": 120.25,
            "debt_ratio": 81.7,
            "inventory_turnover_ratio": 1018.15,
            "account_receivable_turnover_ratio": 1.81,
            "reinvestment_rate": 8.16,
            "research_to_sale_ratio": 0.1,
            "price_fair": 222.16,
            "eps_avg_yearly": 6.35,
            "eps_latest_yearly": 12.88,
            "eps_growth_yearly": 106.92
        },
        "20224": {
            "year_quarter": 20224,
            "year": 2022,
            "quarter": 4,
            "eps": 3,
            "eps_growth_year": -38.71,
            "eps_4q": 8.73,
            "eps_4q_growth_year": -12.38,
            "roe": 12.75,
            "roe_4q": 38.849999999999994,
            "gross_profit": 132431,
            "gross_margin": 10.68,
            "gross_margin_4q_avg": 9.94,
            "net_income": 83512,
            "revenue": 1239695,
            "common_shares": 277628,
            "book_valuer_per_share": 25.12,
            "book_valuer_per_share_4q_avg": 23.27,
            "equity": 697928,
            "current_ratio": 123.06,
            "debt_ratio": 80.02,
            "inventory_turnover_ratio": 1052.53,
            "account_receivable_turnover_ratio": 1.79,
            "reinvestment_rate": 7.5,
            "research_to_sale_ratio": 0.1,
            "price_fair": 241.33,
            "eps_avg_yearly": 6.9,
            "eps_latest_yearly": 12,
            "eps_growth_yearly": 106.11
        },
        "20231": {
            "year_quarter": 20231,
            "year": 2023,
            "quarter": 1,
            "eps": 2.89,
            "eps_growth_year": 117.29,
            "eps_4q": 10.01,
            "eps_4q_growth_year": 10.67,
            "roe": 12.57,
            "roe_4q": 46.339999999999996,
            "gross_profit": 121709,
            "gross_margin": 10.33,
            "gross_margin_4q_avg": 10.1,
            "net_income": 80450,
            "revenue": 1178197,
            "common_shares": 277878,
            "book_valuer_per_share": 20.76,
            "book_valuer_per_share_4q_avg": 21.69,
            "equity": 582092,
            "current_ratio": 113.97,
            "debt_ratio": 85.51,
            "inventory_turnover_ratio": 1004.27,
            "account_receivable_turnover_ratio": 1.57,
            "reinvestment_rate": 7.32,
            "research_to_sale_ratio": 0.1,
            "price_fair": 259.53,
            "eps_avg_yearly": 7.42,
            "eps_latest_yearly": 11.56,
            "eps_growth_yearly": 105.19
        }
    },
    "months": {
        "2002-02": {
            "month": "2002-02",
            "price": "22.83",
            "revenue": 27355
        },
        "2002-03": {
            "month": "2002-03",
            "price": "23.20",
            "revenue": 75325
        },
        "2002-04": {
            "month": "2002-04",
            "price": "29.80",
            "revenue": 50713
        },
        "2002-05": {
            "month": "2002-05",
            "price": "18.36",
            "revenue": 83314
        },
        "2002-06": {
            "month": "2002-06",
            "price": "17.23",
            "revenue": 65485
        },
        "2002-07": {
            "month": "2002-07",
            "price": "13.96",
            "revenue": 76952
        },
        "2002-08": {
            "month": "2002-08",
            "price": "11.15",
            "revenue": 63836
        },
        "2002-09": {
            "month": "2002-09",
            "price": "10.12",
            "revenue": 80980
        },
        "2002-10": {
            "month": "2002-10",
            "price": "9.08",
            "revenue": 66425
        },
        "2002-11": {
            "month": "2002-11",
            "price": "9.19",
            "revenue": 81628
        },
        "2002-12": {
            "month": "2002-12",
            "price": "9.13",
            "revenue": 92693
        },
        "2003-01": {
            "month": "2003-01",
            "price": "10.35",
            "revenue": 52797
        },
        "2003-02": {
            "month": "2003-02",
            "price": "9.86",
            "revenue": 34212
        },
        "2003-03": {
            "month": "2003-03",
            "price": "8.85",
            "revenue": 91902
        },
        "2003-04": {
            "month": "2003-04",
            "price": "8.24",
            "revenue": 70928
        },
        "2003-05": {
            "month": "2003-05",
            "price": "7.05",
            "revenue": 59499
        },
        "2003-06": {
            "month": "2003-06",
            "price": "7.95",
            "revenue": 93514
        },
        "2003-07": {
            "month": "2003-07",
            "price": "8.71",
            "revenue": 58177
        },
        "2003-08": {
            "month": "2003-08",
            "price": "8.14",
            "revenue": 45020
        },
        "2003-09": {
            "month": "2003-09",
            "price": "7.87",
            "revenue": 35685
        },
        "2003-10": {
            "month": "2003-10",
            "price": "8.45",
            "revenue": 52785
        },
        "2003-11": {
            "month": "2003-11",
            "price": "9.82",
            "revenue": 40914
        },
        "2003-12": {
            "month": "2003-12",
            "price": "9.75",
            "revenue": 42633
        },
        "2004-01": {
            "month": "2004-01",
            "price": "9.70",
            "revenue": 53699
        },
        "2004-02": {
            "month": "2004-02",
            "price": "12.06",
            "revenue": 41194
        },
        "2004-03": {
            "month": "2004-03",
            "price": "12.66",
            "revenue": 46201
        },
        "2004-04": {
            "month": "2004-04",
            "price": "13.13",
            "revenue": 45426
        },
        "2004-05": {
            "month": "2004-05",
            "price": "12.15",
            "revenue": 47483
        },
        "2004-06": {
            "month": "2004-06",
            "price": "11.78",
            "revenue": 59727
        },
        "2004-07": {
            "month": "2004-07",
            "price": "11.83",
            "revenue": 70001
        },
        "2004-08": {
            "month": "2004-08",
            "price": "11.85",
            "revenue": 65776
        },
        "2004-09": {
            "month": "2004-09",
            "price": "11.88",
            "revenue": 67450
        },
        "2004-10": {
            "month": "2004-10",
            "price": "11.92",
            "revenue": 43091
        },
        "2004-11": {
            "month": "2004-11",
            "price": "11.91",
            "revenue": 35194
        },
        "2004-12": {
            "month": "2004-12",
            "price": "11.14",
            "revenue": 61699
        },
        "2005-01": {
            "month": "2005-01",
            "price": "9.84",
            "revenue": 57679
        },
        "2005-02": {
            "month": "2005-02",
            "price": "9.85",
            "revenue": 58258
        },
        "2005-03": {
            "month": "2005-03",
            "price": "10.90",
            "revenue": 80505
        },
        "2005-04": {
            "month": "2005-04",
            "price": "11.82",
            "revenue": 61118
        },
        "2005-05": {
            "month": "2005-05",
            "price": "11.80",
            "revenue": 112607
        },
        "2005-06": {
            "month": "2005-06",
            "price": "13.37",
            "revenue": 90131
        },
        "2005-07": {
            "month": "2005-07",
            "price": "15.68",
            "revenue": 65975
        },
        "2005-08": {
            "month": "2005-08",
            "price": "15.80",
            "revenue": 63364
        },
        "2005-09": {
            "month": "2005-09",
            "price": "15.87",
            "revenue": 88992
        },
        "2005-10": {
            "month": "2005-10",
            "price": "15.49",
            "revenue": 65633
        },
        "2005-11": {
            "month": "2005-11",
            "price": "15.70",
            "revenue": 65368
        },
        "2005-12": {
            "month": "2005-12",
            "price": "16.59",
            "revenue": 75790
        },
        "2006-01": {
            "month": "2006-01",
            "price": "17.67",
            "revenue": 63049
        },
        "2006-02": {
            "month": "2006-02",
            "price": "17.27",
            "revenue": 50011
        },
        "2006-03": {
            "month": "2006-03",
            "price": "17.65",
            "revenue": 50264
        },
        "2006-04": {
            "month": "2006-04",
            "price": "18.45",
            "revenue": 53232
        },
        "2006-05": {
            "month": "2006-05",
            "price": "19.83",
            "revenue": 43002
        },
        "2006-06": {
            "month": "2006-06",
            "price": "21.64",
            "revenue": 56838
        },
        "2006-07": {
            "month": "2006-07",
            "price": "18.86",
            "revenue": 45373
        },
        "2006-08": {
            "month": "2006-08",
            "price": "17.54",
            "revenue": 52919
        },
        "2006-09": {
            "month": "2006-09",
            "price": "18.94",
            "revenue": 45414
        },
        "2006-10": {
            "month": "2006-10",
            "price": "22.86",
            "revenue": 44395
        },
        "2006-11": {
            "month": "2006-11",
            "price": "26.60",
            "revenue": 62162
        },
        "2006-12": {
            "month": "2006-12",
            "price": "29.72",
            "revenue": 75972
        },
        "2007-01": {
            "month": "2007-01",
            "price": "38.32",
            "revenue": 33414
        },
        "2007-02": {
            "month": "2007-02",
            "price": "39.82",
            "revenue": 36644
        },
        "2007-03": {
            "month": "2007-03",
            "price": "36.02",
            "revenue": 48765
        },
        "2007-04": {
            "month": "2007-04",
            "price": "40.84",
            "revenue": 55826
        },
        "2007-05": {
            "month": "2007-05",
            "price": "38.56",
            "revenue": 50928
        },
        "2007-06": {
            "month": "2007-06",
            "price": "39.84",
            "revenue": 50849
        },
        "2007-07": {
            "month": "2007-07",
            "price": "41.35",
            "revenue": 54192
        },
        "2007-08": {
            "month": "2007-08",
            "price": "37.90",
            "revenue": 58668
        },
        "2007-09": {
            "month": "2007-09",
            "price": "30.89",
            "revenue": 44293
        },
        "2007-10": {
            "month": "2007-10",
            "price": "27.78",
            "revenue": 59544
        },
        "2007-11": {
            "month": "2007-11",
            "price": "25.06",
            "revenue": 77414
        },
        "2007-12": {
            "month": "2007-12",
            "price": "23.97",
            "revenue": 80903
        },
        "2008-01": {
            "month": "2008-01",
            "price": "23.77",
            "revenue": 64709
        },
        "2008-02": {
            "month": "2008-02",
            "price": "23.47",
            "revenue": 54539
        },
        "2008-03": {
            "month": "2008-03",
            "price": "24.58",
            "revenue": 62444
        },
        "2008-04": {
            "month": "2008-04",
            "price": "28.79",
            "revenue": 95997
        },
        "2008-05": {
            "month": "2008-05",
            "price": "30.15",
            "revenue": 93188
        },
        "2008-06": {
            "month": "2008-06",
            "price": "28.62",
            "revenue": 76681
        },
        "2008-07": {
            "month": "2008-07",
            "price": "24.03",
            "revenue": 52909
        },
        "2008-08": {
            "month": "2008-08",
            "price": "21.08",
            "revenue": 40480
        },
        "2008-09": {
            "month": "2008-09",
            "price": "17.63",
            "revenue": 82426
        },
        "2008-10": {
            "month": "2008-10",
            "price": "15.30",
            "revenue": 91597
        },
        "2008-11": {
            "month": "2008-11",
            "price": "16.08",
            "revenue": 94924
        },
        "2008-12": {
            "month": "2008-12",
            "price": "16.83",
            "revenue": 94454
        },
        "2009-01": {
            "month": "2009-01",
            "price": "15.91",
            "revenue": 46316
        },
        "2009-02": {
            "month": "2009-02",
            "price": "15.51",
            "revenue": 61337
        },
        "2009-03": {
            "month": "2009-03",
            "price": "16.23",
            "revenue": 71370
        },
        "2009-04": {
            "month": "2009-04",
            "price": "18.09",
            "revenue": 72712
        },
        "2009-05": {
            "month": "2009-05",
            "price": "22.04",
            "revenue": 80913
        },
        "2009-06": {
            "month": "2009-06",
            "price": "25.50",
            "revenue": 47431
        },
        "2009-07": {
            "month": "2009-07",
            "price": "25.03",
            "revenue": 50366
        },
        "2009-08": {
            "month": "2009-08",
            "price": "25.78",
            "revenue": 61278
        },
        "2009-09": {
            "month": "2009-09",
            "price": "26.67",
            "revenue": 110308
        },
        "2009-10": {
            "month": "2009-10",
            "price": "27.89",
            "revenue": 97369
        },
        "2009-11": {
            "month": "2009-11",
            "price": "28.67",
            "revenue": 138658
        },
        "2009-12": {
            "month": "2009-12",
            "price": "34.36",
            "revenue": 189638
        },
        "2010-01": {
            "month": "2010-01",
            "price": "47.96",
            "revenue": 152031
        },
        "2010-02": {
            "month": "2010-02",
            "price": "74.39",
            "revenue": 94825
        },
        "2010-03": {
            "month": "2010-03",
            "price": "69.30",
            "revenue": 115324
        },
        "2010-04": {
            "month": "2010-04",
            "price": "69.47",
            "revenue": 170545
        },
        "2010-05": {
            "month": "2010-05",
            "price": "60.09",
            "revenue": 184682
        },
        "2010-06": {
            "month": "2010-06",
            "price": "57.27",
            "revenue": 189607
        },
        "2010-07": {
            "month": "2010-07",
            "price": "60.46",
            "revenue": 173805
        },
        "2010-08": {
            "month": "2010-08",
            "price": "62.87",
            "revenue": 139716
        },
        "2010-09": {
            "month": "2010-09",
            "price": "58.45",
            "revenue": 146833
        },
        "2010-10": {
            "month": "2010-10",
            "price": "57.05",
            "revenue": 191808
        },
        "2010-11": {
            "month": "2010-11",
            "price": "56.96",
            "revenue": 171885
        },
        "2010-12": {
            "month": "2010-12",
            "price": "67.83",
            "revenue": 186544
        },
        "2011-01": {
            "month": "2011-01",
            "price": "71.98",
            "revenue": 115227
        },
        "2011-02": {
            "month": "2011-02",
            "price": "66.68",
            "revenue": 135704
        },
        "2011-03": {
            "month": "2011-03",
            "price": "60.37",
            "revenue": 148332
        },
        "2011-04": {
            "month": "2011-04",
            "price": "63.41",
            "revenue": 148696
        },
        "2011-05": {
            "month": "2011-05",
            "price": "67.02",
            "revenue": 151147
        },
        "2011-06": {
            "month": "2011-06",
            "price": "65.64",
            "revenue": 163254
        },
        "2011-07": {
            "month": "2011-07",
            "price": "69.40",
            "revenue": 141660
        },
        "2011-08": {
            "month": "2011-08",
            "price": "62.42",
            "revenue": 126903
        },
        "2011-09": {
            "month": "2011-09",
            "price": "64.02",
            "revenue": 138252
        },
        "2011-10": {
            "month": "2011-10",
            "price": "60.26",
            "revenue": 135621
        },
        "2011-11": {
            "month": "2011-11",
            "price": "57.21",
            "revenue": 141968
        },
        "2011-12": {
            "month": "2011-12",
            "price": "51.43",
            "revenue": 141639
        },
        "2012-01": {
            "month": "2012-01",
            "price": "51.70",
            "revenue": 99108
        },
        "2012-02": {
            "month": "2012-02",
            "price": "57.19",
            "revenue": 115179
        },
        "2012-03": {
            "month": "2012-03",
            "price": "61.43",
            "revenue": 152234
        },
        "2012-04": {
            "month": "2012-04",
            "price": "69.68",
            "revenue": 141621
        },
        "2012-05": {
            "month": "2012-05",
            "price": "69.07",
            "revenue": 164588
        },
        "2012-06": {
            "month": "2012-06",
            "price": "69.04",
            "revenue": 136587
        },
        "2012-07": {
            "month": "2012-07",
            "price": "69.25",
            "revenue": 126937
        },
        "2012-08": {
            "month": "2012-08",
            "price": "63.19",
            "revenue": 105403
        },
        "2012-09": {
            "month": "2012-09",
            "price": "64.32",
            "revenue": 104343
        },
        "2012-10": {
            "month": "2012-10",
            "price": "63.49",
            "revenue": 82284
        },
        "2012-11": {
            "month": "2012-11",
            "price": "62.41",
            "revenue": 68585
        },
        "2012-12": {
            "month": "2012-12",
            "price": "61.11",
            "revenue": 81379
        },
        "2013-01": {
            "month": "2013-01",
            "price": "60.06",
            "revenue": 82945
        },
        "2013-02": {
            "month": "2013-02",
            "price": "60.32",
            "revenue": 73246
        },
        "2013-03": {
            "month": "2013-03",
            "price": "62.17",
            "revenue": 84666
        },
        "2013-04": {
            "month": "2013-04",
            "price": "62.22",
            "revenue": 94467
        },
        "2013-05": {
            "month": "2013-05",
            "price": "61.35",
            "revenue": 91001
        },
        "2013-06": {
            "month": "2013-06",
            "price": "59.59",
            "revenue": 92243
        },
        "2013-07": {
            "month": "2013-07",
            "price": "58.10",
            "revenue": 80494
        },
        "2013-08": {
            "month": "2013-08",
            "price": "48.49",
            "revenue": 90052
        },
        "2013-09": {
            "month": "2013-09",
            "price": "49.82",
            "revenue": 108073
        },
        "2013-10": {
            "month": "2013-10",
            "price": "53.43",
            "revenue": 132717
        },
        "2013-11": {
            "month": "2013-11",
            "price": "54.63",
            "revenue": 85130
        },
        "2013-12": {
            "month": "2013-12",
            "price": "55.34",
            "revenue": 107665
        },
        "2014-01": {
            "month": "2014-01",
            "price": "55.16",
            "revenue": 71913
        },
        "2014-02": {
            "month": "2014-02",
            "price": "53.39",
            "revenue": 93733
        },
        "2014-03": {
            "month": "2014-03",
            "price": "56.31",
            "revenue": 94217
        },
        "2014-04": {
            "month": "2014-04",
            "price": "61.14",
            "revenue": 96885
        },
        "2014-05": {
            "month": "2014-05",
            "price": "65.18",
            "revenue": 92040
        },
        "2014-06": {
            "month": "2014-06",
            "price": "64.48",
            "revenue": 124651
        },
        "2014-07": {
            "month": "2014-07",
            "price": "64.85",
            "revenue": 85795
        },
        "2014-08": {
            "month": "2014-08",
            "price": "59.18",
            "revenue": 109400
        },
        "2014-09": {
            "month": "2014-09",
            "price": "58.92",
            "revenue": 106560
        },
        "2014-10": {
            "month": "2014-10",
            "price": "55.10",
            "revenue": 128053
        },
        "2014-11": {
            "month": "2014-11",
            "price": "53.02",
            "revenue": 176797
        },
        "2014-12": {
            "month": "2014-12",
            "price": "54.00",
            "revenue": 173749
        },
        "2015-01": {
            "month": "2015-01",
            "price": "54.06",
            "revenue": 100542
        },
        "2015-02": {
            "month": "2015-02",
            "price": "53.48",
            "revenue": 113269
        },
        "2015-03": {
            "month": "2015-03",
            "price": "52.67",
            "revenue": 153769
        },
        "2015-04": {
            "month": "2015-04",
            "price": "51.26",
            "revenue": 110985
        },
        "2015-05": {
            "month": "2015-05",
            "price": "50.95",
            "revenue": 109842
        },
        "2015-06": {
            "month": "2015-06",
            "price": "49.70",
            "revenue": 131951
        },
        "2015-07": {
            "month": "2015-07",
            "price": "47.02",
            "revenue": 115220
        },
        "2015-08": {
            "month": "2015-08",
            "price": "41.83",
            "revenue": 109393
        },
        "2015-09": {
            "month": "2015-09",
            "price": "42.58",
            "revenue": 128663
        },
        "2015-10": {
            "month": "2015-10",
            "price": "43.84",
            "revenue": 113255
        },
        "2015-11": {
            "month": "2015-11",
            "price": "43.30",
            "revenue": 99808
        },
        "2015-12": {
            "month": "2015-12",
            "price": "41.80",
            "revenue": 159217
        },
        "2016-01": {
            "month": "2016-01",
            "price": "40.54",
            "revenue": 89679
        },
        "2016-02": {
            "month": "2016-02",
            "price": "41.32",
            "revenue": 77262
        },
        "2016-03": {
            "month": "2016-03",
            "price": "43.70",
            "revenue": 110648
        },
        "2016-04": {
            "month": "2016-04",
            "price": "42.54",
            "revenue": 85344
        },
        "2016-05": {
            "month": "2016-05",
            "price": "39.43",
            "revenue": 129292
        },
        "2016-06": {
            "month": "2016-06",
            "price": "38.99",
            "revenue": 127605
        },
        "2016-07": {
            "month": "2016-07",
            "price": "39.40",
            "revenue": 96570
        },
        "2016-08": {
            "month": "2016-08",
            "price": "38.99",
            "revenue": 117163
        },
        "2016-09": {
            "month": "2016-09",
            "price": "39.68",
            "revenue": 76039
        },
        "2016-10": {
            "month": "2016-10",
            "price": "41.48",
            "revenue": 71002
        },
        "2016-11": {
            "month": "2016-11",
            "price": "40.30",
            "revenue": 64494
        },
        "2016-12": {
            "month": "2016-12",
            "price": "40.74",
            "revenue": 93875
        },
        "2017-01": {
            "month": "2017-01",
            "price": "40.47",
            "revenue": 44926
        },
        "2017-02": {
            "month": "2017-02",
            "price": "41.18",
            "revenue": 70189
        },
        "2017-03": {
            "month": "2017-03",
            "price": "41.16",
            "revenue": 66556
        },
        "2017-04": {
            "month": "2017-04",
            "price": "42.03",
            "revenue": 87057
        },
        "2017-05": {
            "month": "2017-05",
            "price": "43.27",
            "revenue": 103033
        },
        "2017-06": {
            "month": "2017-06",
            "price": "43.97",
            "revenue": 88105
        },
        "2017-07": {
            "month": "2017-07",
            "price": "43.67",
            "revenue": 139181
        },
        "2017-08": {
            "month": "2017-08",
            "price": "42.52",
            "revenue": 118181
        },
        "2017-09": {
            "month": "2017-09",
            "price": "43.74",
            "revenue": 177663
        },
        "2017-10": {
            "month": "2017-10",
            "price": "48.06",
            "revenue": 153100
        },
        "2017-11": {
            "month": "2017-11",
            "price": "47.63",
            "revenue": 132428
        },
        "2017-12": {
            "month": "2017-12",
            "price": "46.11",
            "revenue": 158356
        },
        "2018-01": {
            "month": "2018-01",
            "price": "47.10",
            "revenue": 132284
        },
        "2018-02": {
            "month": "2018-02",
            "price": "45.93",
            "revenue": 103847
        },
        "2018-03": {
            "month": "2018-03",
            "price": "46.91",
            "revenue": 131383
        },
        "2018-04": {
            "month": "2018-04",
            "price": "47.74",
            "revenue": 125942
        },
        "2018-05": {
            "month": "2018-05",
            "price": "47.05",
            "revenue": 113210
        },
        "2018-06": {
            "month": "2018-06",
            "price": "47.10",
            "revenue": 120860
        },
        "2018-07": {
            "month": "2018-07",
            "price": "46.84",
            "revenue": 119259
        },
        "2018-08": {
            "month": "2018-08",
            "price": "44.31",
            "revenue": 111973
        },
        "2018-09": {
            "month": "2018-09",
            "price": "43.71",
            "revenue": 110932
        },
        "2018-10": {
            "month": "2018-10",
            "price": "41.57",
            "revenue": 108813
        },
        "2018-11": {
            "month": "2018-11",
            "price": "40.33",
            "revenue": 110833
        },
        "2018-12": {
            "month": "2018-12",
            "price": "41.34",
            "revenue": 116511
        },
        "2019-01": {
            "month": "2019-01",
            "price": "41.84",
            "revenue": 87300
        },
        "2019-02": {
            "month": "2019-02",
            "price": "42.14",
            "revenue": 78836
        },
        "2019-03": {
            "month": "2019-03",
            "price": "42.62",
            "revenue": 78906
        },
        "2019-04": {
            "month": "2019-04",
            "price": "42.90",
            "revenue": 89423
        },
        "2019-05": {
            "month": "2019-05",
            "price": "43.09",
            "revenue": 87471
        },
        "2019-06": {
            "month": "2019-06",
            "price": "43.17",
            "revenue": 102435
        },
        "2019-07": {
            "month": "2019-07",
            "price": "43.88",
            "revenue": 88524
        },
        "2019-08": {
            "month": "2019-08",
            "price": "42.10",
            "revenue": 88775
        },
        "2019-09": {
            "month": "2019-09",
            "price": "42.21",
            "revenue": 96547
        },
        "2019-10": {
            "month": "2019-10",
            "price": "42.50",
            "revenue": 90888
        },
        "2019-11": {
            "month": "2019-11",
            "price": "46.52",
            "revenue": 60838
        },
        "2019-12": {
            "month": "2019-12",
            "price": "46.98",
            "revenue": 85430
        },
        "2020-01": {
            "month": "2020-01",
            "price": "50.32",
            "revenue": 162249
        },
        "2020-02": {
            "month": "2020-02",
            "price": "53.29",
            "revenue": 158255
        },
        "2020-03": {
            "month": "2020-03",
            "price": "49.55",
            "revenue": 182262
        },
        "2020-04": {
            "month": "2020-04",
            "price": "52.90",
            "revenue": 237862
        },
        "2020-05": {
            "month": "2020-05",
            "price": "61.69",
            "revenue": 153944
        },
        "2020-06": {
            "month": "2020-06",
            "price": "63.72",
            "revenue": 211250
        },
        "2020-07": {
            "month": "2020-07",
            "price": "63.09",
            "revenue": 226598
        },
        "2020-08": {
            "month": "2020-08",
            "price": "65.50",
            "revenue": 297368
        },
        "2020-09": {
            "month": "2020-09",
            "price": "68.41",
            "revenue": 263247
        },
        "2020-10": {
            "month": "2020-10",
            "price": "67.32",
            "revenue": 287965
        },
        "2020-11": {
            "month": "2020-11",
            "price": "69.21",
            "revenue": 302937
        },
        "2020-12": {
            "month": "2020-12",
            "price": "67.04",
            "revenue": 362614
        },
        "2021-01": {
            "month": "2021-01",
            "price": "65.36",
            "revenue": 290151
        },
        "2021-02": {
            "month": "2021-02",
            "price": "65.18",
            "revenue": 260219
        },
        "2021-03": {
            "month": "2021-03",
            "price": "66.89",
            "revenue": 357743
        },
        "2021-04": {
            "month": "2021-04",
            "price": "68.12",
            "revenue": 368984
        },
        "2021-05": {
            "month": "2021-05",
            "price": "68.18",
            "revenue": 253143
        },
        "2021-06": {
            "month": "2021-06",
            "price": "68.39",
            "revenue": 276294
        },
        "2021-07": {
            "month": "2021-07",
            "price": "68.55",
            "revenue": 356832
        },
        "2021-08": {
            "month": "2021-08",
            "price": "68.20",
            "revenue": 224198
        },
        "2021-09": {
            "month": "2021-09",
            "price": "66.40",
            "revenue": 208478
        },
        "2021-10": {
            "month": "2021-10",
            "price": "65.37",
            "revenue": 188943
        },
        "2021-11": {
            "month": "2021-11",
            "price": "67.37",
            "revenue": 240092
        },
        "2021-12": {
            "month": "2021-12",
            "price": "69.00",
            "revenue": 417510
        },
        "2022-01": {
            "month": "2022-01",
            "price": "68.94",
            "revenue": 235690
        },
        "2022-02": {
            "month": "2022-02",
            "price": "69.05",
            "revenue": 222333
        },
        "2022-03": {
            "month": "2022-03",
            "price": "78.07",
            "revenue": 228793
        },
        "2022-04": {
            "month": "2022-04",
            "price": "78.93",
            "revenue": 219044
        },
        "2022-05": {
            "month": "2022-05",
            "price": "75.34",
            "revenue": 218427
        },
        "2022-06": {
            "month": "2022-06",
            "price": "74.05",
            "revenue": 321474
        },
        "2022-07": {
            "month": "2022-07",
            "price": "63.09",
            "revenue": 357775
        },
        "2022-08": {
            "month": "2022-08",
            "price": "67.83",
            "revenue": 449278
        },
        "2022-09": {
            "month": "2022-09",
            "price": "70.50",
            "revenue": 433934
        },
        "2022-10": {
            "month": "2022-10",
            "price": "70.64",
            "revenue": 470535
        },
        "2022-11": {
            "month": "2022-11",
            "price": "73.71",
            "revenue": 378485
        },
        "2022-12": {
            "month": "2022-12",
            "price": "77.15",
            "revenue": 390675
        },
        "2023-01": {
            "month": "2023-01",
            "price": "79.24",
            "revenue": 299923
        },
        "2023-02": {
            "month": "2023-02",
            "price": "83.03",
            "revenue": 358170
        },
        "2023-03": {
            "month": "2023-03",
            "price": "104.64",
            "revenue": 520105
        },
        "2023-04": {
            "month": "2023-04",
            "price": "145.62",
            "revenue": 582729
        },
        "2023-05": {
            "month": "2023-05",
            "price": "181.73",
            "revenue": 574695
        }
    }
}
