{
    "summary": {
        "stock_name": "寶碩",
        "stock_id": "5210",
        "category": "資訊服務",
        "main_business": "應用/系統軟體設計開發<br>系統整合服務業<br>太陽能發電設備/系統及系統工程",
        "website_url": "http://www.apex.com.tw",
        "ceo": "林敬祥",
        "pe_ratio": 0,
        "report_year_from": 2001,
        "report_year_to": 2023,
        "age": 23,
        "eps_negative_percentage": 35,
        "eps_growth_avg": {
            "last_all": -23.14,
            "last_2y": null,
            "last_4y": null,
            "last_8y": -30.3,
            "last_12y": -25.95,
            "last_16y": -28.76,
            "last_20y": -18.52,
            "at_2006_last_3y": 7.06,
            "at_2007_last_3y": 26.19,
            "at_2008_last_3y": 13.69,
            "at_2009_last_3y": -15.08,
            "at_2010_last_3y": -35.31,
            "at_2011_last_3y": -64.29,
            "at_2012_last_3y": -52.17,
            "at_2013_last_3y": -51.63,
            "at_2014_last_3y": -22.68,
            "at_2015_last_3y": -26.14,
            "at_2016_last_3y": 14.77,
            "at_2017_last_3y": 2.27,
            "at_2018_last_3y": -30.3,
            "at_2019_last_3y": 0,
            "at_2020_last_3y": -100,
            "at_2021_last_3y": null,
            "at_2022_last_3y": null,
            "at_2023_last_3y": null,
            "at_2024_last_3y": null,
            "at_2006_last_all": -11.9,
            "at_2007_last_all": -8.28,
            "at_2008_last_all": -21.38,
            "at_2009_last_all": -21.38,
            "at_2010_last_all": -20.68,
            "at_2011_last_all": -26.95,
            "at_2012_last_all": -30.62,
            "at_2013_last_all": -32.38,
            "at_2014_last_all": -21.35,
            "at_2015_last_all": -26.7,
            "at_2016_last_all": -17.65,
            "at_2017_last_all": -23.14,
            "at_2018_last_all": -23.14,
            "at_2019_last_all": -23.14,
            "at_2020_last_all": -23.14,
            "at_2021_last_all": -23.14,
            "at_2022_last_all": -23.14,
            "at_2023_last_all": -23.14,
            "at_2024_last_all": -23.14
        },
        "latest_eps": 0,
        "latest_price": 52.1,
        "latest_roe": 0,
        "latest_gross_margin": 56.71,
        "latest_equity": 444562,
        "latest_revenue": 70861,
        "latest_gross_profit": 40186,
        "latest_net_income": -26449,
        "latest_debt_ratio": 34.93,
        "latest_current_ratio": 160.96,
        "latest_account_receivable_turnover_ratio": 5.15,
        "latest_inventory_turnover_ratio": 11.33,
        "latest_reinvestment_rate": null,
        "latest_research_to_sale_ratio": 35.75
    },
    "eps_dividends": {
        "2000": {
            "cash": 1,
            "stock": 1,
            "eps": 0
        },
        "2001": {
            "cash": 0,
            "stock": 0,
            "eps": 1.47
        },
        "2002": {
            "cash": 0,
            "stock": 1.5,
            "eps": 0.18
        },
        "2003": {
            "cash": 0,
            "stock": 0,
            "eps": 0.06
        },
        "2004": {
            "cash": 0,
            "stock": 0.3,
            "eps": 0.03
        },
        "2005": {
            "cash": 0,
            "stock": 0,
            "eps": 0.49
        },
        "2006": {
            "cash": 0,
            "stock": 0,
            "eps": 0.71
        },
        "2007": {
            "cash": 0.2,
            "stock": 0.4,
            "eps": 0.78
        },
        "2008": {
            "cash": 0.6,
            "stock": 0.2,
            "eps": -0.05
        },
        "2009": {
            "cash": 0,
            "stock": 0,
            "eps": 0.57
        },
        "2010": {
            "cash": 0.5,
            "stock": 0,
            "eps": 0.48
        },
        "2011": {
            "cash": 0.5,
            "stock": 0,
            "eps": 0.11
        },
        "2012": {
            "cash": 0.1,
            "stock": 0,
            "eps": 0.04
        },
        "2013": {
            "cash": 0,
            "stock": 0,
            "eps": 0.02
        },
        "2014": {
            "cash": 0,
            "stock": 0,
            "eps": 0.33
        },
        "2015": {
            "cash": 0.3,
            "stock": 0,
            "eps": 0.03
        },
        "2016": {
            "cash": 0,
            "stock": 0,
            "eps": 0.08
        },
        "2017": {
            "cash": 0,
            "stock": 0,
            "eps": -0.71
        },
        "2018": {
            "cash": 0,
            "stock": 0,
            "eps": -0.28
        },
        "2019": {
            "cash": 0,
            "stock": 0,
            "eps": -0.36
        },
        "2020": {
            "cash": 0,
            "stock": 0,
            "eps": -1.27
        },
        "2021": {
            "cash": 0,
            "stock": 0,
            "eps": -0.36
        },
        "2022": {
            "cash": 0,
            "stock": 0,
            "eps": -0.2
        },
        "2023": {
            "cash": 0,
            "stock": 0,
            "eps": -0.73
        }
    },
    "dividends": {
        "2000-06-20": {
            "cash": 1,
            "stock": 1
        },
        "2002-06-28": {
            "cash": 0,
            "stock": 1.5
        },
        "2004-04-29": {
            "cash": 0,
            "stock": 0.3
        },
        "2007-04-27": {
            "cash": 0.2,
            "stock": 0.4
        },
        "2008-03-21": {
            "cash": 0.6,
            "stock": 0.2
        },
        "2010-04-26": {
            "cash": 0.5,
            "stock": 0
        },
        "2011-03-25": {
            "cash": 0.5,
            "stock": 0
        },
        "2012-06-22": {
            "cash": 0.1,
            "stock": 0
        },
        "2015-09-23": {
            "cash": 0.3,
            "stock": 0
        }
    },
    "prices": {
        "200101": "無",
        "200102": "無",
        "200103": "無",
        "200104": "無",
        "200105": "無",
        "200106": "無",
        "200107": "無",
        "200108": "無",
        "200109": "無",
        "200110": "無",
        "200111": "無",
        "200112": "無",
        "200201": "無",
        "200202": "無",
        "200203": "無",
        "200204": "20.40",
        "200205": "16.65",
        "200206": "15.16",
        "200207": "14.19",
        "200208": "12.41",
        "200209": "10.08",
        "200210": "9.20",
        "200211": "8.89",
        "200212": "8.88",
        "200301": "10.21",
        "200302": "11.01",
        "200303": "10.34",
        "200304": "10.33",
        "200305": "11.56",
        "200306": "11.06",
        "200307": "12.58",
        "200308": "11.19",
        "200309": "10.75",
        "200310": "9.88",
        "200311": "9.77",
        "200312": "9.78",
        "200401": "10.24",
        "200402": "12.18",
        "200403": "11.40",
        "200404": "11.30",
        "200405": "9.45",
        "200406": "9.39",
        "200407": "9.59",
        "200408": "9.62",
        "200409": "9.47",
        "200410": "9.45",
        "200411": "9.64",
        "200412": "9.68",
        "200501": "9.27",
        "200502": "9.01",
        "200503": "8.41",
        "200504": "7.84",
        "200505": "8.00",
        "200506": "8.24",
        "200507": "7.96",
        "200508": "7.73",
        "200509": "7.74",
        "200510": "7.06",
        "200511": "6.59",
        "200512": "6.94",
        "200601": "7.98",
        "200602": "8.09",
        "200603": "7.43",
        "200604": "7.52",
        "200605": "8.19",
        "200606": "8.10",
        "200607": "7.52",
        "200608": "7.09",
        "200609": "7.06",
        "200610": "9.19",
        "200611": "9.13",
        "200612": "9.48",
        "200701": "10.38",
        "200702": "10.15",
        "200703": "9.92",
        "200704": "10.60",
        "200705": "11.00",
        "200706": "11.10",
        "200707": "12.60",
        "200708": "11.13",
        "200709": "10.42",
        "200710": "10.30",
        "200711": "9.18",
        "200712": "9.05",
        "200801": "9.92",
        "200802": "9.88",
        "200803": "10.15",
        "200804": "10.60",
        "200805": "12.98",
        "200806": "11.27",
        "200807": "9.45",
        "200808": "9.39",
        "200809": "7.35",
        "200810": "6.18",
        "200811": "6.19",
        "200812": "6.01",
        "200901": "5.76",
        "200902": "5.55",
        "200903": "6.18",
        "200904": "6.92",
        "200905": "6.91",
        "200906": "7.00",
        "200907": "7.17",
        "200908": "7.39",
        "200909": "9.26",
        "200910": "9.52",
        "200911": "9.64",
        "200912": "11.06",
        "201001": "12.30",
        "201002": "10.50",
        "201003": "10.96",
        "201004": "12.29",
        "201005": "11.17",
        "201006": "11.36",
        "201007": "15.42",
        "201008": "15.78",
        "201009": "14.82",
        "201010": "14.00",
        "201011": "12.11",
        "201012": "12.58",
        "201101": "12.35",
        "201102": "11.39",
        "201103": "11.11",
        "201104": "11.45",
        "201105": "11.26",
        "201106": "11.40",
        "201107": "10.73",
        "201108": "9.48",
        "201109": "9.14",
        "201110": "9.23",
        "201111": "9.45",
        "201112": "8.08",
        "201201": "7.86",
        "201202": "8.84",
        "201203": "9.09",
        "201204": "8.70",
        "201205": "7.80",
        "201206": "7.61",
        "201207": "7.59",
        "201208": "7.30",
        "201209": "7.42",
        "201210": "7.11",
        "201211": "6.40",
        "201212": "6.85",
        "201301": "6.99",
        "201302": "7.33",
        "201303": "7.30",
        "201304": "7.49",
        "201305": "8.49",
        "201306": "7.97",
        "201307": "8.19",
        "201308": "9.04",
        "201309": "9.09",
        "201310": "9.22",
        "201311": "8.90",
        "201312": "8.92",
        "201401": "9.10",
        "201402": "9.40",
        "201403": "10.19",
        "201404": "9.97",
        "201405": "9.55",
        "201406": "9.34",
        "201407": "9.98",
        "201408": "9.76",
        "201409": "9.35",
        "201410": "8.71",
        "201411": "8.13",
        "201412": "8.89",
        "201501": "9.17",
        "201502": "8.93",
        "201503": "9.04",
        "201504": "8.99",
        "201505": "9.28",
        "201506": "7.93",
        "201507": "7.21",
        "201508": "6.56",
        "201509": "6.95",
        "201510": "7.28",
        "201511": "7.05",
        "201512": "6.82",
        "201601": "6.64",
        "201602": "6.42",
        "201603": "6.31",
        "201604": "6.04",
        "201605": "5.67",
        "201606": "5.83",
        "201607": "6.31",
        "201608": "6.42",
        "201609": "6.49",
        "201610": "6.66",
        "201611": "6.41",
        "201612": "6.42",
        "201701": "6.47",
        "201702": "6.76",
        "201703": "6.95",
        "201704": "6.86",
        "201705": "6.65",
        "201706": "6.88",
        "201707": "6.98",
        "201708": "6.86",
        "201709": "6.91",
        "201710": "6.93",
        "201711": "6.91",
        "201712": "7.11",
        "201801": "7.54",
        "201802": "7.59",
        "201803": "7.44",
        "201804": "7.12",
        "201805": "7.01",
        "201806": "7.14",
        "201807": "6.91",
        "201808": "6.90",
        "201809": "7.01",
        "201810": "6.60",
        "201811": "6.64",
        "201812": "6.64",
        "201901": "6.80",
        "201902": "6.85",
        "201903": "8.75",
        "201904": "8.78",
        "201905": "8.03",
        "201906": "7.19",
        "201907": "7.66",
        "201908": "7.56",
        "201909": "7.73",
        "201910": "7.87",
        "201911": "7.25",
        "201912": "7.17",
        "202001": "7.23",
        "202002": "7.20",
        "202003": "5.60",
        "202004": "6.19",
        "202005": "6.46",
        "202006": "6.54",
        "202007": "8.19",
        "202008": "9.06",
        "202009": "9.23",
        "202010": "8.52",
        "202011": "10.13",
        "202012": "9.81",
        "202101": "7.60",
        "202102": "7.15",
        "202103": "8.08",
        "202104": "8.85",
        "202105": "10.37",
        "202106": "10.13",
        "202107": "10.48",
        "202108": "14.98",
        "202109": "20.54",
        "202110": "23.29",
        "202111": "22.17",
        "202112": "18.04",
        "202201": "15.74",
        "202202": "16.48",
        "202203": "16.93",
        "202204": "23.40",
        "202205": "20.65",
        "202206": "22.84",
        "202207": "20.00",
        "202208": "20.64",
        "202209": "19.02",
        "202210": "16.32",
        "202211": "16.19",
        "202212": "15.30",
        "202301": "14.59",
        "202302": "16.22",
        "202303": "18.12",
        "202304": "17.52",
        "202305": "16.32",
        "202306": "16.82",
        "202307": "17.70",
        "202308": "18.34",
        "202309": "22.16",
        "202310": "26.59",
        "202311": "31.42",
        "202312": "57.30"
    },
    "quarters": {
        "20011": {
            "year_quarter": 20011,
            "year": 2001,
            "quarter": 1,
            "eps": 0.7,
            "eps_growth_year": null,
            "eps_4q": null,
            "eps_4q_growth_year": null,
            "roe": 5.24,
            "roe_4q": 5.24,
            "gross_profit": 51013,
            "gross_margin": 54.93,
            "gross_margin_4q_avg": 54.93,
            "net_income": 16350,
            "net_income_4q": null,
            "revenue": 92871,
            "revenue_4q": null,
            "common_shares": 232833,
            "book_valuer_per_share": 13.75,
            "book_valuer_per_share_4q_avg": 13.75,
            "equity": 320199,
            "current_ratio": 212.76,
            "debt_ratio": 21.01,
            "inventory_turnover_ratio": 8.83,
            "account_receivable_turnover_ratio": null,
            "reinvestment_rate": null,
            "research_to_sale_ratio": null,
            "price_fair": 0,
            "eps_avg_yearly": 0,
            "eps_latest_yearly": 0,
            "eps_growth_yearly": 0
        },
        "20012": {
            "year_quarter": 20012,
            "year": 2001,
            "quarter": 2,
            "eps": 0.34,
            "eps_growth_year": null,
            "eps_4q": null,
            "eps_4q_growth_year": null,
            "roe": 2.74,
            "roe_4q": 7.98,
            "gross_profit": 41065,
            "gross_margin": 74.77,
            "gross_margin_4q_avg": 64.85,
            "net_income": 8891,
            "net_income_4q": null,
            "revenue": 54920,
            "revenue_4q": null,
            "common_shares": 232833,
            "book_valuer_per_share": 14.09,
            "book_valuer_per_share_4q_avg": 13.92,
            "equity": 328168,
            "current_ratio": 312.93,
            "debt_ratio": 13.75,
            "inventory_turnover_ratio": 2.63,
            "account_receivable_turnover_ratio": null,
            "reinvestment_rate": null,
            "research_to_sale_ratio": null,
            "price_fair": 0,
            "eps_avg_yearly": 0,
            "eps_latest_yearly": 0,
            "eps_growth_yearly": 0
        },
        "20013": {
            "year_quarter": 20013,
            "year": 2001,
            "quarter": 3,
            "eps": 0.15,
            "eps_growth_year": null,
            "eps_4q": null,
            "eps_4q_growth_year": null,
            "roe": 1.18,
            "roe_4q": 9.16,
            "gross_profit": 37141,
            "gross_margin": 58.57,
            "gross_margin_4q_avg": 62.76,
            "net_income": 3894,
            "net_income_4q": null,
            "revenue": 63409,
            "revenue_4q": null,
            "common_shares": 257946,
            "book_valuer_per_share": 12.87,
            "book_valuer_per_share_4q_avg": 13.57,
            "equity": 332062,
            "current_ratio": 336.19,
            "debt_ratio": 13.39,
            "inventory_turnover_ratio": 4.64,
            "account_receivable_turnover_ratio": null,
            "reinvestment_rate": null,
            "research_to_sale_ratio": null,
            "price_fair": 0,
            "eps_avg_yearly": 0,
            "eps_latest_yearly": 0,
            "eps_growth_yearly": 0
        },
        "20014": {
            "year_quarter": 20014,
            "year": 2001,
            "quarter": 4,
            "eps": 0.28,
            "eps_growth_year": null,
            "eps_4q": 1.43,
            "eps_4q_growth_year": null,
            "roe": 2.12,
            "roe_4q": 11.280000000000001,
            "gross_profit": 32710,
            "gross_margin": 56.71,
            "gross_margin_4q_avg": 61.25,
            "net_income": 7111,
            "net_income_4q": null,
            "revenue": 57678,
            "revenue_4q": null,
            "common_shares": 257946,
            "book_valuer_per_share": 13.15,
            "book_valuer_per_share_4q_avg": 13.47,
            "equity": 339172,
            "current_ratio": 396.62,
            "debt_ratio": 11.89,
            "inventory_turnover_ratio": 7.45,
            "account_receivable_turnover_ratio": null,
            "reinvestment_rate": null,
            "research_to_sale_ratio": null,
            "price_fair": 0,
            "eps_avg_yearly": 0,
            "eps_latest_yearly": 0,
            "eps_growth_yearly": 0
        },
        "20021": {
            "year_quarter": 20021,
            "year": 2002,
            "quarter": 1,
            "eps": 0.14,
            "eps_growth_year": -80,
            "eps_4q": 0.89,
            "eps_4q_growth_year": null,
            "roe": 1.08,
            "roe_4q": 7.12,
            "gross_profit": 32538,
            "gross_margin": 65.22,
            "gross_margin_4q_avg": 63.82,
            "net_income": 3692,
            "net_income_4q": null,
            "revenue": 49893,
            "revenue_4q": null,
            "common_shares": 257946,
            "book_valuer_per_share": 13.29,
            "book_valuer_per_share_4q_avg": 13.35,
            "equity": 342865,
            "current_ratio": 566.96,
            "debt_ratio": 8.99,
            "inventory_turnover_ratio": 6.68,
            "account_receivable_turnover_ratio": null,
            "reinvestment_rate": null,
            "research_to_sale_ratio": null,
            "price_fair": 1.68,
            "eps_avg_yearly": 0.56,
            "eps_latest_yearly": 0.56,
            "eps_growth_yearly": -200
        },
        "20022": {
            "year_quarter": 20022,
            "year": 2002,
            "quarter": 2,
            "eps": -0.06,
            "eps_growth_year": -117.65,
            "eps_4q": 0.51,
            "eps_4q_growth_year": null,
            "roe": -0.47,
            "roe_4q": 3.91,
            "gross_profit": 33257,
            "gross_margin": 46.31,
            "gross_margin_4q_avg": 56.7,
            "net_income": -1609,
            "net_income_4q": null,
            "revenue": 71807,
            "revenue_4q": null,
            "common_shares": 257946,
            "book_valuer_per_share": 13.17,
            "book_valuer_per_share_4q_avg": 13.12,
            "equity": 339616,
            "current_ratio": 426.12,
            "debt_ratio": 11.75,
            "inventory_turnover_ratio": 5.87,
            "account_receivable_turnover_ratio": null,
            "reinvestment_rate": null,
            "research_to_sale_ratio": null,
            "price_fair": 1.68,
            "eps_avg_yearly": 0.56,
            "eps_latest_yearly": 0.56,
            "eps_growth_yearly": -200
        },
        "20023": {
            "year_quarter": 20023,
            "year": 2002,
            "quarter": 3,
            "eps": 0.09,
            "eps_growth_year": -40,
            "eps_4q": 0.4,
            "eps_4q_growth_year": null,
            "roe": 0.77,
            "roe_4q": 3.5,
            "gross_profit": 35919,
            "gross_margin": 60.44,
            "gross_margin_4q_avg": 57.17,
            "net_income": 2633,
            "net_income_4q": null,
            "revenue": 59427,
            "revenue_4q": null,
            "common_shares": 300000,
            "book_valuer_per_share": 11.41,
            "book_valuer_per_share_4q_avg": 12.76,
            "equity": 342250,
            "current_ratio": 350.58,
            "debt_ratio": 11.49,
            "inventory_turnover_ratio": 3.13,
            "account_receivable_turnover_ratio": null,
            "reinvestment_rate": null,
            "research_to_sale_ratio": null,
            "price_fair": 1.68,
            "eps_avg_yearly": 0.56,
            "eps_latest_yearly": 0.56,
            "eps_growth_yearly": -200
        },
        "20024": {
            "year_quarter": 20024,
            "year": 2002,
            "quarter": 4,
            "eps": 0.01,
            "eps_growth_year": -96.43,
            "eps_4q": 0.09,
            "eps_4q_growth_year": -93.37,
            "roe": 0.07,
            "roe_4q": 1.4500000000000002,
            "gross_profit": 33662,
            "gross_margin": 42.15,
            "gross_margin_4q_avg": 53.53,
            "net_income": 311,
            "net_income_4q": null,
            "revenue": 79864,
            "revenue_4q": null,
            "common_shares": 519932,
            "book_valuer_per_share": 11.46,
            "book_valuer_per_share_4q_avg": 12.33,
            "equity": 596273,
            "current_ratio": 487.64,
            "debt_ratio": 12.74,
            "inventory_turnover_ratio": 5.17,
            "account_receivable_turnover_ratio": null,
            "reinvestment_rate": null,
            "research_to_sale_ratio": null,
            "price_fair": 0.9,
            "eps_avg_yearly": 0.3,
            "eps_latest_yearly": 0.04,
            "eps_growth_yearly": -277.78
        },
        "20031": {
            "year_quarter": 20031,
            "year": 2003,
            "quarter": 1,
            "eps": 0.07,
            "eps_growth_year": -50,
            "eps_4q": 0.1,
            "eps_4q_growth_year": -89.38,
            "roe": 0.62,
            "roe_4q": 0.99,
            "gross_profit": 46686,
            "gross_margin": 69.65,
            "gross_margin_4q_avg": 54.64,
            "net_income": 3733,
            "net_income_4q": null,
            "revenue": 67026,
            "revenue_4q": null,
            "common_shares": 519932,
            "book_valuer_per_share": 11.53,
            "book_valuer_per_share_4q_avg": 11.89,
            "equity": 599523,
            "current_ratio": 542.45,
            "debt_ratio": 9.14,
            "inventory_turnover_ratio": 1.73,
            "account_receivable_turnover_ratio": null,
            "reinvestment_rate": null,
            "research_to_sale_ratio": null,
            "price_fair": 10.27,
            "eps_avg_yearly": 0.29,
            "eps_latest_yearly": 0.28,
            "eps_growth_yearly": 614.81
        },
        "20032": {
            "year_quarter": 20032,
            "year": 2003,
            "quarter": 2,
            "eps": -0.06,
            "eps_growth_year": null,
            "eps_4q": 0.07,
            "eps_4q_growth_year": -86.11,
            "roe": -0.5,
            "roe_4q": 0.96,
            "gross_profit": 46658,
            "gross_margin": 62.83,
            "gross_margin_4q_avg": 58.77,
            "net_income": -3014,
            "net_income_4q": null,
            "revenue": 74255,
            "revenue_4q": null,
            "common_shares": 519932,
            "book_valuer_per_share": 11.47,
            "book_valuer_per_share_4q_avg": 11.47,
            "equity": 596509,
            "current_ratio": 174.57,
            "debt_ratio": 21.07,
            "inventory_turnover_ratio": 2.85,
            "account_receivable_turnover_ratio": null,
            "reinvestment_rate": null,
            "research_to_sale_ratio": null,
            "price_fair": 10.27,
            "eps_avg_yearly": 0.29,
            "eps_latest_yearly": 0.28,
            "eps_growth_yearly": 614.81
        },
        "20033": {
            "year_quarter": 20033,
            "year": 2003,
            "quarter": 3,
            "eps": 0.39,
            "eps_growth_year": 333.33,
            "eps_4q": 0.41,
            "eps_4q_growth_year": 1.36,
            "roe": 3.35,
            "roe_4q": 3.54,
            "gross_profit": 48842,
            "gross_margin": 69.25,
            "gross_margin_4q_avg": 60.97,
            "net_income": 20319,
            "net_income_4q": null,
            "revenue": 70533,
            "revenue_4q": null,
            "common_shares": 519932,
            "book_valuer_per_share": 11.84,
            "book_valuer_per_share_4q_avg": 11.58,
            "equity": 615690,
            "current_ratio": 183.25,
            "debt_ratio": 19.53,
            "inventory_turnover_ratio": 1.9,
            "account_receivable_turnover_ratio": null,
            "reinvestment_rate": null,
            "research_to_sale_ratio": null,
            "price_fair": 10.27,
            "eps_avg_yearly": 0.29,
            "eps_latest_yearly": 0.28,
            "eps_growth_yearly": 614.81
        },
        "20034": {
            "year_quarter": 20034,
            "year": 2003,
            "quarter": 4,
            "eps": -0.34,
            "eps_growth_year": -3500,
            "eps_4q": 0.06,
            "eps_4q_growth_year": -38.07,
            "roe": -2.92,
            "roe_4q": 0.5500000000000002,
            "gross_profit": 48988,
            "gross_margin": 49.53,
            "gross_margin_4q_avg": 62.82,
            "net_income": -17724,
            "net_income_4q": null,
            "revenue": 98898,
            "revenue_4q": null,
            "common_shares": 519932,
            "book_valuer_per_share": 11.5,
            "book_valuer_per_share_4q_avg": 11.59,
            "equity": 598527,
            "current_ratio": 216.96,
            "debt_ratio": 22.92,
            "inventory_turnover_ratio": 3.37,
            "account_receivable_turnover_ratio": null,
            "reinvestment_rate": null,
            "research_to_sale_ratio": null,
            "price_fair": 10.27,
            "eps_avg_yearly": 0.29,
            "eps_latest_yearly": 0.28,
            "eps_growth_yearly": 614.81
        },
        "20041": {
            "year_quarter": 20041,
            "year": 2004,
            "quarter": 1,
            "eps": -0.18,
            "eps_growth_year": -357.14,
            "eps_4q": -0.19,
            "eps_4q_growth_year": -297.79,
            "roe": -1.6,
            "roe_4q": -1.6699999999999995,
            "gross_profit": 61581,
            "gross_margin": 69.52,
            "gross_margin_4q_avg": 62.78,
            "net_income": -9472,
            "net_income_4q": null,
            "revenue": 88583,
            "revenue_4q": null,
            "common_shares": 519932,
            "book_valuer_per_share": 11.32,
            "book_valuer_per_share_4q_avg": 11.53,
            "equity": 588568,
            "current_ratio": 162.29,
            "debt_ratio": 20.58,
            "inventory_turnover_ratio": 1.26,
            "account_receivable_turnover_ratio": null,
            "reinvestment_rate": null,
            "research_to_sale_ratio": null,
            "price_fair": 10.27,
            "eps_avg_yearly": 0.29,
            "eps_latest_yearly": 0.28,
            "eps_growth_yearly": 614.81
        },
        "20042": {
            "year_quarter": 20042,
            "year": 2004,
            "quarter": 2,
            "eps": -0.16,
            "eps_growth_year": null,
            "eps_4q": -0.29,
            "eps_4q_growth_year": -509.09,
            "roe": -1.39,
            "roe_4q": -2.56,
            "gross_profit": 34373,
            "gross_margin": 37.73,
            "gross_margin_4q_avg": 56.51,
            "net_income": -8108,
            "net_income_4q": null,
            "revenue": 91104,
            "revenue_4q": null,
            "common_shares": 519932,
            "book_valuer_per_share": 11.16,
            "book_valuer_per_share_4q_avg": 11.46,
            "equity": 580170,
            "current_ratio": 205.9,
            "debt_ratio": 18.18,
            "inventory_turnover_ratio": 2.38,
            "account_receivable_turnover_ratio": null,
            "reinvestment_rate": null,
            "research_to_sale_ratio": null,
            "price_fair": 10.27,
            "eps_avg_yearly": 0.29,
            "eps_latest_yearly": 0.28,
            "eps_growth_yearly": 614.81
        },
        "20043": {
            "year_quarter": 20043,
            "year": 2004,
            "quarter": 3,
            "eps": 0.25,
            "eps_growth_year": -35.9,
            "eps_4q": -0.42,
            "eps_4q_growth_year": -202.54,
            "roe": 2.24,
            "roe_4q": -3.67,
            "gross_profit": 48172,
            "gross_margin": 55.53,
            "gross_margin_4q_avg": 53.08,
            "net_income": 13170,
            "net_income_4q": null,
            "revenue": 86754,
            "revenue_4q": null,
            "common_shares": 519932,
            "book_valuer_per_share": 11.41,
            "book_valuer_per_share_4q_avg": 11.35,
            "equity": 593357,
            "current_ratio": 214.8,
            "debt_ratio": 21.59,
            "inventory_turnover_ratio": 2.09,
            "account_receivable_turnover_ratio": null,
            "reinvestment_rate": null,
            "research_to_sale_ratio": null,
            "price_fair": 10.27,
            "eps_avg_yearly": 0.29,
            "eps_latest_yearly": 0.28,
            "eps_growth_yearly": 614.81
        },
        "20044": {
            "year_quarter": 20044,
            "year": 2004,
            "quarter": 4,
            "eps": 0.12,
            "eps_growth_year": null,
            "eps_4q": 0.04,
            "eps_4q_growth_year": -32.28,
            "roe": 0.98,
            "roe_4q": 0.2300000000000002,
            "gross_profit": 61467,
            "gross_margin": 62.64,
            "gross_margin_4q_avg": 56.36,
            "net_income": 6589,
            "net_income_4q": null,
            "revenue": 98128,
            "revenue_4q": null,
            "common_shares": 686142,
            "book_valuer_per_share": 11.04,
            "book_valuer_per_share_4q_avg": 11.23,
            "equity": 757749,
            "current_ratio": 214.12,
            "debt_ratio": 13.86,
            "inventory_turnover_ratio": 2.28,
            "account_receivable_turnover_ratio": null,
            "reinvestment_rate": 112.96,
            "research_to_sale_ratio": null,
            "price_fair": 11.9,
            "eps_avg_yearly": 0.34,
            "eps_latest_yearly": 0.48,
            "eps_growth_yearly": 409.11
        },
        "20051": {
            "year_quarter": 20051,
            "year": 2005,
            "quarter": 1,
            "eps": -0.04,
            "eps_growth_year": null,
            "eps_4q": 0.15,
            "eps_4q_growth_year": null,
            "roe": -0.33,
            "roe_4q": 1.5000000000000002,
            "gross_profit": 41018,
            "gross_margin": 61.99,
            "gross_margin_4q_avg": 54.47,
            "net_income": -2448,
            "net_income_4q": null,
            "revenue": 66166,
            "revenue_4q": null,
            "common_shares": 686142,
            "book_valuer_per_share": 10.86,
            "book_valuer_per_share_4q_avg": 11.12,
            "equity": 744929,
            "current_ratio": 226.14,
            "debt_ratio": 12,
            "inventory_turnover_ratio": 1.54,
            "account_receivable_turnover_ratio": null,
            "reinvestment_rate": 168.92,
            "research_to_sale_ratio": null,
            "price_fair": 11.9,
            "eps_avg_yearly": 0.34,
            "eps_latest_yearly": 0.48,
            "eps_growth_yearly": 409.11
        },
        "20052": {
            "year_quarter": 20052,
            "year": 2005,
            "quarter": 2,
            "eps": 0.17,
            "eps_growth_year": null,
            "eps_4q": 0.42,
            "eps_4q_growth_year": null,
            "roe": 1.57,
            "roe_4q": 4.46,
            "gross_profit": 53696,
            "gross_margin": 53.77,
            "gross_margin_4q_avg": 58.48,
            "net_income": 11620,
            "net_income_4q": null,
            "revenue": 99870,
            "revenue_4q": null,
            "common_shares": 686142,
            "book_valuer_per_share": 10.72,
            "book_valuer_per_share_4q_avg": 11.01,
            "equity": 735290,
            "current_ratio": 211.75,
            "debt_ratio": 14.81,
            "inventory_turnover_ratio": 2.45,
            "account_receivable_turnover_ratio": null,
            "reinvestment_rate": 330.16,
            "research_to_sale_ratio": null,
            "price_fair": 11.9,
            "eps_avg_yearly": 0.34,
            "eps_latest_yearly": 0.48,
            "eps_growth_yearly": 409.11
        },
        "20053": {
            "year_quarter": 20053,
            "year": 2005,
            "quarter": 3,
            "eps": 0.1,
            "eps_growth_year": -60,
            "eps_4q": 0.33,
            "eps_4q_growth_year": null,
            "roe": 0.96,
            "roe_4q": 3.18,
            "gross_profit": 51804,
            "gross_margin": 48.55,
            "gross_margin_4q_avg": 56.74,
            "net_income": 6993,
            "net_income_4q": null,
            "revenue": 106713,
            "revenue_4q": null,
            "common_shares": 686142,
            "book_valuer_per_share": 10.61,
            "book_valuer_per_share_4q_avg": 10.81,
            "equity": 728297,
            "current_ratio": 203.45,
            "debt_ratio": 17.45,
            "inventory_turnover_ratio": 1.57,
            "account_receivable_turnover_ratio": null,
            "reinvestment_rate": 288.02,
            "research_to_sale_ratio": null,
            "price_fair": 12.32,
            "eps_avg_yearly": 0.35,
            "eps_latest_yearly": 0.4,
            "eps_growth_yearly": 294.35
        },
        "20054": {
            "year_quarter": 20054,
            "year": 2005,
            "quarter": 4,
            "eps": 0.26,
            "eps_growth_year": 116.67,
            "eps_4q": 0.49,
            "eps_4q_growth_year": 1143.79,
            "roe": 2.47,
            "roe_4q": 4.67,
            "gross_profit": 75867,
            "gross_margin": 67.12,
            "gross_margin_4q_avg": 57.86,
            "net_income": 17993,
            "net_income_4q": null,
            "revenue": 113032,
            "revenue_4q": null,
            "common_shares": 686142,
            "book_valuer_per_share": 10.57,
            "book_valuer_per_share_4q_avg": 10.69,
            "equity": 725817,
            "current_ratio": 217.03,
            "debt_ratio": 17.21,
            "inventory_turnover_ratio": 1.01,
            "account_receivable_turnover_ratio": null,
            "reinvestment_rate": 209.45,
            "research_to_sale_ratio": null,
            "price_fair": 16.33,
            "eps_avg_yearly": 0.47,
            "eps_latest_yearly": 1.04,
            "eps_growth_yearly": 351.96
        },
        "20061": {
            "year_quarter": 20061,
            "year": 2006,
            "quarter": 1,
            "eps": 0.22,
            "eps_growth_year": null,
            "eps_4q": 0.76,
            "eps_4q_growth_year": 405.97,
            "roe": 2,
            "roe_4q": 7.000000000000001,
            "gross_profit": 59889,
            "gross_margin": 54.9,
            "gross_margin_4q_avg": 56.09,
            "net_income": 14890,
            "net_income_4q": null,
            "revenue": 109087,
            "revenue_4q": null,
            "common_shares": 686142,
            "book_valuer_per_share": 11.07,
            "book_valuer_per_share_4q_avg": 10.74,
            "equity": 759902,
            "current_ratio": 297.72,
            "debt_ratio": 12.31,
            "inventory_turnover_ratio": 1.91,
            "account_receivable_turnover_ratio": null,
            "reinvestment_rate": 94.66,
            "research_to_sale_ratio": null,
            "price_fair": 18.2,
            "eps_avg_yearly": 0.52,
            "eps_latest_yearly": 0.88,
            "eps_growth_yearly": 375.03
        },
        "20062": {
            "year_quarter": 20062,
            "year": 2006,
            "quarter": 2,
            "eps": -0.01,
            "eps_growth_year": -105.88,
            "eps_4q": 0.57,
            "eps_4q_growth_year": 35.52,
            "roe": -0.07,
            "roe_4q": 5.36,
            "gross_profit": 44756,
            "gross_margin": 48.71,
            "gross_margin_4q_avg": 54.82,
            "net_income": -518,
            "net_income_4q": null,
            "revenue": 91883,
            "revenue_4q": null,
            "common_shares": 686142,
            "book_valuer_per_share": 10.91,
            "book_valuer_per_share_4q_avg": 10.79,
            "equity": 748856,
            "current_ratio": 310.9,
            "debt_ratio": 12.16,
            "inventory_turnover_ratio": 1.81,
            "account_receivable_turnover_ratio": null,
            "reinvestment_rate": 89.87,
            "research_to_sale_ratio": null,
            "price_fair": 18.2,
            "eps_avg_yearly": 0.52,
            "eps_latest_yearly": 0.88,
            "eps_growth_yearly": 375.03
        },
        "20063": {
            "year_quarter": 20063,
            "year": 2006,
            "quarter": 3,
            "eps": 0.33,
            "eps_growth_year": 230,
            "eps_4q": 0.8,
            "eps_4q_growth_year": 144.76,
            "roe": 2.9,
            "roe_4q": 7.300000000000001,
            "gross_profit": 52960,
            "gross_margin": 50.32,
            "gross_margin_4q_avg": 55.26,
            "net_income": 22900,
            "net_income_4q": null,
            "revenue": 105245,
            "revenue_4q": null,
            "common_shares": 686142,
            "book_valuer_per_share": 12.12,
            "book_valuer_per_share_4q_avg": 11.17,
            "equity": 831634,
            "current_ratio": 291.83,
            "debt_ratio": 12.18,
            "inventory_turnover_ratio": 1.99,
            "account_receivable_turnover_ratio": null,
            "reinvestment_rate": 62.64,
            "research_to_sale_ratio": null,
            "price_fair": 18.2,
            "eps_avg_yearly": 0.52,
            "eps_latest_yearly": 0.88,
            "eps_growth_yearly": 375.03
        },
        "20064": {
            "year_quarter": 20064,
            "year": 2006,
            "quarter": 4,
            "eps": 0.17,
            "eps_growth_year": -34.62,
            "eps_4q": 0.71,
            "eps_4q_growth_year": 43.32,
            "roe": 1.4,
            "roe_4q": 6.2299999999999995,
            "gross_profit": 64609,
            "gross_margin": 58.48,
            "gross_margin_4q_avg": 53.1,
            "net_income": 11790,
            "net_income_4q": null,
            "revenue": 110479,
            "revenue_4q": null,
            "common_shares": 686142,
            "book_valuer_per_share": 12.4,
            "book_valuer_per_share_4q_avg": 11.63,
            "equity": 851292,
            "current_ratio": 184.37,
            "debt_ratio": 21.56,
            "inventory_turnover_ratio": 2.45,
            "account_receivable_turnover_ratio": null,
            "reinvestment_rate": 105.99,
            "research_to_sale_ratio": null,
            "price_fair": 21.93,
            "eps_avg_yearly": 0.63,
            "eps_latest_yearly": 0.68,
            "eps_growth_yearly": 401.97
        },
        "20071": {
            "year_quarter": 20071,
            "year": 2007,
            "quarter": 1,
            "eps": 0.04,
            "eps_growth_year": -81.82,
            "eps_4q": 0.59,
            "eps_4q_growth_year": -21.8,
            "roe": 0.28,
            "roe_4q": 4.51,
            "gross_profit": 49956,
            "gross_margin": 71.67,
            "gross_margin_4q_avg": 57.3,
            "net_income": 2463,
            "net_income_4q": null,
            "revenue": 69698,
            "revenue_4q": null,
            "common_shares": 686142,
            "book_valuer_per_share": 12.9,
            "book_valuer_per_share_4q_avg": 12.08,
            "equity": 884919,
            "current_ratio": 196.44,
            "debt_ratio": 18.08,
            "inventory_turnover_ratio": 1.03,
            "account_receivable_turnover_ratio": null,
            "reinvestment_rate": 92.8,
            "research_to_sale_ratio": null,
            "price_fair": 1.82,
            "eps_avg_yearly": 0.61,
            "eps_latest_yearly": 0.16,
            "eps_growth_yearly": -49.01
        },
        "20072": {
            "year_quarter": 20072,
            "year": 2007,
            "quarter": 2,
            "eps": 0.16,
            "eps_growth_year": null,
            "eps_4q": 0.71,
            "eps_4q_growth_year": 24.22,
            "roe": 1.22,
            "roe_4q": 5.8,
            "gross_profit": 46790,
            "gross_margin": 67.3,
            "gross_margin_4q_avg": 61.94,
            "net_income": 10758,
            "net_income_4q": null,
            "revenue": 69527,
            "revenue_4q": null,
            "common_shares": 686142,
            "book_valuer_per_share": 12.74,
            "book_valuer_per_share_4q_avg": 12.54,
            "equity": 874405,
            "current_ratio": 200.13,
            "debt_ratio": 17.5,
            "inventory_turnover_ratio": 0.83,
            "account_receivable_turnover_ratio": null,
            "reinvestment_rate": 11.29,
            "research_to_sale_ratio": null,
            "price_fair": 21.4,
            "eps_avg_yearly": 0.61,
            "eps_latest_yearly": 0.64,
            "eps_growth_yearly": 129.42
        },
        "20073": {
            "year_quarter": 20073,
            "year": 2007,
            "quarter": 3,
            "eps": 0.06,
            "eps_growth_year": -81.82,
            "eps_4q": 0.4,
            "eps_4q_growth_year": -49.46,
            "roe": 0.5,
            "roe_4q": 3.4,
            "gross_profit": 52877,
            "gross_margin": 60.84,
            "gross_margin_4q_avg": 64.57,
            "net_income": 4381,
            "net_income_4q": null,
            "revenue": 86908,
            "revenue_4q": null,
            "common_shares": 686142,
            "book_valuer_per_share": 12.82,
            "book_valuer_per_share_4q_avg": 12.72,
            "equity": 879920,
            "current_ratio": 193.69,
            "debt_ratio": 18.77,
            "inventory_turnover_ratio": 1.48,
            "account_receivable_turnover_ratio": null,
            "reinvestment_rate": -43.84,
            "research_to_sale_ratio": null,
            "price_fair": 19.78,
            "eps_avg_yearly": 0.57,
            "eps_latest_yearly": 0.24,
            "eps_growth_yearly": 81.99
        },
        "20074": {
            "year_quarter": 20074,
            "year": 2007,
            "quarter": 4,
            "eps": 0.52,
            "eps_growth_year": 205.88,
            "eps_4q": 0.77,
            "eps_4q_growth_year": 8.27,
            "roe": 4.21,
            "roe_4q": 6.21,
            "gross_profit": 52090,
            "gross_margin": 66.26,
            "gross_margin_4q_avg": 66.52,
            "net_income": 37216,
            "net_income_4q": null,
            "revenue": 78610,
            "revenue_4q": null,
            "common_shares": 718431,
            "book_valuer_per_share": 12.36,
            "book_valuer_per_share_4q_avg": 12.71,
            "equity": 888227,
            "current_ratio": 662.95,
            "debt_ratio": 11.61,
            "inventory_turnover_ratio": 1.83,
            "account_receivable_turnover_ratio": null,
            "reinvestment_rate": -68.06,
            "research_to_sale_ratio": null,
            "price_fair": 25.67,
            "eps_avg_yearly": 0.73,
            "eps_latest_yearly": 2.08,
            "eps_growth_yearly": 413.62
        },
        "20081": {
            "year_quarter": 20081,
            "year": 2008,
            "quarter": 1,
            "eps": 0.63,
            "eps_growth_year": 1475,
            "eps_4q": 1.38,
            "eps_4q_growth_year": 131.98,
            "roe": 4.94,
            "roe_4q": 10.870000000000001,
            "gross_profit": 56651,
            "gross_margin": 69.03,
            "gross_margin_4q_avg": 65.86,
            "net_income": 43969,
            "net_income_4q": null,
            "revenue": 82065,
            "revenue_4q": null,
            "common_shares": 718431,
            "book_valuer_per_share": 12.41,
            "book_valuer_per_share_4q_avg": 12.58,
            "equity": 891892,
            "current_ratio": 928.88,
            "debt_ratio": 8.82,
            "inventory_turnover_ratio": 2.79,
            "account_receivable_turnover_ratio": null,
            "reinvestment_rate": -46.85,
            "research_to_sale_ratio": null,
            "price_fair": 31.92,
            "eps_avg_yearly": 0.91,
            "eps_latest_yearly": 2.52,
            "eps_growth_yearly": 380.72
        },
        "20082": {
            "year_quarter": 20082,
            "year": 2008,
            "quarter": 2,
            "eps": -0.02,
            "eps_growth_year": -112.5,
            "eps_4q": 1.26,
            "eps_4q_growth_year": 76.36,
            "roe": -0.14,
            "roe_4q": 9.510000000000002,
            "gross_profit": 47912,
            "gross_margin": 67.09,
            "gross_margin_4q_avg": 65.81,
            "net_income": -1201,
            "net_income_4q": null,
            "revenue": 71419,
            "revenue_4q": null,
            "common_shares": 671473,
            "book_valuer_per_share": 12.49,
            "book_valuer_per_share_4q_avg": 12.52,
            "equity": 838703,
            "current_ratio": 611.35,
            "debt_ratio": 12.29,
            "inventory_turnover_ratio": 2.79,
            "account_receivable_turnover_ratio": null,
            "reinvestment_rate": -42.41,
            "research_to_sale_ratio": null,
            "price_fair": 31.92,
            "eps_avg_yearly": 0.91,
            "eps_latest_yearly": 2.52,
            "eps_growth_yearly": 380.72
        },
        "20083": {
            "year_quarter": 20083,
            "year": 2008,
            "quarter": 3,
            "eps": 0.08,
            "eps_growth_year": 33.33,
            "eps_4q": 1.19,
            "eps_4q_growth_year": 194.71,
            "roe": 0.69,
            "roe_4q": 9.7,
            "gross_profit": 46438,
            "gross_margin": 63.5,
            "gross_margin_4q_avg": 66.47,
            "net_income": 5785,
            "net_income_4q": null,
            "revenue": 73136,
            "revenue_4q": null,
            "common_shares": 692603,
            "book_valuer_per_share": 11.97,
            "book_valuer_per_share_4q_avg": 12.31,
            "equity": 829247,
            "current_ratio": 526.94,
            "debt_ratio": 13.97,
            "inventory_turnover_ratio": 2.54,
            "account_receivable_turnover_ratio": null,
            "reinvestment_rate": -41.67,
            "research_to_sale_ratio": null,
            "price_fair": 31.92,
            "eps_avg_yearly": 0.91,
            "eps_latest_yearly": 2.52,
            "eps_growth_yearly": 380.72
        },
        "20084": {
            "year_quarter": 20084,
            "year": 2008,
            "quarter": 4,
            "eps": -0.74,
            "eps_growth_year": -242.31,
            "eps_4q": -0.04,
            "eps_4q_growth_year": -105.22,
            "roe": -6.38,
            "roe_4q": -0.8899999999999988,
            "gross_profit": 45537,
            "gross_margin": 72.71,
            "gross_margin_4q_avg": 68.08,
            "net_income": -50983,
            "net_income_4q": null,
            "revenue": 62631,
            "revenue_4q": null,
            "common_shares": 692603,
            "book_valuer_per_share": 11.09,
            "book_valuer_per_share_4q_avg": 11.99,
            "equity": 768170,
            "current_ratio": 1042.88,
            "debt_ratio": 7.9,
            "inventory_turnover_ratio": 1.5,
            "account_receivable_turnover_ratio": 6.04,
            "reinvestment_rate": -57.88,
            "research_to_sale_ratio": null,
            "price_fair": 33.6,
            "eps_avg_yearly": 0.96,
            "eps_latest_yearly": 2.52,
            "eps_growth_yearly": 446.14
        },
        "20091": {
            "year_quarter": 20091,
            "year": 2009,
            "quarter": 1,
            "eps": 0.09,
            "eps_growth_year": -85.71,
            "eps_4q": -0.62,
            "eps_4q_growth_year": -144.6,
            "roe": 0.77,
            "roe_4q": -5.06,
            "gross_profit": 43940,
            "gross_margin": 70.89,
            "gross_margin_4q_avg": 68.55,
            "net_income": 5920,
            "net_income_4q": null,
            "revenue": 61980,
            "revenue_4q": null,
            "common_shares": 664073,
            "book_valuer_per_share": 11.65,
            "book_valuer_per_share_4q_avg": 11.8,
            "equity": 774149,
            "current_ratio": 1333,
            "debt_ratio": 6.7,
            "inventory_turnover_ratio": 2.43,
            "account_receivable_turnover_ratio": 3.3,
            "reinvestment_rate": -52.76,
            "research_to_sale_ratio": null,
            "price_fair": 33.6,
            "eps_avg_yearly": 0.96,
            "eps_latest_yearly": 2.52,
            "eps_growth_yearly": 446.14
        },
        "20092": {
            "year_quarter": 20092,
            "year": 2009,
            "quarter": 2,
            "eps": 0.41,
            "eps_growth_year": null,
            "eps_4q": -0.18,
            "eps_4q_growth_year": -114.02,
            "roe": 3.44,
            "roe_4q": -1.48,
            "gross_profit": 53330,
            "gross_margin": 78.32,
            "gross_margin_4q_avg": 71.36,
            "net_income": 27528,
            "net_income_4q": null,
            "revenue": 68089,
            "revenue_4q": null,
            "common_shares": 664073,
            "book_valuer_per_share": 12.41,
            "book_valuer_per_share_4q_avg": 11.78,
            "equity": 824457,
            "current_ratio": 1052.13,
            "debt_ratio": 8,
            "inventory_turnover_ratio": 3.08,
            "account_receivable_turnover_ratio": 3.81,
            "reinvestment_rate": -43.41,
            "research_to_sale_ratio": null,
            "price_fair": 35.98,
            "eps_avg_yearly": 1.03,
            "eps_latest_yearly": 1.64,
            "eps_growth_yearly": 543.74
        },
        "20093": {
            "year_quarter": 20093,
            "year": 2009,
            "quarter": 3,
            "eps": -0.04,
            "eps_growth_year": -150,
            "eps_4q": -0.3,
            "eps_4q_growth_year": -125.56,
            "roe": -0.3,
            "roe_4q": -2.4699999999999998,
            "gross_profit": 39719,
            "gross_margin": 61.89,
            "gross_margin_4q_avg": 70.95,
            "net_income": -2485,
            "net_income_4q": null,
            "revenue": 64177,
            "revenue_4q": null,
            "common_shares": 664073,
            "book_valuer_per_share": 12.31,
            "book_valuer_per_share_4q_avg": 11.87,
            "equity": 817751,
            "current_ratio": 803.27,
            "debt_ratio": 9.19,
            "inventory_turnover_ratio": 4.46,
            "account_receivable_turnover_ratio": 2.94,
            "reinvestment_rate": -41.93,
            "research_to_sale_ratio": null,
            "price_fair": 38.42,
            "eps_avg_yearly": 1.1,
            "eps_latest_yearly": 1.64,
            "eps_growth_yearly": 622.46
        },
        "20094": {
            "year_quarter": 20094,
            "year": 2009,
            "quarter": 4,
            "eps": 0.11,
            "eps_growth_year": null,
            "eps_4q": 0.57,
            "eps_4q_growth_year": null,
            "roe": 0.9,
            "roe_4q": 4.8100000000000005,
            "gross_profit": 56666,
            "gross_margin": 72.63,
            "gross_margin_4q_avg": 70.93,
            "net_income": 7438,
            "net_income_4q": null,
            "revenue": 78018,
            "revenue_4q": null,
            "common_shares": 665850,
            "book_valuer_per_share": 12.43,
            "book_valuer_per_share_4q_avg": 12.2,
            "equity": 827900,
            "current_ratio": 522.8,
            "debt_ratio": 14.6,
            "inventory_turnover_ratio": 1.67,
            "account_receivable_turnover_ratio": 9.16,
            "reinvestment_rate": 126.82,
            "research_to_sale_ratio": null,
            "price_fair": 38.68,
            "eps_avg_yearly": 1.11,
            "eps_latest_yearly": 1.64,
            "eps_growth_yearly": 620.27
        },
        "20101": {
            "year_quarter": 20101,
            "year": 2010,
            "quarter": 1,
            "eps": 0.08,
            "eps_growth_year": -11.11,
            "eps_4q": 0.56,
            "eps_4q_growth_year": null,
            "roe": 0.67,
            "roe_4q": 4.71,
            "gross_profit": 45500,
            "gross_margin": 58.18,
            "gross_margin_4q_avg": 67.76,
            "net_income": 5567,
            "net_income_4q": null,
            "revenue": 78207,
            "revenue_4q": null,
            "common_shares": 672367,
            "book_valuer_per_share": 12.21,
            "book_valuer_per_share_4q_avg": 12.34,
            "equity": 822629,
            "current_ratio": 856.16,
            "debt_ratio": 9.49,
            "inventory_turnover_ratio": 1.75,
            "account_receivable_turnover_ratio": 3.84,
            "reinvestment_rate": 166.74,
            "research_to_sale_ratio": 26.54,
            "price_fair": 36.23,
            "eps_avg_yearly": 1.04,
            "eps_latest_yearly": 0.32,
            "eps_growth_yearly": 614.32
        },
        "20102": {
            "year_quarter": 20102,
            "year": 2010,
            "quarter": 2,
            "eps": 0.06,
            "eps_growth_year": -85.28,
            "eps_4q": 0.21,
            "eps_4q_growth_year": null,
            "roe": 0.51,
            "roe_4q": 1.78,
            "gross_profit": 43704,
            "gross_margin": 61.04,
            "gross_margin_4q_avg": 63.44,
            "net_income": 4072,
            "net_income_4q": null,
            "revenue": 71600,
            "revenue_4q": null,
            "common_shares": 675342,
            "book_valuer_per_share": 11.54,
            "book_valuer_per_share_4q_avg": 12.12,
            "equity": 779580,
            "current_ratio": 559.81,
            "debt_ratio": 13.5,
            "inventory_turnover_ratio": 1.91,
            "account_receivable_turnover_ratio": 3.38,
            "reinvestment_rate": 157.53,
            "research_to_sale_ratio": 24.74,
            "price_fair": 33.13,
            "eps_avg_yearly": 0.95,
            "eps_latest_yearly": 0.24,
            "eps_growth_yearly": 534.95
        },
        "20103": {
            "year_quarter": 20103,
            "year": 2010,
            "quarter": 3,
            "eps": 0.19,
            "eps_growth_year": null,
            "eps_4q": 0.44,
            "eps_4q_growth_year": null,
            "roe": 1.6,
            "roe_4q": 3.68,
            "gross_profit": 43975,
            "gross_margin": 53.01,
            "gross_margin_4q_avg": 61.22,
            "net_income": 12677,
            "net_income_4q": null,
            "revenue": 82951,
            "revenue_4q": null,
            "common_shares": 678027,
            "book_valuer_per_share": 11.93,
            "book_valuer_per_share_4q_avg": 12.03,
            "equity": 809610,
            "current_ratio": 1112.01,
            "debt_ratio": 7.75,
            "inventory_turnover_ratio": 4.34,
            "account_receivable_turnover_ratio": 3.24,
            "reinvestment_rate": 176.02,
            "research_to_sale_ratio": 22.73,
            "price_fair": 32.48,
            "eps_avg_yearly": 0.93,
            "eps_latest_yearly": 0.76,
            "eps_growth_yearly": 568.13
        },
        "20104": {
            "year_quarter": 20104,
            "year": 2010,
            "quarter": 4,
            "eps": 0.15,
            "eps_growth_year": 40.85,
            "eps_4q": 0.48,
            "eps_4q_growth_year": -15.39,
            "roe": 1.27,
            "roe_4q": 4.05,
            "gross_profit": 46765,
            "gross_margin": 66.74,
            "gross_margin_4q_avg": 59.74,
            "net_income": 10486,
            "net_income_4q": null,
            "revenue": 70068,
            "revenue_4q": null,
            "common_shares": 678097,
            "book_valuer_per_share": 12.46,
            "book_valuer_per_share_4q_avg": 12.04,
            "equity": 844806,
            "current_ratio": 704.95,
            "debt_ratio": 11.37,
            "inventory_turnover_ratio": 3.59,
            "account_receivable_turnover_ratio": 2.79,
            "reinvestment_rate": 128.37,
            "research_to_sale_ratio": 24.16,
            "price_fair": 32.2,
            "eps_avg_yearly": 0.92,
            "eps_latest_yearly": 0.6,
            "eps_growth_yearly": 579.1
        },
        "20111": {
            "year_quarter": 20111,
            "year": 2011,
            "quarter": 1,
            "eps": 0.14,
            "eps_growth_year": 75,
            "eps_4q": 0.53,
            "eps_4q_growth_year": -4.52,
            "roe": 1.12,
            "roe_4q": 4.5,
            "gross_profit": 44290,
            "gross_margin": 62.12,
            "gross_margin_4q_avg": 60.73,
            "net_income": 9417,
            "net_income_4q": null,
            "revenue": 71298,
            "revenue_4q": null,
            "common_shares": 686308,
            "book_valuer_per_share": 12.28,
            "book_valuer_per_share_4q_avg": 12.05,
            "equity": 843092,
            "current_ratio": 982.73,
            "debt_ratio": 8.63,
            "inventory_turnover_ratio": 4.81,
            "account_receivable_turnover_ratio": 3.32,
            "reinvestment_rate": 121.48,
            "research_to_sale_ratio": 25.59,
            "price_fair": 33.6,
            "eps_avg_yearly": 0.96,
            "eps_latest_yearly": 0.56,
            "eps_growth_yearly": 607.02
        },
        "20112": {
            "year_quarter": 20112,
            "year": 2011,
            "quarter": 2,
            "eps": 0.13,
            "eps_growth_year": 121.52,
            "eps_4q": 0.61,
            "eps_4q_growth_year": 186.42,
            "roe": 1.11,
            "roe_4q": 5.1000000000000005,
            "gross_profit": 46068,
            "gross_margin": 58.61,
            "gross_margin_4q_avg": 60.12,
            "net_income": 9210,
            "net_income_4q": null,
            "revenue": 78607,
            "revenue_4q": null,
            "common_shares": 689053,
            "book_valuer_per_share": 11.85,
            "book_valuer_per_share_4q_avg": 12.13,
            "equity": 816189,
            "current_ratio": 529.7,
            "debt_ratio": 14.49,
            "inventory_turnover_ratio": 1.61,
            "account_receivable_turnover_ratio": 2.22,
            "reinvestment_rate": 162.91,
            "research_to_sale_ratio": 22.56,
            "price_fair": 33.18,
            "eps_avg_yearly": 0.95,
            "eps_latest_yearly": 0.52,
            "eps_growth_yearly": 484.16
        },
        "20113": {
            "year_quarter": 20113,
            "year": 2011,
            "quarter": 3,
            "eps": -0.05,
            "eps_growth_year": -128.54,
            "eps_4q": 0.37,
            "eps_4q_growth_year": -15.35,
            "roe": -0.46,
            "roe_4q": 3.04,
            "gross_profit": 38077,
            "gross_margin": 51.79,
            "gross_margin_4q_avg": 59.82,
            "net_income": -3688,
            "net_income_4q": null,
            "revenue": 73526,
            "revenue_4q": null,
            "common_shares": 690268,
            "book_valuer_per_share": 11.62,
            "book_valuer_per_share_4q_avg": 12.05,
            "equity": 801953,
            "current_ratio": 1065.66,
            "debt_ratio": 7.89,
            "inventory_turnover_ratio": 1.8,
            "account_receivable_turnover_ratio": 1.38,
            "reinvestment_rate": 173.16,
            "research_to_sale_ratio": 23.45,
            "price_fair": 35.93,
            "eps_avg_yearly": 1.03,
            "eps_latest_yearly": 0.52,
            "eps_growth_yearly": 565.74
        },
        "20114": {
            "year_quarter": 20114,
            "year": 2011,
            "quarter": 4,
            "eps": -0.11,
            "eps_growth_year": -169,
            "eps_4q": 0.12,
            "eps_4q_growth_year": -76.04,
            "roe": -0.91,
            "roe_4q": 0.8600000000000001,
            "gross_profit": 37424,
            "gross_margin": 66.28,
            "gross_margin_4q_avg": 59.7,
            "net_income": -7166,
            "net_income_4q": null,
            "revenue": 56460,
            "revenue_4q": null,
            "common_shares": 690268,
            "book_valuer_per_share": 11.54,
            "book_valuer_per_share_4q_avg": 11.82,
            "equity": 773528,
            "current_ratio": 1025.67,
            "debt_ratio": 8.15,
            "inventory_turnover_ratio": 3.57,
            "account_receivable_turnover_ratio": 1.29,
            "reinvestment_rate": 326.21,
            "research_to_sale_ratio": 29.04,
            "price_fair": 31.33,
            "eps_avg_yearly": 0.9,
            "eps_latest_yearly": 0.52,
            "eps_growth_yearly": 253.12
        },
        "20121": {
            "year_quarter": 20121,
            "year": 2012,
            "quarter": 1,
            "eps": 0.02,
            "eps_growth_year": -85.71,
            "eps_4q": -0.01,
            "eps_4q_growth_year": -101.06,
            "roe": 0.16,
            "roe_4q": -0.09999999999999987,
            "gross_profit": 36663,
            "gross_margin": 67.18,
            "gross_margin_4q_avg": 60.97,
            "net_income": 1264,
            "net_income_4q": null,
            "revenue": 54571,
            "revenue_4q": null,
            "common_shares": 690268,
            "book_valuer_per_share": 11.46,
            "book_valuer_per_share_4q_avg": 11.62,
            "equity": 768000,
            "current_ratio": 1271.3,
            "debt_ratio": 6.99,
            "inventory_turnover_ratio": 3.75,
            "account_receivable_turnover_ratio": 2.3,
            "reinvestment_rate": 843.6,
            "research_to_sale_ratio": 31.63,
            "price_fair": 23.2,
            "eps_avg_yearly": 0.66,
            "eps_latest_yearly": 0.52,
            "eps_growth_yearly": 277.19
        },
        "20122": {
            "year_quarter": 20122,
            "year": 2012,
            "quarter": 2,
            "eps": -0.06,
            "eps_growth_year": -143.05,
            "eps_4q": -0.2,
            "eps_4q_growth_year": -133.05,
            "roe": -0.51,
            "roe_4q": -1.72,
            "gross_profit": 35607,
            "gross_margin": 68.48,
            "gross_margin_4q_avg": 63.43,
            "net_income": -3857,
            "net_income_4q": null,
            "revenue": 51997,
            "revenue_4q": null,
            "common_shares": 690268,
            "book_valuer_per_share": 11.24,
            "book_valuer_per_share_4q_avg": 11.47,
            "equity": 753089,
            "current_ratio": 945.95,
            "debt_ratio": 8.65,
            "inventory_turnover_ratio": 6.58,
            "account_receivable_turnover_ratio": 2.17,
            "reinvestment_rate": 898.54,
            "research_to_sale_ratio": 32.75,
            "price_fair": 23.2,
            "eps_avg_yearly": 0.66,
            "eps_latest_yearly": 0.52,
            "eps_growth_yearly": 277.19
        },
        "20123": {
            "year_quarter": 20123,
            "year": 2012,
            "quarter": 3,
            "eps": -0.12,
            "eps_growth_year": null,
            "eps_4q": -0.27,
            "eps_4q_growth_year": -172.1,
            "roe": -1.07,
            "roe_4q": -2.33,
            "gross_profit": 36909,
            "gross_margin": 68.03,
            "gross_margin_4q_avg": 67.49,
            "net_income": -8056,
            "net_income_4q": null,
            "revenue": 54255,
            "revenue_4q": null,
            "common_shares": 690268,
            "book_valuer_per_share": 11.19,
            "book_valuer_per_share_4q_avg": 11.36,
            "equity": 749767,
            "current_ratio": 785.26,
            "debt_ratio": 8.88,
            "inventory_turnover_ratio": 10.57,
            "account_receivable_turnover_ratio": 2.05,
            "reinvestment_rate": 2022.96,
            "research_to_sale_ratio": 37.67,
            "price_fair": 23.2,
            "eps_avg_yearly": 0.66,
            "eps_latest_yearly": 0.52,
            "eps_growth_yearly": 277.19
        },
        "20124": {
            "year_quarter": 20124,
            "year": 2012,
            "quarter": 4,
            "eps": 0.2,
            "eps_growth_year": null,
            "eps_4q": 0.04,
            "eps_4q_growth_year": -64.72,
            "roe": 1.75,
            "roe_4q": 0.32999999999999996,
            "gross_profit": 61329,
            "gross_margin": 74.26,
            "gross_margin_4q_avg": 69.49,
            "net_income": 13386,
            "net_income_4q": null,
            "revenue": 82585,
            "revenue_4q": null,
            "common_shares": 690268,
            "book_valuer_per_share": 11.4,
            "book_valuer_per_share_4q_avg": 11.32,
            "equity": 780100,
            "current_ratio": 749.22,
            "debt_ratio": 9.35,
            "inventory_turnover_ratio": 9.36,
            "account_receivable_turnover_ratio": 2.3,
            "reinvestment_rate": 447.57,
            "research_to_sale_ratio": 24.8,
            "price_fair": 23.2,
            "eps_avg_yearly": 0.66,
            "eps_latest_yearly": 0.52,
            "eps_growth_yearly": 277.19
        },
        "20131": {
            "year_quarter": 20131,
            "year": 2013,
            "quarter": 1,
            "eps": -0.06,
            "eps_growth_year": -400,
            "eps_4q": -0.04,
            "eps_4q_growth_year": null,
            "roe": -0.61,
            "roe_4q": -0.43999999999999995,
            "gross_profit": 41897,
            "gross_margin": 67.45,
            "gross_margin_4q_avg": 69.56,
            "net_income": -4675,
            "net_income_4q": null,
            "revenue": 62118,
            "revenue_4q": null,
            "common_shares": 690268,
            "book_valuer_per_share": 11.46,
            "book_valuer_per_share_4q_avg": 11.32,
            "equity": 761407,
            "current_ratio": 750.62,
            "debt_ratio": 8.67,
            "inventory_turnover_ratio": 3.87,
            "account_receivable_turnover_ratio": 1.2,
            "reinvestment_rate": 208.43,
            "research_to_sale_ratio": 37.44,
            "price_fair": 23.2,
            "eps_avg_yearly": 0.66,
            "eps_latest_yearly": 0.52,
            "eps_growth_yearly": 277.19
        },
        "20132": {
            "year_quarter": 20132,
            "year": 2013,
            "quarter": 2,
            "eps": -0.07,
            "eps_growth_year": null,
            "eps_4q": -0.05,
            "eps_4q_growth_year": null,
            "roe": -0.78,
            "roe_4q": -0.7100000000000002,
            "gross_profit": 43842,
            "gross_margin": 64.72,
            "gross_margin_4q_avg": 68.62,
            "net_income": -5876,
            "net_income_4q": null,
            "revenue": 67738,
            "revenue_4q": null,
            "common_shares": 690268,
            "book_valuer_per_share": 11.34,
            "book_valuer_per_share_4q_avg": 11.35,
            "equity": 751410,
            "current_ratio": 599.54,
            "debt_ratio": 10.45,
            "inventory_turnover_ratio": 3.95,
            "account_receivable_turnover_ratio": 1.19,
            "reinvestment_rate": 452.79,
            "research_to_sale_ratio": 36.17,
            "price_fair": 17.5,
            "eps_avg_yearly": 0.5,
            "eps_latest_yearly": 0.52,
            "eps_growth_yearly": 86.35
        },
        "20133": {
            "year_quarter": 20133,
            "year": 2013,
            "quarter": 3,
            "eps": -0.03,
            "eps_growth_year": null,
            "eps_4q": 0.04,
            "eps_4q_growth_year": null,
            "roe": -0.17,
            "roe_4q": 0.18999999999999995,
            "gross_profit": 52444,
            "gross_margin": 65.52,
            "gross_margin_4q_avg": 67.99,
            "net_income": -1256,
            "net_income_4q": null,
            "revenue": 80048,
            "revenue_4q": null,
            "common_shares": 690268,
            "book_valuer_per_share": 11.34,
            "book_valuer_per_share_4q_avg": 11.39,
            "equity": 751944,
            "current_ratio": 751.23,
            "debt_ratio": 9.49,
            "inventory_turnover_ratio": 4.68,
            "account_receivable_turnover_ratio": 1.2,
            "reinvestment_rate": 316.54,
            "research_to_sale_ratio": 33.33,
            "price_fair": 17.5,
            "eps_avg_yearly": 0.5,
            "eps_latest_yearly": 0.52,
            "eps_growth_yearly": 86.35
        },
        "20134": {
            "year_quarter": 20134,
            "year": 2013,
            "quarter": 4,
            "eps": 0.18,
            "eps_growth_year": -10.85,
            "eps_4q": 0.01,
            "eps_4q_growth_year": -66.51,
            "roe": 1.44,
            "roe_4q": -0.12,
            "gross_profit": 62276,
            "gross_margin": 79.61,
            "gross_margin_4q_avg": 69.33,
            "net_income": 10920,
            "net_income_4q": null,
            "revenue": 78225,
            "revenue_4q": null,
            "common_shares": 690268,
            "book_valuer_per_share": 11.59,
            "book_valuer_per_share_4q_avg": 11.43,
            "equity": 767652,
            "current_ratio": 474.21,
            "debt_ratio": 15.57,
            "inventory_turnover_ratio": 1.66,
            "account_receivable_turnover_ratio": 1.03,
            "reinvestment_rate": -251.16,
            "research_to_sale_ratio": 32.87,
            "price_fair": 17.5,
            "eps_avg_yearly": 0.5,
            "eps_latest_yearly": 0.52,
            "eps_growth_yearly": 86.35
        },
        "20141": {
            "year_quarter": 20141,
            "year": 2014,
            "quarter": 1,
            "eps": 0,
            "eps_growth_year": null,
            "eps_4q": 0.08,
            "eps_4q_growth_year": null,
            "roe": -0.12,
            "roe_4q": 0.3699999999999999,
            "gross_profit": 55254,
            "gross_margin": 63.05,
            "gross_margin_4q_avg": 68.23,
            "net_income": -921,
            "net_income_4q": null,
            "revenue": 87633,
            "revenue_4q": null,
            "common_shares": 690268,
            "book_valuer_per_share": 11.6,
            "book_valuer_per_share_4q_avg": 11.47,
            "equity": 767353,
            "current_ratio": 469.55,
            "debt_ratio": 15.73,
            "inventory_turnover_ratio": 3.64,
            "account_receivable_turnover_ratio": 1.1,
            "reinvestment_rate": -281.4,
            "research_to_sale_ratio": 31.47,
            "price_fair": 18.76,
            "eps_avg_yearly": 0.54,
            "eps_latest_yearly": 0.52,
            "eps_growth_yearly": 125.44
        },
        "20142": {
            "year_quarter": 20142,
            "year": 2014,
            "quarter": 2,
            "eps": -0.05,
            "eps_growth_year": null,
            "eps_4q": 0.1,
            "eps_4q_growth_year": null,
            "roe": -0.57,
            "roe_4q": 0.58,
            "gross_profit": 53368,
            "gross_margin": 67,
            "gross_margin_4q_avg": 68.8,
            "net_income": -4370,
            "net_income_4q": null,
            "revenue": 79653,
            "revenue_4q": null,
            "common_shares": 690268,
            "book_valuer_per_share": 11.52,
            "book_valuer_per_share_4q_avg": 11.51,
            "equity": 761270,
            "current_ratio": 326.62,
            "debt_ratio": 22.43,
            "inventory_turnover_ratio": 4.75,
            "account_receivable_turnover_ratio": 0.9,
            "reinvestment_rate": -328.65,
            "research_to_sale_ratio": 29.86,
            "price_fair": 21.35,
            "eps_avg_yearly": 0.61,
            "eps_latest_yearly": 0.52,
            "eps_growth_yearly": 181.8
        },
        "20143": {
            "year_quarter": 20143,
            "year": 2014,
            "quarter": 3,
            "eps": 0.06,
            "eps_growth_year": null,
            "eps_4q": 0.18,
            "eps_4q_growth_year": 336.75,
            "roe": 0.61,
            "roe_4q": 1.3599999999999999,
            "gross_profit": 60386,
            "gross_margin": 75.88,
            "gross_margin_4q_avg": 71.39,
            "net_income": 4658,
            "net_income_4q": null,
            "revenue": 79581,
            "revenue_4q": null,
            "common_shares": 690268,
            "book_valuer_per_share": 11.42,
            "book_valuer_per_share_4q_avg": 11.53,
            "equity": 778135,
            "current_ratio": 323.25,
            "debt_ratio": 23.8,
            "inventory_turnover_ratio": 3.65,
            "account_receivable_turnover_ratio": 0.94,
            "reinvestment_rate": -613.51,
            "research_to_sale_ratio": 29.53,
            "price_fair": 1.68,
            "eps_avg_yearly": 0.56,
            "eps_latest_yearly": 0.52,
            "eps_growth_yearly": -46.48
        },
        "20144": {
            "year_quarter": 20144,
            "year": 2014,
            "quarter": 4,
            "eps": 0.32,
            "eps_growth_year": 78.68,
            "eps_4q": 0.33,
            "eps_4q_growth_year": 2285.02,
            "roe": 2.69,
            "roe_4q": 2.61,
            "gross_profit": 69469,
            "gross_margin": 79.18,
            "gross_margin_4q_avg": 71.28,
            "net_income": 21313,
            "net_income_4q": null,
            "revenue": 87732,
            "revenue_4q": null,
            "common_shares": 690268,
            "book_valuer_per_share": 11.84,
            "book_valuer_per_share_4q_avg": 11.6,
            "equity": 806347,
            "current_ratio": 483.62,
            "debt_ratio": 16.84,
            "inventory_turnover_ratio": 4.46,
            "account_receivable_turnover_ratio": 1.21,
            "reinvestment_rate": -509.79,
            "research_to_sale_ratio": 21.51,
            "price_fair": 27.53,
            "eps_avg_yearly": 0.79,
            "eps_latest_yearly": 1.28,
            "eps_growth_yearly": 559.37
        },
        "20151": {
            "year_quarter": 20151,
            "year": 2015,
            "quarter": 1,
            "eps": -0.11,
            "eps_growth_year": null,
            "eps_4q": 0.22,
            "eps_4q_growth_year": 170.86,
            "roe": -0.88,
            "roe_4q": 1.85,
            "gross_profit": 51317,
            "gross_margin": 72.01,
            "gross_margin_4q_avg": 73.52,
            "net_income": -7154,
            "net_income_4q": null,
            "revenue": 71259,
            "revenue_4q": null,
            "common_shares": 690268,
            "book_valuer_per_share": 12,
            "book_valuer_per_share_4q_avg": 11.7,
            "equity": 817464,
            "current_ratio": 387.83,
            "debt_ratio": 19.68,
            "inventory_turnover_ratio": 3.29,
            "account_receivable_turnover_ratio": 1.06,
            "reinvestment_rate": -720.38,
            "research_to_sale_ratio": 29.73,
            "price_fair": 31.5,
            "eps_avg_yearly": 0.9,
            "eps_latest_yearly": 1.28,
            "eps_growth_yearly": 852.38
        },
        "20152": {
            "year_quarter": 20152,
            "year": 2015,
            "quarter": 2,
            "eps": 0.28,
            "eps_growth_year": null,
            "eps_4q": 0.55,
            "eps_4q_growth_year": 473.41,
            "roe": 2.37,
            "roe_4q": 4.79,
            "gross_profit": 84577,
            "gross_margin": 82.99,
            "gross_margin_4q_avg": 77.52,
            "net_income": 18801,
            "net_income_4q": null,
            "revenue": 101912,
            "revenue_4q": null,
            "common_shares": 690268,
            "book_valuer_per_share": 11.46,
            "book_valuer_per_share_4q_avg": 11.68,
            "equity": 772425,
            "current_ratio": 241.63,
            "debt_ratio": 31.76,
            "inventory_turnover_ratio": 2.27,
            "account_receivable_turnover_ratio": 1.49,
            "reinvestment_rate": -594.64,
            "research_to_sale_ratio": 20.09,
            "price_fair": 44.8,
            "eps_avg_yearly": 1.28,
            "eps_latest_yearly": 1.28,
            "eps_growth_yearly": 1733.33
        },
        "20153": {
            "year_quarter": 20153,
            "year": 2015,
            "quarter": 3,
            "eps": -0.3,
            "eps_growth_year": -600,
            "eps_4q": 0.21,
            "eps_4q_growth_year": 14.33,
            "roe": -2.66,
            "roe_4q": 1.52,
            "gross_profit": 33892,
            "gross_margin": 63.23,
            "gross_margin_4q_avg": 74.35,
            "net_income": -20204,
            "net_income_4q": null,
            "revenue": 53603,
            "revenue_4q": null,
            "common_shares": 690268,
            "book_valuer_per_share": 11.51,
            "book_valuer_per_share_4q_avg": 11.7,
            "equity": 749334,
            "current_ratio": 298.3,
            "debt_ratio": 24.91,
            "inventory_turnover_ratio": 3.8,
            "account_receivable_turnover_ratio": 0.76,
            "reinvestment_rate": -1495.29,
            "research_to_sale_ratio": 31.85,
            "price_fair": 44.8,
            "eps_avg_yearly": 1.28,
            "eps_latest_yearly": 1.28,
            "eps_growth_yearly": 1733.33
        },
        "20154": {
            "year_quarter": 20154,
            "year": 2015,
            "quarter": 4,
            "eps": 0.16,
            "eps_growth_year": -51.16,
            "eps_4q": 0.03,
            "eps_4q_growth_year": -91.14,
            "roe": 1.36,
            "roe_4q": 0.19000000000000006,
            "gross_profit": 60000,
            "gross_margin": 76,
            "gross_margin_4q_avg": 73.56,
            "net_income": 10240,
            "net_income_4q": null,
            "revenue": 78948,
            "revenue_4q": null,
            "common_shares": 676998,
            "book_valuer_per_share": 11.7,
            "book_valuer_per_share_4q_avg": 11.67,
            "equity": 758100,
            "current_ratio": 449.55,
            "debt_ratio": 17.58,
            "inventory_turnover_ratio": 4.26,
            "account_receivable_turnover_ratio": 1.27,
            "reinvestment_rate": -704.57,
            "research_to_sale_ratio": 15.48,
            "price_fair": 44.8,
            "eps_avg_yearly": 1.28,
            "eps_latest_yearly": 1.28,
            "eps_growth_yearly": 1733.33
        },
        "20161": {
            "year_quarter": 20161,
            "year": 2016,
            "quarter": 1,
            "eps": -0.35,
            "eps_growth_year": null,
            "eps_4q": -0.21,
            "eps_4q_growth_year": -197.09,
            "roe": -3.1,
            "roe_4q": -2.0300000000000002,
            "gross_profit": 32956,
            "gross_margin": 67.41,
            "gross_margin_4q_avg": 72.41,
            "net_income": -23062,
            "net_income_4q": null,
            "revenue": 48889,
            "revenue_4q": null,
            "common_shares": 676998,
            "book_valuer_per_share": 11.25,
            "book_valuer_per_share_4q_avg": 11.48,
            "equity": 728633,
            "current_ratio": 222.85,
            "debt_ratio": 30.74,
            "inventory_turnover_ratio": 3.07,
            "account_receivable_turnover_ratio": 0.92,
            "reinvestment_rate": -6344.94,
            "research_to_sale_ratio": 37.67,
            "price_fair": 44.8,
            "eps_avg_yearly": 1.28,
            "eps_latest_yearly": 1.28,
            "eps_growth_yearly": 1733.33
        },
        "20162": {
            "year_quarter": 20162,
            "year": 2016,
            "quarter": 2,
            "eps": 0.26,
            "eps_growth_year": -7.14,
            "eps_4q": -0.25,
            "eps_4q_growth_year": -144.97,
            "roe": 2.21,
            "roe_4q": -2.1900000000000004,
            "gross_profit": 67746,
            "gross_margin": 78.38,
            "gross_margin_4q_avg": 71.26,
            "net_income": 16296,
            "net_income_4q": null,
            "revenue": 86438,
            "revenue_4q": null,
            "common_shares": 656998,
            "book_valuer_per_share": 11.49,
            "book_valuer_per_share_4q_avg": 11.49,
            "equity": 744267,
            "current_ratio": 244.57,
            "debt_ratio": 26,
            "inventory_turnover_ratio": 4.05,
            "account_receivable_turnover_ratio": 1.5,
            "reinvestment_rate": -939.95,
            "research_to_sale_ratio": 23.47,
            "price_fair": 44.8,
            "eps_avg_yearly": 1.28,
            "eps_latest_yearly": 1.28,
            "eps_growth_yearly": 1733.33
        },
        "20163": {
            "year_quarter": 20163,
            "year": 2016,
            "quarter": 3,
            "eps": -0.02,
            "eps_growth_year": null,
            "eps_4q": 0.04,
            "eps_4q_growth_year": -79.31,
            "roe": -0.07,
            "roe_4q": 0.40000000000000013,
            "gross_profit": 54721,
            "gross_margin": 71.77,
            "gross_margin_4q_avg": 73.39,
            "net_income": -551,
            "net_income_4q": null,
            "revenue": 76249,
            "revenue_4q": null,
            "common_shares": 656998,
            "book_valuer_per_share": 11.42,
            "book_valuer_per_share_4q_avg": 11.47,
            "equity": 739624,
            "current_ratio": 234.87,
            "debt_ratio": 27.26,
            "inventory_turnover_ratio": 4.16,
            "account_receivable_turnover_ratio": 1.06,
            "reinvestment_rate": -936.63,
            "research_to_sale_ratio": 25.91,
            "price_fair": 44.8,
            "eps_avg_yearly": 1.28,
            "eps_latest_yearly": 1.28,
            "eps_growth_yearly": 1733.33
        },
        "20164": {
            "year_quarter": 20164,
            "year": 2016,
            "quarter": 4,
            "eps": 0.19,
            "eps_growth_year": 23.49,
            "eps_4q": 0.08,
            "eps_4q_growth_year": 174.15,
            "roe": 1.65,
            "roe_4q": 0.69,
            "gross_profit": 64746,
            "gross_margin": 74.79,
            "gross_margin_4q_avg": 73.09,
            "net_income": 12299,
            "net_income_4q": null,
            "revenue": 86567,
            "revenue_4q": null,
            "common_shares": 656998,
            "book_valuer_per_share": 11.66,
            "book_valuer_per_share_4q_avg": 11.46,
            "equity": 755049,
            "current_ratio": 239.91,
            "debt_ratio": 26.32,
            "inventory_turnover_ratio": 3.03,
            "account_receivable_turnover_ratio": 0.91,
            "reinvestment_rate": -1035.04,
            "research_to_sale_ratio": 22.79,
            "price_fair": 44.8,
            "eps_avg_yearly": 1.28,
            "eps_latest_yearly": 1.28,
            "eps_growth_yearly": 1733.33
        },
        "20171": {
            "year_quarter": 20171,
            "year": 2017,
            "quarter": 1,
            "eps": -0.19,
            "eps_growth_year": null,
            "eps_4q": 0.24,
            "eps_4q_growth_year": null,
            "roe": -1.63,
            "roe_4q": 2.16,
            "gross_profit": 43876,
            "gross_margin": 74.12,
            "gross_margin_4q_avg": 74.77,
            "net_income": -12086,
            "net_income_4q": null,
            "revenue": 59197,
            "revenue_4q": null,
            "common_shares": 656998,
            "book_valuer_per_share": 11.16,
            "book_valuer_per_share_4q_avg": 11.43,
            "equity": 723463,
            "current_ratio": 268.02,
            "debt_ratio": 22.85,
            "inventory_turnover_ratio": 2.04,
            "account_receivable_turnover_ratio": 0.64,
            "reinvestment_rate": -421.24,
            "research_to_sale_ratio": 35.68,
            "price_fair": 44.8,
            "eps_avg_yearly": 1.28,
            "eps_latest_yearly": 1.28,
            "eps_growth_yearly": 1733.33
        },
        "20172": {
            "year_quarter": 20172,
            "year": 2017,
            "quarter": 2,
            "eps": -0.2,
            "eps_growth_year": -176.92,
            "eps_4q": -0.21,
            "eps_4q_growth_year": null,
            "roe": -1.76,
            "roe_4q": -1.8099999999999998,
            "gross_profit": 42098,
            "gross_margin": 72.78,
            "gross_margin_4q_avg": 73.37,
            "net_income": -12655,
            "net_income_4q": null,
            "revenue": 57843,
            "revenue_4q": null,
            "common_shares": 656998,
            "book_valuer_per_share": 10.98,
            "book_valuer_per_share_4q_avg": 11.31,
            "equity": 712286,
            "current_ratio": 343.16,
            "debt_ratio": 22.44,
            "inventory_turnover_ratio": 3.66,
            "account_receivable_turnover_ratio": 0.74,
            "reinvestment_rate": -860.92,
            "research_to_sale_ratio": 36.06,
            "price_fair": 44.8,
            "eps_avg_yearly": 1.28,
            "eps_latest_yearly": 1.28,
            "eps_growth_yearly": 1733.33
        },
        "20173": {
            "year_quarter": 20173,
            "year": 2017,
            "quarter": 3,
            "eps": -0.34,
            "eps_growth_year": null,
            "eps_4q": -0.54,
            "eps_4q_growth_year": -1350.65,
            "roe": -3.1,
            "roe_4q": -4.84,
            "gross_profit": 50156,
            "gross_margin": 77.18,
            "gross_margin_4q_avg": 74.72,
            "net_income": -21846,
            "net_income_4q": null,
            "revenue": 64988,
            "revenue_4q": null,
            "common_shares": 656998,
            "book_valuer_per_share": 10.74,
            "book_valuer_per_share_4q_avg": 11.14,
            "equity": 696713,
            "current_ratio": 331.81,
            "debt_ratio": 23.07,
            "inventory_turnover_ratio": 15.24,
            "account_receivable_turnover_ratio": 0.78,
            "reinvestment_rate": null,
            "research_to_sale_ratio": 33.69,
            "price_fair": 44.8,
            "eps_avg_yearly": 1.28,
            "eps_latest_yearly": 1.28,
            "eps_growth_yearly": 1733.33
        },
        "20174": {
            "year_quarter": 20174,
            "year": 2017,
            "quarter": 4,
            "eps": 0.02,
            "eps_growth_year": -88.62,
            "eps_4q": -0.71,
            "eps_4q_growth_year": -989.75,
            "roe": 0.22,
            "roe_4q": -6.27,
            "gross_profit": 58171,
            "gross_margin": 65.48,
            "gross_margin_4q_avg": 72.39,
            "net_income": 1548,
            "net_income_4q": null,
            "revenue": 88834,
            "revenue_4q": null,
            "common_shares": 656998,
            "book_valuer_per_share": 10.71,
            "book_valuer_per_share_4q_avg": 10.9,
            "equity": 694946,
            "current_ratio": 310.36,
            "debt_ratio": 24.94,
            "inventory_turnover_ratio": 34.51,
            "account_receivable_turnover_ratio": 1.08,
            "reinvestment_rate": null,
            "research_to_sale_ratio": 23,
            "price_fair": 44.8,
            "eps_avg_yearly": 1.28,
            "eps_latest_yearly": 1.28,
            "eps_growth_yearly": 1733.33
        },
        "20181": {
            "year_quarter": 20181,
            "year": 2018,
            "quarter": 1,
            "eps": -0.11,
            "eps_growth_year": null,
            "eps_4q": -0.63,
            "eps_4q_growth_year": -360.16,
            "roe": -1.04,
            "roe_4q": -5.68,
            "gross_profit": 49301,
            "gross_margin": 82.44,
            "gross_margin_4q_avg": 74.47,
            "net_income": -7195,
            "net_income_4q": null,
            "revenue": 59803,
            "revenue_4q": null,
            "common_shares": 656998,
            "book_valuer_per_share": 10.52,
            "book_valuer_per_share_4q_avg": 10.74,
            "equity": 682565,
            "current_ratio": 324.24,
            "debt_ratio": 23.82,
            "inventory_turnover_ratio": 11.4,
            "account_receivable_turnover_ratio": 1.18,
            "reinvestment_rate": null,
            "research_to_sale_ratio": 35.78,
            "price_fair": 44.8,
            "eps_avg_yearly": 1.28,
            "eps_latest_yearly": 1.28,
            "eps_growth_yearly": 1733.33
        },
        "20182": {
            "year_quarter": 20182,
            "year": 2018,
            "quarter": 2,
            "eps": -0.38,
            "eps_growth_year": null,
            "eps_4q": -0.81,
            "eps_4q_growth_year": null,
            "roe": -3.55,
            "roe_4q": -7.470000000000001,
            "gross_profit": 30699,
            "gross_margin": 55.44,
            "gross_margin_4q_avg": 70.14,
            "net_income": -23959,
            "net_income_4q": null,
            "revenue": 55370,
            "revenue_4q": null,
            "common_shares": 656998,
            "book_valuer_per_share": 10.28,
            "book_valuer_per_share_4q_avg": 10.56,
            "equity": 667669,
            "current_ratio": 349.24,
            "debt_ratio": 21.86,
            "inventory_turnover_ratio": 28.62,
            "account_receivable_turnover_ratio": 2.26,
            "reinvestment_rate": null,
            "research_to_sale_ratio": 42.47,
            "price_fair": 44.8,
            "eps_avg_yearly": 1.28,
            "eps_latest_yearly": 1.28,
            "eps_growth_yearly": 1733.33
        },
        "20183": {
            "year_quarter": 20183,
            "year": 2018,
            "quarter": 3,
            "eps": -0.16,
            "eps_growth_year": null,
            "eps_4q": -0.63,
            "eps_4q_growth_year": null,
            "roe": -1.57,
            "roe_4q": -5.94,
            "gross_profit": 48797,
            "gross_margin": 77.89,
            "gross_margin_4q_avg": 70.31,
            "net_income": -10401,
            "net_income_4q": null,
            "revenue": 62652,
            "revenue_4q": null,
            "common_shares": 636998,
            "book_valuer_per_share": 10.1,
            "book_valuer_per_share_4q_avg": 10.4,
            "equity": 655862,
            "current_ratio": 372.09,
            "debt_ratio": 20.37,
            "inventory_turnover_ratio": 11.41,
            "account_receivable_turnover_ratio": 3.22,
            "reinvestment_rate": null,
            "research_to_sale_ratio": 38.34,
            "price_fair": 44.8,
            "eps_avg_yearly": 1.28,
            "eps_latest_yearly": 1.28,
            "eps_growth_yearly": 1733.33
        },
        "20184": {
            "year_quarter": 20184,
            "year": 2018,
            "quarter": 4,
            "eps": 0.37,
            "eps_growth_year": 1589.63,
            "eps_4q": -0.28,
            "eps_4q_growth_year": null,
            "roe": 3.55,
            "roe_4q": -2.6100000000000003,
            "gross_profit": 88487,
            "gross_margin": 86.34,
            "gross_margin_4q_avg": 75.53,
            "net_income": 23765,
            "net_income_4q": null,
            "revenue": 102487,
            "revenue_4q": null,
            "common_shares": 636998,
            "book_valuer_per_share": 10.51,
            "book_valuer_per_share_4q_avg": 10.35,
            "equity": 682026,
            "current_ratio": 352.27,
            "debt_ratio": 21.84,
            "inventory_turnover_ratio": 5.44,
            "account_receivable_turnover_ratio": 5.94,
            "reinvestment_rate": null,
            "research_to_sale_ratio": 37.89,
            "price_fair": 0,
            "eps_avg_yearly": 0,
            "eps_latest_yearly": 0,
            "eps_growth_yearly": 0
        },
        "20191": {
            "year_quarter": 20191,
            "year": 2019,
            "quarter": 1,
            "eps": -0.23,
            "eps_growth_year": null,
            "eps_4q": -0.4,
            "eps_4q_growth_year": null,
            "roe": -2.16,
            "roe_4q": -3.7300000000000004,
            "gross_profit": 55475,
            "gross_margin": 80.67,
            "gross_margin_4q_avg": 75.09,
            "net_income": -14587,
            "net_income_4q": null,
            "revenue": 68767,
            "revenue_4q": null,
            "common_shares": 636998,
            "book_valuer_per_share": 10.31,
            "book_valuer_per_share_4q_avg": 10.3,
            "equity": 669828,
            "current_ratio": 379.11,
            "debt_ratio": 22.28,
            "inventory_turnover_ratio": 4.24,
            "account_receivable_turnover_ratio": 4.66,
            "reinvestment_rate": null,
            "research_to_sale_ratio": 68.15,
            "price_fair": 0,
            "eps_avg_yearly": 0,
            "eps_latest_yearly": 0,
            "eps_growth_yearly": 0
        },
        "20192": {
            "year_quarter": 20192,
            "year": 2019,
            "quarter": 2,
            "eps": -0.03,
            "eps_growth_year": null,
            "eps_4q": -0.05,
            "eps_4q_growth_year": null,
            "roe": -0.28,
            "roe_4q": -0.46000000000000063,
            "gross_profit": 56255,
            "gross_margin": 80.33,
            "gross_margin_4q_avg": 81.31,
            "net_income": -1906,
            "net_income_4q": null,
            "revenue": 70029,
            "revenue_4q": null,
            "common_shares": 636998,
            "book_valuer_per_share": 10.3,
            "book_valuer_per_share_4q_avg": 10.31,
            "equity": 668673,
            "current_ratio": 404.1,
            "debt_ratio": 19.98,
            "inventory_turnover_ratio": 7.49,
            "account_receivable_turnover_ratio": 6.54,
            "reinvestment_rate": null,
            "research_to_sale_ratio": 42.07,
            "price_fair": 0,
            "eps_avg_yearly": 0,
            "eps_latest_yearly": 0,
            "eps_growth_yearly": 0
        },
        "20193": {
            "year_quarter": 20193,
            "year": 2019,
            "quarter": 3,
            "eps": -0.13,
            "eps_growth_year": null,
            "eps_4q": -0.02,
            "eps_4q_growth_year": null,
            "roe": -1.23,
            "roe_4q": -0.1200000000000001,
            "gross_profit": 49326,
            "gross_margin": 77.46,
            "gross_margin_4q_avg": 81.2,
            "net_income": -8178,
            "net_income_4q": null,
            "revenue": 63676,
            "revenue_4q": null,
            "common_shares": 636998,
            "book_valuer_per_share": 10.12,
            "book_valuer_per_share_4q_avg": 10.31,
            "equity": 657369,
            "current_ratio": 416.6,
            "debt_ratio": 19.22,
            "inventory_turnover_ratio": 9.32,
            "account_receivable_turnover_ratio": 2.89,
            "reinvestment_rate": null,
            "research_to_sale_ratio": 42,
            "price_fair": 0,
            "eps_avg_yearly": 0,
            "eps_latest_yearly": 0,
            "eps_growth_yearly": 0
        },
        "20194": {
            "year_quarter": 20194,
            "year": 2019,
            "quarter": 4,
            "eps": 0.03,
            "eps_growth_year": -92.04,
            "eps_4q": -0.36,
            "eps_4q_growth_year": null,
            "roe": 0.29,
            "roe_4q": -3.38,
            "gross_profit": 52581,
            "gross_margin": 72.43,
            "gross_margin_4q_avg": 77.72,
            "net_income": 1901,
            "net_income_4q": null,
            "revenue": 72600,
            "revenue_4q": null,
            "common_shares": 636998,
            "book_valuer_per_share": 10.07,
            "book_valuer_per_share_4q_avg": 10.2,
            "equity": 654479,
            "current_ratio": 431.11,
            "debt_ratio": 18.53,
            "inventory_turnover_ratio": 8.18,
            "account_receivable_turnover_ratio": 3.32,
            "reinvestment_rate": null,
            "research_to_sale_ratio": 30.49,
            "price_fair": 0,
            "eps_avg_yearly": 0,
            "eps_latest_yearly": 0,
            "eps_growth_yearly": 0
        },
        "20201": {
            "year_quarter": 20201,
            "year": 2020,
            "quarter": 1,
            "eps": -0.55,
            "eps_growth_year": null,
            "eps_4q": -0.67,
            "eps_4q_growth_year": null,
            "roe": -5.44,
            "roe_4q": -6.660000000000001,
            "gross_profit": 20763,
            "gross_margin": 39.87,
            "gross_margin_4q_avg": 67.52,
            "net_income": -34651,
            "net_income_4q": null,
            "revenue": 52074,
            "revenue_4q": null,
            "common_shares": 636998,
            "book_valuer_per_share": 9.52,
            "book_valuer_per_share_4q_avg": 10,
            "equity": 619333,
            "current_ratio": 443.91,
            "debt_ratio": 17.66,
            "inventory_turnover_ratio": 10.14,
            "account_receivable_turnover_ratio": 3.28,
            "reinvestment_rate": null,
            "research_to_sale_ratio": 55.92,
            "price_fair": 0,
            "eps_avg_yearly": 0,
            "eps_latest_yearly": 0,
            "eps_growth_yearly": 0
        },
        "20202": {
            "year_quarter": 20202,
            "year": 2020,
            "quarter": 2,
            "eps": -0.18,
            "eps_growth_year": null,
            "eps_4q": -0.84,
            "eps_4q_growth_year": null,
            "roe": -1.78,
            "roe_4q": -8.16,
            "gross_profit": 40658,
            "gross_margin": 84.63,
            "gross_margin_4q_avg": 68.6,
            "net_income": -10808,
            "net_income_4q": null,
            "revenue": 48044,
            "revenue_4q": null,
            "common_shares": 636998,
            "book_valuer_per_share": 9.37,
            "book_valuer_per_share_4q_avg": 9.77,
            "equity": 595635,
            "current_ratio": 400.06,
            "debt_ratio": 18.47,
            "inventory_turnover_ratio": 3.26,
            "account_receivable_turnover_ratio": 2.86,
            "reinvestment_rate": null,
            "research_to_sale_ratio": 61.32,
            "price_fair": 0,
            "eps_avg_yearly": 0,
            "eps_latest_yearly": 0,
            "eps_growth_yearly": 0
        },
        "20203": {
            "year_quarter": 20203,
            "year": 2020,
            "quarter": 3,
            "eps": -0.39,
            "eps_growth_year": null,
            "eps_4q": -1.1,
            "eps_4q_growth_year": null,
            "roe": -4.15,
            "roe_4q": -11.080000000000002,
            "gross_profit": 33287,
            "gross_margin": 51.23,
            "gross_margin_4q_avg": 62.04,
            "net_income": -24186,
            "net_income_4q": null,
            "revenue": 64980,
            "revenue_4q": null,
            "common_shares": 621778,
            "book_valuer_per_share": 8.94,
            "book_valuer_per_share_4q_avg": 9.48,
            "equity": 569574,
            "current_ratio": 415.77,
            "debt_ratio": 18,
            "inventory_turnover_ratio": 16.71,
            "account_receivable_turnover_ratio": 5.03,
            "reinvestment_rate": null,
            "research_to_sale_ratio": 52.76,
            "price_fair": 0,
            "eps_avg_yearly": 0,
            "eps_latest_yearly": 0,
            "eps_growth_yearly": 0
        },
        "20204": {
            "year_quarter": 20204,
            "year": 2020,
            "quarter": 4,
            "eps": -0.15,
            "eps_growth_year": -603.26,
            "eps_4q": -1.27,
            "eps_4q_growth_year": null,
            "roe": -1.56,
            "roe_4q": -12.930000000000001,
            "gross_profit": 34280,
            "gross_margin": 57.06,
            "gross_margin_4q_avg": 58.2,
            "net_income": -8715,
            "net_income_4q": null,
            "revenue": 60072,
            "revenue_4q": null,
            "common_shares": 621778,
            "book_valuer_per_share": 8.76,
            "book_valuer_per_share_4q_avg": 9.15,
            "equity": 544729,
            "current_ratio": 400.07,
            "debt_ratio": 18.57,
            "inventory_turnover_ratio": 16.92,
            "account_receivable_turnover_ratio": 6.09,
            "reinvestment_rate": null,
            "research_to_sale_ratio": 26.7,
            "price_fair": 0,
            "eps_avg_yearly": 0,
            "eps_latest_yearly": 0,
            "eps_growth_yearly": 0
        },
        "20211": {
            "year_quarter": 20211,
            "year": 2021,
            "quarter": 1,
            "eps": -0.37,
            "eps_growth_year": null,
            "eps_4q": -1.09,
            "eps_4q_growth_year": null,
            "roe": -4.35,
            "roe_4q": -11.84,
            "gross_profit": 29283,
            "gross_margin": 63.57,
            "gross_margin_4q_avg": 64.12,
            "net_income": -23216,
            "net_income_4q": null,
            "revenue": 46064,
            "revenue_4q": null,
            "common_shares": 621778,
            "book_valuer_per_share": 8.4,
            "book_valuer_per_share_4q_avg": 8.87,
            "equity": 522221,
            "current_ratio": 347.6,
            "debt_ratio": 19.22,
            "inventory_turnover_ratio": 4.28,
            "account_receivable_turnover_ratio": 4.25,
            "reinvestment_rate": null,
            "research_to_sale_ratio": 55.38,
            "price_fair": 0,
            "eps_avg_yearly": 0,
            "eps_latest_yearly": 0,
            "eps_growth_yearly": 0
        },
        "20212": {
            "year_quarter": 20212,
            "year": 2021,
            "quarter": 2,
            "eps": -0.24,
            "eps_growth_year": null,
            "eps_4q": -1.15,
            "eps_4q_growth_year": null,
            "roe": -2.89,
            "roe_4q": -12.950000000000001,
            "gross_profit": 29045,
            "gross_margin": 58.51,
            "gross_margin_4q_avg": 57.59,
            "net_income": -14851,
            "net_income_4q": null,
            "revenue": 49639,
            "revenue_4q": null,
            "common_shares": 621778,
            "book_valuer_per_share": 8.14,
            "book_valuer_per_share_4q_avg": 8.56,
            "equity": 505871,
            "current_ratio": 283.11,
            "debt_ratio": 20.62,
            "inventory_turnover_ratio": 1.71,
            "account_receivable_turnover_ratio": 2.9,
            "reinvestment_rate": null,
            "research_to_sale_ratio": 49.93,
            "price_fair": 0,
            "eps_avg_yearly": 0,
            "eps_latest_yearly": 0,
            "eps_growth_yearly": 0
        },
        "20213": {
            "year_quarter": 20213,
            "year": 2021,
            "quarter": 3,
            "eps": 0.16,
            "eps_growth_year": null,
            "eps_4q": -0.6,
            "eps_4q_growth_year": null,
            "roe": 1.93,
            "roe_4q": -6.869999999999999,
            "gross_profit": 72301,
            "gross_margin": 27.38,
            "gross_margin_4q_avg": 51.63,
            "net_income": 9855,
            "net_income_4q": null,
            "revenue": 264041,
            "revenue_4q": null,
            "common_shares": 621778,
            "book_valuer_per_share": 8.28,
            "book_valuer_per_share_4q_avg": 8.4,
            "equity": 515047,
            "current_ratio": 185.66,
            "debt_ratio": 34.83,
            "inventory_turnover_ratio": 9.99,
            "account_receivable_turnover_ratio": 9.18,
            "reinvestment_rate": null,
            "research_to_sale_ratio": 9.78,
            "price_fair": 0,
            "eps_avg_yearly": 0,
            "eps_latest_yearly": 0,
            "eps_growth_yearly": 0
        },
        "20214": {
            "year_quarter": 20214,
            "year": 2021,
            "quarter": 4,
            "eps": 0.09,
            "eps_growth_year": null,
            "eps_4q": -0.37,
            "eps_4q_growth_year": null,
            "roe": 1.04,
            "roe_4q": -4.27,
            "gross_profit": 53905,
            "gross_margin": -52.55,
            "gross_margin_4q_avg": 24.23,
            "net_income": 5392,
            "net_income_4q": null,
            "revenue": -102586,
            "revenue_4q": null,
            "common_shares": 621778,
            "book_valuer_per_share": 8.41,
            "book_valuer_per_share_4q_avg": 8.31,
            "equity": 522881,
            "current_ratio": 191.68,
            "debt_ratio": 34.45,
            "inventory_turnover_ratio": -11.23,
            "account_receivable_turnover_ratio": -4.63,
            "reinvestment_rate": null,
            "research_to_sale_ratio": -17.09,
            "price_fair": 1.08,
            "eps_avg_yearly": 0.36,
            "eps_latest_yearly": 0.36,
            "eps_growth_yearly": -175
        },
        "20221": {
            "year_quarter": 20221,
            "year": 2022,
            "quarter": 1,
            "eps": -0.01,
            "eps_growth_year": null,
            "eps_4q": 0,
            "eps_4q_growth_year": null,
            "roe": -0.07,
            "roe_4q": 0.009999999999999787,
            "gross_profit": 58741,
            "gross_margin": 78.61,
            "gross_margin_4q_avg": 27.99,
            "net_income": -379,
            "net_income_4q": null,
            "revenue": 74723,
            "revenue_4q": null,
            "common_shares": 621778,
            "book_valuer_per_share": 8.47,
            "book_valuer_per_share_4q_avg": 8.33,
            "equity": 526853,
            "current_ratio": 175.17,
            "debt_ratio": 40.02,
            "inventory_turnover_ratio": 1.64,
            "account_receivable_turnover_ratio": 6.88,
            "reinvestment_rate": null,
            "research_to_sale_ratio": 33.06,
            "price_fair": 1.08,
            "eps_avg_yearly": 0.36,
            "eps_latest_yearly": 0.36,
            "eps_growth_yearly": -175
        },
        "20222": {
            "year_quarter": 20222,
            "year": 2022,
            "quarter": 2,
            "eps": 0.04,
            "eps_growth_year": null,
            "eps_4q": 0.28,
            "eps_4q_growth_year": null,
            "roe": 0.45,
            "roe_4q": 3.3499999999999996,
            "gross_profit": 57155,
            "gross_margin": 77,
            "gross_margin_4q_avg": 32.61,
            "net_income": 2398,
            "net_income_4q": null,
            "revenue": 74232,
            "revenue_4q": null,
            "common_shares": 621778,
            "book_valuer_per_share": 8.55,
            "book_valuer_per_share_4q_avg": 8.43,
            "equity": 531347,
            "current_ratio": 187.75,
            "debt_ratio": 35.68,
            "inventory_turnover_ratio": 1.69,
            "account_receivable_turnover_ratio": 6.14,
            "reinvestment_rate": null,
            "research_to_sale_ratio": 31.84,
            "price_fair": 1.08,
            "eps_avg_yearly": 0.36,
            "eps_latest_yearly": 0.36,
            "eps_growth_yearly": -175
        },
        "20223": {
            "year_quarter": 20223,
            "year": 2022,
            "quarter": 3,
            "eps": 0.11,
            "eps_growth_year": -31.25,
            "eps_4q": 0.23,
            "eps_4q_growth_year": null,
            "roe": 1.29,
            "roe_4q": 2.71,
            "gross_profit": 69909,
            "gross_margin": 78.76,
            "gross_margin_4q_avg": 45.46,
            "net_income": 6899,
            "net_income_4q": null,
            "revenue": 88767,
            "revenue_4q": null,
            "common_shares": 621778,
            "book_valuer_per_share": 8.72,
            "book_valuer_per_share_4q_avg": 8.54,
            "equity": 542161,
            "current_ratio": 189,
            "debt_ratio": 35.18,
            "inventory_turnover_ratio": 2.81,
            "account_receivable_turnover_ratio": 7.26,
            "reinvestment_rate": null,
            "research_to_sale_ratio": 27.16,
            "price_fair": 14,
            "eps_avg_yearly": 0.4,
            "eps_latest_yearly": 0.44,
            "eps_growth_yearly": 262.5
        },
        "20224": {
            "year_quarter": 20224,
            "year": 2022,
            "quarter": 4,
            "eps": -0.34,
            "eps_growth_year": -493.36,
            "eps_4q": -0.2,
            "eps_4q_growth_year": null,
            "roe": -4,
            "roe_4q": -2.3299999999999996,
            "gross_profit": 37058,
            "gross_margin": 51.06,
            "gross_margin_4q_avg": 71.36,
            "net_income": -21210,
            "net_income_4q": null,
            "revenue": 72582,
            "revenue_4q": null,
            "common_shares": 621778,
            "book_valuer_per_share": 8.35,
            "book_valuer_per_share_4q_avg": 8.52,
            "equity": 519385,
            "current_ratio": 167.27,
            "debt_ratio": 41.39,
            "inventory_turnover_ratio": 5.51,
            "account_receivable_turnover_ratio": 5.08,
            "reinvestment_rate": null,
            "research_to_sale_ratio": 27.5,
            "price_fair": 14,
            "eps_avg_yearly": 0.4,
            "eps_latest_yearly": 0.44,
            "eps_growth_yearly": 262.5
        },
        "20231": {
            "year_quarter": 20231,
            "year": 2023,
            "quarter": 1,
            "eps": -0.31,
            "eps_growth_year": null,
            "eps_4q": -0.5,
            "eps_4q_growth_year": -183186.08,
            "roe": -3.76,
            "roe_4q": -6.02,
            "gross_profit": 42069,
            "gross_margin": 73.38,
            "gross_margin_4q_avg": 70.05,
            "net_income": -19165,
            "net_income_4q": null,
            "revenue": 57329,
            "revenue_4q": null,
            "common_shares": 621778,
            "book_valuer_per_share": 8.05,
            "book_valuer_per_share_4q_avg": 8.42,
            "equity": 500248,
            "current_ratio": 164.55,
            "debt_ratio": 41.38,
            "inventory_turnover_ratio": 2.15,
            "account_receivable_turnover_ratio": 5.8,
            "reinvestment_rate": null,
            "research_to_sale_ratio": 43.52,
            "price_fair": 14,
            "eps_avg_yearly": 0.4,
            "eps_latest_yearly": 0.44,
            "eps_growth_yearly": 262.5
        },
        "20232": {
            "year_quarter": 20232,
            "year": 2023,
            "quarter": 2,
            "eps": null,
            "eps_growth_year": null,
            "eps_4q": null,
            "eps_4q_growth_year": null,
            "roe": null,
            "roe_4q": -6.47,
            "gross_profit": null,
            "gross_margin": null,
            "gross_margin_4q_avg": 50.8,
            "net_income": null,
            "net_income_4q": null,
            "revenue": 63363,
            "revenue_4q": null,
            "common_shares": 621778,
            "book_valuer_per_share": 7.55,
            "book_valuer_per_share_4q_avg": 8.17,
            "equity": 469251,
            "current_ratio": 237.47,
            "debt_ratio": 40.22,
            "inventory_turnover_ratio": null,
            "account_receivable_turnover_ratio": 5.78,
            "reinvestment_rate": null,
            "research_to_sale_ratio": null,
            "price_fair": 14,
            "eps_avg_yearly": 0.4,
            "eps_latest_yearly": 0.44,
            "eps_growth_yearly": 262.5
        },
        "20233": {
            "year_quarter": 20233,
            "year": 2023,
            "quarter": 3,
            "eps": -0.42,
            "eps_growth_year": -481.82,
            "eps_4q": null,
            "eps_4q_growth_year": null,
            "roe": -5.79,
            "roe_4q": -13.55,
            "gross_profit": 40186,
            "gross_margin": 56.71,
            "gross_margin_4q_avg": 45.29,
            "net_income": -26449,
            "net_income_4q": null,
            "revenue": 70861,
            "revenue_4q": null,
            "common_shares": 621778,
            "book_valuer_per_share": 7.15,
            "book_valuer_per_share_4q_avg": 7.78,
            "equity": 444562,
            "current_ratio": 160.96,
            "debt_ratio": 34.93,
            "inventory_turnover_ratio": 11.33,
            "account_receivable_turnover_ratio": 5.15,
            "reinvestment_rate": null,
            "research_to_sale_ratio": 35.75,
            "price_fair": 14,
            "eps_avg_yearly": 0.4,
            "eps_latest_yearly": 0.44,
            "eps_growth_yearly": 262.5
        }
    },
    "months": {
        "2002-04": {
            "month": "2002-04",
            "price": "20.40",
            "revenue": 17578
        },
        "2002-05": {
            "month": "2002-05",
            "price": "16.65",
            "revenue": 31946
        },
        "2002-06": {
            "month": "2002-06",
            "price": "15.16",
            "revenue": 22282
        },
        "2002-07": {
            "month": "2002-07",
            "price": "14.19",
            "revenue": 18424
        },
        "2002-08": {
            "month": "2002-08",
            "price": "12.41",
            "revenue": 17364
        },
        "2002-09": {
            "month": "2002-09",
            "price": "10.08",
            "revenue": 23639
        },
        "2002-10": {
            "month": "2002-10",
            "price": "9.20",
            "revenue": 17520
        },
        "2002-11": {
            "month": "2002-11",
            "price": "8.89",
            "revenue": 13476
        },
        "2002-12": {
            "month": "2002-12",
            "price": "8.88",
            "revenue": 48889
        },
        "2003-01": {
            "month": "2003-01",
            "price": "10.21",
            "revenue": 19039
        },
        "2003-02": {
            "month": "2003-02",
            "price": "11.01",
            "revenue": 18661
        },
        "2003-03": {
            "month": "2003-03",
            "price": "10.34",
            "revenue": 14983
        },
        "2003-04": {
            "month": "2003-04",
            "price": "10.33",
            "revenue": 16924
        },
        "2003-05": {
            "month": "2003-05",
            "price": "11.56",
            "revenue": 15111
        },
        "2003-06": {
            "month": "2003-06",
            "price": "11.06",
            "revenue": 25828
        },
        "2003-07": {
            "month": "2003-07",
            "price": "12.58",
            "revenue": 17860
        },
        "2003-08": {
            "month": "2003-08",
            "price": "11.19",
            "revenue": 16380
        },
        "2003-09": {
            "month": "2003-09",
            "price": "10.75",
            "revenue": 15530
        },
        "2003-10": {
            "month": "2003-10",
            "price": "9.88",
            "revenue": 30892
        },
        "2003-11": {
            "month": "2003-11",
            "price": "9.77",
            "revenue": 32011
        },
        "2003-12": {
            "month": "2003-12",
            "price": "9.78",
            "revenue": 37085
        },
        "2004-01": {
            "month": "2004-01",
            "price": "10.24",
            "revenue": 26596
        },
        "2004-02": {
            "month": "2004-02",
            "price": "12.18",
            "revenue": 21925
        },
        "2004-03": {
            "month": "2004-03",
            "price": "11.40",
            "revenue": 38802
        },
        "2004-04": {
            "month": "2004-04",
            "price": "11.30",
            "revenue": 18544
        },
        "2004-05": {
            "month": "2004-05",
            "price": "9.45",
            "revenue": 21741
        },
        "2004-06": {
            "month": "2004-06",
            "price": "9.39",
            "revenue": 51096
        },
        "2004-07": {
            "month": "2004-07",
            "price": "9.59",
            "revenue": 21588
        },
        "2004-08": {
            "month": "2004-08",
            "price": "9.62",
            "revenue": 36522
        },
        "2004-09": {
            "month": "2004-09",
            "price": "9.47",
            "revenue": 29636
        },
        "2004-10": {
            "month": "2004-10",
            "price": "9.45",
            "revenue": 26647
        },
        "2004-11": {
            "month": "2004-11",
            "price": "9.64",
            "revenue": 30477
        },
        "2004-12": {
            "month": "2004-12",
            "price": "9.68",
            "revenue": 41004
        },
        "2005-01": {
            "month": "2005-01",
            "price": "9.27",
            "revenue": 19254
        },
        "2005-02": {
            "month": "2005-02",
            "price": "9.01",
            "revenue": 19609
        },
        "2005-03": {
            "month": "2005-03",
            "price": "8.41",
            "revenue": 27303
        },
        "2005-04": {
            "month": "2005-04",
            "price": "7.84",
            "revenue": 20207
        },
        "2005-05": {
            "month": "2005-05",
            "price": "8.00",
            "revenue": 28840
        },
        "2005-06": {
            "month": "2005-06",
            "price": "8.24",
            "revenue": 50823
        },
        "2005-07": {
            "month": "2005-07",
            "price": "7.96",
            "revenue": 33323
        },
        "2005-08": {
            "month": "2005-08",
            "price": "7.73",
            "revenue": 36984
        },
        "2005-09": {
            "month": "2005-09",
            "price": "7.74",
            "revenue": 36406
        },
        "2005-10": {
            "month": "2005-10",
            "price": "7.06",
            "revenue": 29583
        },
        "2005-11": {
            "month": "2005-11",
            "price": "6.59",
            "revenue": 33093
        },
        "2005-12": {
            "month": "2005-12",
            "price": "6.94",
            "revenue": 50356
        },
        "2006-01": {
            "month": "2006-01",
            "price": "7.98",
            "revenue": 32365
        },
        "2006-02": {
            "month": "2006-02",
            "price": "8.09",
            "revenue": 31394
        },
        "2006-03": {
            "month": "2006-03",
            "price": "7.43",
            "revenue": 45327
        },
        "2006-04": {
            "month": "2006-04",
            "price": "7.52",
            "revenue": 23141
        },
        "2006-05": {
            "month": "2006-05",
            "price": "8.19",
            "revenue": 41262
        },
        "2006-06": {
            "month": "2006-06",
            "price": "8.10",
            "revenue": 27481
        },
        "2006-07": {
            "month": "2006-07",
            "price": "7.52",
            "revenue": 34171
        },
        "2006-08": {
            "month": "2006-08",
            "price": "7.09",
            "revenue": 26053
        },
        "2006-09": {
            "month": "2006-09",
            "price": "7.06",
            "revenue": 45020
        },
        "2006-10": {
            "month": "2006-10",
            "price": "9.19",
            "revenue": 36561
        },
        "2006-11": {
            "month": "2006-11",
            "price": "9.13",
            "revenue": 30509
        },
        "2006-12": {
            "month": "2006-12",
            "price": "9.48",
            "revenue": 43409
        },
        "2007-01": {
            "month": "2007-01",
            "price": "10.38",
            "revenue": 20287
        },
        "2007-02": {
            "month": "2007-02",
            "price": "10.15",
            "revenue": 17438
        },
        "2007-03": {
            "month": "2007-03",
            "price": "9.92",
            "revenue": 31973
        },
        "2007-04": {
            "month": "2007-04",
            "price": "10.60",
            "revenue": 21742
        },
        "2007-05": {
            "month": "2007-05",
            "price": "11.00",
            "revenue": 24867
        },
        "2007-06": {
            "month": "2007-06",
            "price": "11.10",
            "revenue": 24053
        },
        "2007-07": {
            "month": "2007-07",
            "price": "12.60",
            "revenue": 20458
        },
        "2007-08": {
            "month": "2007-08",
            "price": "11.13",
            "revenue": 34609
        },
        "2007-09": {
            "month": "2007-09",
            "price": "10.42",
            "revenue": 31841
        },
        "2007-10": {
            "month": "2007-10",
            "price": "10.30",
            "revenue": 23223
        },
        "2007-11": {
            "month": "2007-11",
            "price": "9.18",
            "revenue": 24813
        },
        "2007-12": {
            "month": "2007-12",
            "price": "9.05",
            "revenue": 30573
        },
        "2008-01": {
            "month": "2008-01",
            "price": "9.92",
            "revenue": 29310
        },
        "2008-02": {
            "month": "2008-02",
            "price": "9.88",
            "revenue": 23660
        },
        "2008-03": {
            "month": "2008-03",
            "price": "10.15",
            "revenue": 28990
        },
        "2008-04": {
            "month": "2008-04",
            "price": "10.60",
            "revenue": 24054
        },
        "2008-05": {
            "month": "2008-05",
            "price": "12.98",
            "revenue": 22745
        },
        "2008-06": {
            "month": "2008-06",
            "price": "11.27",
            "revenue": 22393
        },
        "2008-07": {
            "month": "2008-07",
            "price": "9.45",
            "revenue": 20697
        },
        "2008-08": {
            "month": "2008-08",
            "price": "9.39",
            "revenue": 26376
        },
        "2008-09": {
            "month": "2008-09",
            "price": "7.35",
            "revenue": 28107
        },
        "2008-10": {
            "month": "2008-10",
            "price": "6.18",
            "revenue": 19196
        },
        "2008-11": {
            "month": "2008-11",
            "price": "6.19",
            "revenue": 17325
        },
        "2008-12": {
            "month": "2008-12",
            "price": "6.01",
            "revenue": 21112
        },
        "2009-01": {
            "month": "2009-01",
            "price": "5.76",
            "revenue": 21155
        },
        "2009-02": {
            "month": "2009-02",
            "price": "5.55",
            "revenue": 16095
        },
        "2009-03": {
            "month": "2009-03",
            "price": "6.18",
            "revenue": 22315
        },
        "2009-04": {
            "month": "2009-04",
            "price": "6.92",
            "revenue": 17081
        },
        "2009-05": {
            "month": "2009-05",
            "price": "6.91",
            "revenue": 18101
        },
        "2009-06": {
            "month": "2009-06",
            "price": "7.00",
            "revenue": 16955
        },
        "2009-07": {
            "month": "2009-07",
            "price": "7.17",
            "revenue": 19497
        },
        "2009-08": {
            "month": "2009-08",
            "price": "7.39",
            "revenue": 15602
        },
        "2009-09": {
            "month": "2009-09",
            "price": "9.26",
            "revenue": 20942
        },
        "2009-10": {
            "month": "2009-10",
            "price": "9.52",
            "revenue": 22369
        },
        "2009-11": {
            "month": "2009-11",
            "price": "9.64",
            "revenue": 27456
        },
        "2009-12": {
            "month": "2009-12",
            "price": "11.06",
            "revenue": 26592
        },
        "2010-01": {
            "month": "2010-01",
            "price": "12.30",
            "revenue": 20993
        },
        "2010-02": {
            "month": "2010-02",
            "price": "10.50",
            "revenue": 21142
        },
        "2010-03": {
            "month": "2010-03",
            "price": "10.96",
            "revenue": 28008
        },
        "2010-04": {
            "month": "2010-04",
            "price": "12.29",
            "revenue": 23091
        },
        "2010-05": {
            "month": "2010-05",
            "price": "11.17",
            "revenue": 22971
        },
        "2010-06": {
            "month": "2010-06",
            "price": "11.36",
            "revenue": 22572
        },
        "2010-07": {
            "month": "2010-07",
            "price": "15.42",
            "revenue": 20355
        },
        "2010-08": {
            "month": "2010-08",
            "price": "15.78",
            "revenue": 23273
        },
        "2010-09": {
            "month": "2010-09",
            "price": "14.82",
            "revenue": 26274
        },
        "2010-10": {
            "month": "2010-10",
            "price": "14.00",
            "revenue": 25382
        },
        "2010-11": {
            "month": "2010-11",
            "price": "12.11",
            "revenue": 23399
        },
        "2010-12": {
            "month": "2010-12",
            "price": "12.58",
            "revenue": 34669
        },
        "2011-01": {
            "month": "2011-01",
            "price": "12.35",
            "revenue": 20720
        },
        "2011-02": {
            "month": "2011-02",
            "price": "11.39",
            "revenue": 20476
        },
        "2011-03": {
            "month": "2011-03",
            "price": "11.11",
            "revenue": 26130
        },
        "2011-04": {
            "month": "2011-04",
            "price": "11.45",
            "revenue": 17860
        },
        "2011-05": {
            "month": "2011-05",
            "price": "11.26",
            "revenue": 24662
        },
        "2011-06": {
            "month": "2011-06",
            "price": "11.40",
            "revenue": 30935
        },
        "2011-07": {
            "month": "2011-07",
            "price": "10.73",
            "revenue": 20254
        },
        "2011-08": {
            "month": "2011-08",
            "price": "9.48",
            "revenue": 18191
        },
        "2011-09": {
            "month": "2011-09",
            "price": "9.14",
            "revenue": 34876
        },
        "2011-10": {
            "month": "2011-10",
            "price": "9.23",
            "revenue": 17811
        },
        "2011-11": {
            "month": "2011-11",
            "price": "9.45",
            "revenue": 14815
        },
        "2011-12": {
            "month": "2011-12",
            "price": "8.08",
            "revenue": 23398
        },
        "2012-01": {
            "month": "2012-01",
            "price": "7.86",
            "revenue": 18859
        },
        "2012-02": {
            "month": "2012-02",
            "price": "8.84",
            "revenue": 15462
        },
        "2012-03": {
            "month": "2012-03",
            "price": "9.09",
            "revenue": 18508
        },
        "2012-04": {
            "month": "2012-04",
            "price": "8.70",
            "revenue": 16742
        },
        "2012-05": {
            "month": "2012-05",
            "price": "7.80",
            "revenue": 17776
        },
        "2012-06": {
            "month": "2012-06",
            "price": "7.61",
            "revenue": 17286
        },
        "2012-07": {
            "month": "2012-07",
            "price": "7.59",
            "revenue": 17661
        },
        "2012-08": {
            "month": "2012-08",
            "price": "7.30",
            "revenue": 17306
        },
        "2012-09": {
            "month": "2012-09",
            "price": "7.42",
            "revenue": 16158
        },
        "2012-10": {
            "month": "2012-10",
            "price": "7.11",
            "revenue": 20358
        },
        "2012-11": {
            "month": "2012-11",
            "price": "6.40",
            "revenue": 25815
        },
        "2012-12": {
            "month": "2012-12",
            "price": "6.85",
            "revenue": 35332
        },
        "2013-01": {
            "month": "2013-01",
            "price": "6.99",
            "revenue": 18105
        },
        "2013-02": {
            "month": "2013-02",
            "price": "7.33",
            "revenue": 17164
        },
        "2013-03": {
            "month": "2013-03",
            "price": "7.30",
            "revenue": 26849
        },
        "2013-04": {
            "month": "2013-04",
            "price": "7.49",
            "revenue": 18130
        },
        "2013-05": {
            "month": "2013-05",
            "price": "8.49",
            "revenue": 23576
        },
        "2013-06": {
            "month": "2013-06",
            "price": "7.97",
            "revenue": 26032
        },
        "2013-07": {
            "month": "2013-07",
            "price": "8.19",
            "revenue": 25515
        },
        "2013-08": {
            "month": "2013-08",
            "price": "9.04",
            "revenue": 22712
        },
        "2013-09": {
            "month": "2013-09",
            "price": "9.09",
            "revenue": 31821
        },
        "2013-10": {
            "month": "2013-10",
            "price": "9.22",
            "revenue": 17424
        },
        "2013-11": {
            "month": "2013-11",
            "price": "8.90",
            "revenue": 24100
        },
        "2013-12": {
            "month": "2013-12",
            "price": "8.92",
            "revenue": 36701
        },
        "2014-01": {
            "month": "2014-01",
            "price": "9.10",
            "revenue": 37508
        },
        "2014-02": {
            "month": "2014-02",
            "price": "9.40",
            "revenue": 20583
        },
        "2014-03": {
            "month": "2014-03",
            "price": "10.19",
            "revenue": 29542
        },
        "2014-04": {
            "month": "2014-04",
            "price": "9.97",
            "revenue": 16488
        },
        "2014-05": {
            "month": "2014-05",
            "price": "9.55",
            "revenue": 31252
        },
        "2014-06": {
            "month": "2014-06",
            "price": "9.34",
            "revenue": 31913
        },
        "2014-07": {
            "month": "2014-07",
            "price": "9.98",
            "revenue": 27943
        },
        "2014-08": {
            "month": "2014-08",
            "price": "9.76",
            "revenue": 26603
        },
        "2014-09": {
            "month": "2014-09",
            "price": "9.35",
            "revenue": 25035
        },
        "2014-10": {
            "month": "2014-10",
            "price": "8.71",
            "revenue": 26782
        },
        "2014-11": {
            "month": "2014-11",
            "price": "8.13",
            "revenue": 26535
        },
        "2014-12": {
            "month": "2014-12",
            "price": "8.89",
            "revenue": 34415
        },
        "2015-01": {
            "month": "2015-01",
            "price": "9.17",
            "revenue": 19797
        },
        "2015-02": {
            "month": "2015-02",
            "price": "8.93",
            "revenue": 22968
        },
        "2015-03": {
            "month": "2015-03",
            "price": "9.04",
            "revenue": 28494
        },
        "2015-04": {
            "month": "2015-04",
            "price": "8.99",
            "revenue": 53268
        },
        "2015-05": {
            "month": "2015-05",
            "price": "9.28",
            "revenue": 19732
        },
        "2015-06": {
            "month": "2015-06",
            "price": "7.93",
            "revenue": 28912
        },
        "2015-07": {
            "month": "2015-07",
            "price": "7.21",
            "revenue": 17376
        },
        "2015-08": {
            "month": "2015-08",
            "price": "6.56",
            "revenue": 15363
        },
        "2015-09": {
            "month": "2015-09",
            "price": "6.95",
            "revenue": 20864
        },
        "2015-10": {
            "month": "2015-10",
            "price": "7.28",
            "revenue": 26851
        },
        "2015-11": {
            "month": "2015-11",
            "price": "7.05",
            "revenue": 25171
        },
        "2015-12": {
            "month": "2015-12",
            "price": "6.82",
            "revenue": 26926
        },
        "2016-01": {
            "month": "2016-01",
            "price": "6.64",
            "revenue": 16103
        },
        "2016-02": {
            "month": "2016-02",
            "price": "6.42",
            "revenue": 14972
        },
        "2016-03": {
            "month": "2016-03",
            "price": "6.31",
            "revenue": 17814
        },
        "2016-04": {
            "month": "2016-04",
            "price": "6.04",
            "revenue": 33754
        },
        "2016-05": {
            "month": "2016-05",
            "price": "5.67",
            "revenue": 22240
        },
        "2016-06": {
            "month": "2016-06",
            "price": "5.83",
            "revenue": 30444
        },
        "2016-07": {
            "month": "2016-07",
            "price": "6.31",
            "revenue": 19036
        },
        "2016-08": {
            "month": "2016-08",
            "price": "6.42",
            "revenue": 24319
        },
        "2016-09": {
            "month": "2016-09",
            "price": "6.49",
            "revenue": 32894
        },
        "2016-10": {
            "month": "2016-10",
            "price": "6.66",
            "revenue": 21176
        },
        "2016-11": {
            "month": "2016-11",
            "price": "6.41",
            "revenue": 36460
        },
        "2016-12": {
            "month": "2016-12",
            "price": "6.42",
            "revenue": 28931
        },
        "2017-01": {
            "month": "2017-01",
            "price": "6.47",
            "revenue": 17521
        },
        "2017-02": {
            "month": "2017-02",
            "price": "6.76",
            "revenue": 11250
        },
        "2017-03": {
            "month": "2017-03",
            "price": "6.95",
            "revenue": 30426
        },
        "2017-04": {
            "month": "2017-04",
            "price": "6.86",
            "revenue": 13333
        },
        "2017-05": {
            "month": "2017-05",
            "price": "6.65",
            "revenue": 16851
        },
        "2017-06": {
            "month": "2017-06",
            "price": "6.88",
            "revenue": 27659
        },
        "2017-07": {
            "month": "2017-07",
            "price": "6.98",
            "revenue": 21582
        },
        "2017-08": {
            "month": "2017-08",
            "price": "6.86",
            "revenue": 18174
        },
        "2017-09": {
            "month": "2017-09",
            "price": "6.91",
            "revenue": 25232
        },
        "2017-10": {
            "month": "2017-10",
            "price": "6.93",
            "revenue": 26323
        },
        "2017-11": {
            "month": "2017-11",
            "price": "6.91",
            "revenue": 32278
        },
        "2017-12": {
            "month": "2017-12",
            "price": "7.11",
            "revenue": 30233
        },
        "2018-01": {
            "month": "2018-01",
            "price": "7.54",
            "revenue": 34875
        },
        "2018-02": {
            "month": "2018-02",
            "price": "7.59",
            "revenue": 9973
        },
        "2018-03": {
            "month": "2018-03",
            "price": "7.44",
            "revenue": 14955
        },
        "2018-04": {
            "month": "2018-04",
            "price": "7.12",
            "revenue": 13167
        },
        "2018-05": {
            "month": "2018-05",
            "price": "7.01",
            "revenue": 17243
        },
        "2018-06": {
            "month": "2018-06",
            "price": "7.14",
            "revenue": 24960
        },
        "2018-07": {
            "month": "2018-07",
            "price": "6.91",
            "revenue": 22242
        },
        "2018-08": {
            "month": "2018-08",
            "price": "6.90",
            "revenue": 16867
        },
        "2018-09": {
            "month": "2018-09",
            "price": "7.01",
            "revenue": 23543
        },
        "2018-10": {
            "month": "2018-10",
            "price": "6.60",
            "revenue": 36277
        },
        "2018-11": {
            "month": "2018-11",
            "price": "6.64",
            "revenue": 29501
        },
        "2018-12": {
            "month": "2018-12",
            "price": "6.64",
            "revenue": 36709
        },
        "2019-01": {
            "month": "2019-01",
            "price": "6.80",
            "revenue": 22361
        },
        "2019-02": {
            "month": "2019-02",
            "price": "6.85",
            "revenue": 22399
        },
        "2019-03": {
            "month": "2019-03",
            "price": "8.75",
            "revenue": 24007
        },
        "2019-04": {
            "month": "2019-04",
            "price": "8.78",
            "revenue": 19629
        },
        "2019-05": {
            "month": "2019-05",
            "price": "8.03",
            "revenue": 20484
        },
        "2019-06": {
            "month": "2019-06",
            "price": "7.19",
            "revenue": 29916
        },
        "2019-07": {
            "month": "2019-07",
            "price": "7.66",
            "revenue": 20505
        },
        "2019-08": {
            "month": "2019-08",
            "price": "7.56",
            "revenue": 24949
        },
        "2019-09": {
            "month": "2019-09",
            "price": "7.73",
            "revenue": 18222
        },
        "2019-10": {
            "month": "2019-10",
            "price": "7.87",
            "revenue": 20306
        },
        "2019-11": {
            "month": "2019-11",
            "price": "7.25",
            "revenue": 20047
        },
        "2019-12": {
            "month": "2019-12",
            "price": "7.17",
            "revenue": 32247
        },
        "2020-01": {
            "month": "2020-01",
            "price": "7.23",
            "revenue": 15550
        },
        "2020-02": {
            "month": "2020-02",
            "price": "7.20",
            "revenue": 17993
        },
        "2020-03": {
            "month": "2020-03",
            "price": "5.60",
            "revenue": 18531
        },
        "2020-04": {
            "month": "2020-04",
            "price": "6.19",
            "revenue": 15886
        },
        "2020-05": {
            "month": "2020-05",
            "price": "6.46",
            "revenue": 15301
        },
        "2020-06": {
            "month": "2020-06",
            "price": "6.54",
            "revenue": 16857
        },
        "2020-07": {
            "month": "2020-07",
            "price": "8.19",
            "revenue": 27862
        },
        "2020-08": {
            "month": "2020-08",
            "price": "9.06",
            "revenue": 16016
        },
        "2020-09": {
            "month": "2020-09",
            "price": "9.23",
            "revenue": 21102
        },
        "2020-10": {
            "month": "2020-10",
            "price": "8.52",
            "revenue": 13954
        },
        "2020-11": {
            "month": "2020-11",
            "price": "10.13",
            "revenue": 15358
        },
        "2020-12": {
            "month": "2020-12",
            "price": "9.81",
            "revenue": 30760
        },
        "2021-01": {
            "month": "2021-01",
            "price": "7.60",
            "revenue": 14332
        },
        "2021-02": {
            "month": "2021-02",
            "price": "7.15",
            "revenue": 14934
        },
        "2021-03": {
            "month": "2021-03",
            "price": "8.08",
            "revenue": 16798
        },
        "2021-04": {
            "month": "2021-04",
            "price": "8.85",
            "revenue": 15828
        },
        "2021-05": {
            "month": "2021-05",
            "price": "10.37",
            "revenue": 15939
        },
        "2021-06": {
            "month": "2021-06",
            "price": "10.13",
            "revenue": 17872
        },
        "2021-07": {
            "month": "2021-07",
            "price": "10.48",
            "revenue": 65235
        },
        "2021-08": {
            "month": "2021-08",
            "price": "14.98",
            "revenue": 99400
        },
        "2021-09": {
            "month": "2021-09",
            "price": "20.54",
            "revenue": 99406
        },
        "2021-10": {
            "month": "2021-10",
            "price": "23.29",
            "revenue": 92485
        },
        "2021-11": {
            "month": "2021-11",
            "price": "22.17",
            "revenue": 100642
        },
        "2021-12": {
            "month": "2021-12",
            "price": "18.04",
            "revenue": 72042
        },
        "2022-01": {
            "month": "2022-01",
            "price": "15.74",
            "revenue": 48531
        },
        "2022-02": {
            "month": "2022-02",
            "price": "16.48",
            "revenue": 31178
        },
        "2022-03": {
            "month": "2022-03",
            "price": "16.93",
            "revenue": 32082
        },
        "2022-04": {
            "month": "2022-04",
            "price": "23.40",
            "revenue": 20554
        },
        "2022-05": {
            "month": "2022-05",
            "price": "20.65",
            "revenue": 24887
        },
        "2022-06": {
            "month": "2022-06",
            "price": "22.84",
            "revenue": 29092
        },
        "2022-07": {
            "month": "2022-07",
            "price": "20.00",
            "revenue": 31679
        },
        "2022-08": {
            "month": "2022-08",
            "price": "20.64",
            "revenue": 22440
        },
        "2022-09": {
            "month": "2022-09",
            "price": "19.02",
            "revenue": 33899
        },
        "2022-10": {
            "month": "2022-10",
            "price": "16.32",
            "revenue": 16172
        },
        "2022-11": {
            "month": "2022-11",
            "price": "16.19",
            "revenue": 18760
        },
        "2022-12": {
            "month": "2022-12",
            "price": "15.30",
            "revenue": 37650
        },
        "2023-01": {
            "month": "2023-01",
            "price": "14.59",
            "revenue": 20190
        },
        "2023-02": {
            "month": "2023-02",
            "price": "16.22",
            "revenue": 16964
        },
        "2023-03": {
            "month": "2023-03",
            "price": "18.12",
            "revenue": 20175
        },
        "2023-04": {
            "month": "2023-04",
            "price": "17.52",
            "revenue": 15621
        },
        "2023-05": {
            "month": "2023-05",
            "price": "16.32",
            "revenue": 22182
        },
        "2023-06": {
            "month": "2023-06",
            "price": "16.82",
            "revenue": 25560
        },
        "2023-07": {
            "month": "2023-07",
            "price": "17.70",
            "revenue": 19517
        },
        "2023-08": {
            "month": "2023-08",
            "price": "18.34",
            "revenue": 25226
        },
        "2023-09": {
            "month": "2023-09",
            "price": "22.16",
            "revenue": 17986
        },
        "2023-10": {
            "month": "2023-10",
            "price": "26.59",
            "revenue": 15556
        },
        "2023-11": {
            "month": "2023-11",
            "price": "31.42",
            "revenue": 18883
        },
        "2023-12": {
            "month": "2023-12",
            "price": "57.30",
            "revenue": 44123
        }
    }
}
