{
    "summary": {
        "stock_name": "蒙恬",
        "stock_id": "5211",
        "category": "資訊服務",
        "main_business": "電腦軟體之設計維護及買賣業務。<br>電腦及其週邊設備之設計、製造、修理及買賣業務。<br>一般進出口貿易業務。",
        "website_url": "http://www.penpower.com.tw",
        "ceo": "洪成安",
        "pe_ratio": -5,
        "report_year_from": 2001,
        "report_year_to": 2023,
        "age": 23,
        "eps_negative_percentage": 9,
        "eps_growth_avg": {
            "last_all": -13.06,
            "last_2y": -68.03,
            "last_4y": -34.01,
            "last_8y": -33.76,
            "last_12y": -30.75,
            "last_16y": -19.47,
            "last_20y": -13.06,
            "at_2006_last_3y": 12.61,
            "at_2007_last_3y": 9.24,
            "at_2008_last_3y": 23.28,
            "at_2009_last_3y": 27.07,
            "at_2010_last_3y": 14.35,
            "at_2011_last_3y": 4.06,
            "at_2012_last_3y": -2.77,
            "at_2013_last_3y": -15.86,
            "at_2014_last_3y": -24.71,
            "at_2015_last_3y": -23.52,
            "at_2016_last_3y": -11.79,
            "at_2017_last_3y": -6.49,
            "at_2018_last_3y": -33.51,
            "at_2019_last_3y": -0.82,
            "at_2020_last_3y": -31.38,
            "at_2021_last_3y": -31.45,
            "at_2022_last_3y": -12.02,
            "at_2023_last_3y": -78.68,
            "at_2024_last_3y": -78.68,
            "at_2006_last_all": 12.61,
            "at_2007_last_all": 11.21,
            "at_2008_last_all": 9.78,
            "at_2009_last_all": 8.38,
            "at_2010_last_all": 13.48,
            "at_2011_last_all": 8.03,
            "at_2012_last_all": 4.76,
            "at_2013_last_all": -0.43,
            "at_2014_last_all": 0.75,
            "at_2015_last_all": -1.68,
            "at_2016_last_all": 0.03,
            "at_2017_last_all": -2.05,
            "at_2018_last_all": -7.82,
            "at_2019_last_all": -1.47,
            "at_2020_last_all": -6.95,
            "at_2021_last_all": -6.95,
            "at_2022_last_all": -8.48,
            "at_2023_last_all": -13.06,
            "at_2024_last_all": -13.06
        },
        "latest_eps": -4.7,
        "latest_price": 25.5,
        "latest_roe": -30,
        "latest_gross_margin": 52.3,
        "latest_equity": 424728,
        "latest_revenue": 47958,
        "latest_gross_profit": 25080,
        "latest_net_income": -2108,
        "latest_debt_ratio": 12.3,
        "latest_current_ratio": 971.73,
        "latest_account_receivable_turnover_ratio": 2.77,
        "latest_inventory_turnover_ratio": 0.78,
        "latest_reinvestment_rate": null,
        "latest_research_to_sale_ratio": 17.14
    },
    "eps_dividends": {
        "2001": {
            "cash": 0,
            "stock": 0,
            "eps": 0
        },
        "2002": {
            "cash": 0,
            "stock": 0,
            "eps": 2.15
        },
        "2003": {
            "cash": 1.2,
            "stock": 0.4,
            "eps": 2.56
        },
        "2004": {
            "cash": 0.39,
            "stock": 2.26,
            "eps": 1.19
        },
        "2005": {
            "cash": 0.6,
            "stock": 0.15,
            "eps": 1.01
        },
        "2006": {
            "cash": 0.7,
            "stock": 0.18,
            "eps": 2.14
        },
        "2007": {
            "cash": 2.6900000000000004,
            "stock": 0.67,
            "eps": 2.26
        },
        "2008": {
            "cash": 0,
            "stock": 0,
            "eps": 2.32
        },
        "2009": {
            "cash": 1.73,
            "stock": 0.19,
            "eps": 2.32
        },
        "2010": {
            "cash": 2,
            "stock": 0,
            "eps": 3.46
        },
        "2011": {
            "cash": 2.95,
            "stock": 0,
            "eps": 2.23
        },
        "2012": {
            "cash": 2.14,
            "stock": 0,
            "eps": 1.68
        },
        "2013": {
            "cash": 1.5,
            "stock": 0,
            "eps": 0.8
        },
        "2014": {
            "cash": 1,
            "stock": 0,
            "eps": 0.91
        },
        "2015": {
            "cash": 0.84,
            "stock": 0,
            "eps": 0.63
        },
        "2016": {
            "cash": 0.59,
            "stock": 0,
            "eps": 0.77
        },
        "2017": {
            "cash": 0.61,
            "stock": 0,
            "eps": 0.53
        },
        "2018": {
            "cash": 0.32,
            "stock": 0,
            "eps": 0.03
        },
        "2019": {
            "cash": 0,
            "stock": 0,
            "eps": 0.56
        },
        "2020": {
            "cash": 0.4,
            "stock": 0,
            "eps": -0.31
        },
        "2021": {
            "cash": 0,
            "stock": 0,
            "eps": 1.47
        },
        "2022": {
            "cash": 0.7,
            "stock": 0,
            "eps": 0.94
        },
        "2023": {
            "cash": 0.75,
            "stock": 0,
            "eps": -4.15
        }
    },
    "dividends": {
        "2003-06-30": {
            "cash": 1.2,
            "stock": 0.4
        },
        "2004-04-08": {
            "cash": 0.39,
            "stock": 2.26
        },
        "2005-04-29": {
            "cash": 0.6,
            "stock": 0.15
        },
        "2006-04-20": {
            "cash": 0.7,
            "stock": 0.18
        },
        "2007-03-09": {
            "cash": 1.09,
            "stock": 0.27
        },
        "2007-12-28": {
            "cash": 1.6,
            "stock": 0.4
        },
        "2009-03-13": {
            "cash": 1.73,
            "stock": 0.19
        },
        "2010-06-09": {
            "cash": 2,
            "stock": 0
        },
        "2011-06-02": {
            "cash": 2.95,
            "stock": 0
        },
        "2012-05-25": {
            "cash": 2.14,
            "stock": 0
        },
        "2013-06-10": {
            "cash": 1.5,
            "stock": 0
        },
        "2014-05-14": {
            "cash": 1,
            "stock": 0
        },
        "2015-07-15": {
            "cash": 0.84,
            "stock": 0
        },
        "2016-06-30": {
            "cash": 0.59,
            "stock": 0
        },
        "2017-07-10": {
            "cash": 0.61,
            "stock": 0
        },
        "2018-07-30": {
            "cash": 0.32,
            "stock": 0
        },
        "2020-06-30": {
            "cash": 0.4,
            "stock": 0
        },
        "2022-07-27": {
            "cash": 0.7,
            "stock": 0
        },
        "2023-08-28": {
            "cash": 0.75,
            "stock": 0
        }
    },
    "prices": {
        "200101": "無",
        "200102": "無",
        "200103": "無",
        "200104": "無",
        "200105": "無",
        "200106": "無",
        "200107": "無",
        "200108": "無",
        "200109": "無",
        "200110": "無",
        "200111": "無",
        "200112": "無",
        "200201": "無",
        "200202": "無",
        "200203": "無",
        "200204": "無",
        "200205": "無",
        "200206": "無",
        "200207": "無",
        "200208": "無",
        "200209": "無",
        "200210": "無",
        "200211": "無",
        "200212": "36.36",
        "200301": "37.63",
        "200302": "34.78",
        "200303": "31.00",
        "200304": "30.81",
        "200305": "28.84",
        "200306": "31.56",
        "200307": "32.37",
        "200308": "30.02",
        "200309": "30.06",
        "200310": "29.21",
        "200311": "29.18",
        "200312": "29.24",
        "200401": "29.63",
        "200402": "30.86",
        "200403": "31.08",
        "200404": "33.09",
        "200405": "32.39",
        "200406": "32.77",
        "200407": "26.52",
        "200408": "25.97",
        "200409": "25.26",
        "200410": "22.79",
        "200411": "21.25",
        "200412": "20.42",
        "200501": "19.26",
        "200502": "19.42",
        "200503": "19.59",
        "200504": "16.58",
        "200505": "15.50",
        "200506": "17.02",
        "200507": "21.17",
        "200508": "20.63",
        "200509": "16.28",
        "200510": "15.30",
        "200511": "15.65",
        "200512": "16.41",
        "200601": "16.07",
        "200602": "15.44",
        "200603": "16.54",
        "200604": "18.46",
        "200605": "19.48",
        "200606": "20.17",
        "200607": "23.34",
        "200608": "23.97",
        "200609": "20.75",
        "200610": "22.09",
        "200611": "22.93",
        "200612": "27.58",
        "200701": "30.89",
        "200702": "30.63",
        "200703": "29.89",
        "200704": "34.14",
        "200705": "45.08",
        "200706": "58.92",
        "200707": "55.67",
        "200708": "54.80",
        "200709": "48.59",
        "200710": "51.67",
        "200711": "42.06",
        "200712": "39.71",
        "200801": "34.02",
        "200802": "32.84",
        "200803": "34.76",
        "200804": "38.14",
        "200805": "40.62",
        "200806": "34.75",
        "200807": "29.77",
        "200808": "31.80",
        "200809": "28.45",
        "200810": "25.78",
        "200811": "15.38",
        "200812": "15.67",
        "200901": "15.65",
        "200902": "16.10",
        "200903": "19.80",
        "200904": "22.10",
        "200905": "27.82",
        "200906": "29.00",
        "200907": "30.11",
        "200908": "28.60",
        "200909": "31.78",
        "200910": "33.00",
        "200911": "31.23",
        "200912": "42.30",
        "201001": "47.45",
        "201002": "38.62",
        "201003": "47.11",
        "201004": "69.06",
        "201005": "73.70",
        "201006": "80.49",
        "201007": "73.16",
        "201008": "68.08",
        "201009": "85.38",
        "201010": "78.85",
        "201011": "72.01",
        "201012": "85.29",
        "201101": "76.94",
        "201102": "79.76",
        "201103": "80.04",
        "201104": "76.77",
        "201105": "65.00",
        "201106": "62.93",
        "201107": "50.07",
        "201108": "36.25",
        "201109": "33.83",
        "201110": "38.84",
        "201111": "42.07",
        "201112": "34.77",
        "201201": "36.35",
        "201202": "45.83",
        "201203": "47.95",
        "201204": "39.12",
        "201205": "37.49",
        "201206": "36.06",
        "201207": "34.75",
        "201208": "35.76",
        "201209": "36.05",
        "201210": "33.38",
        "201211": "27.46",
        "201212": "28.93",
        "201301": "30.05",
        "201302": "29.53",
        "201303": "29.89",
        "201304": "29.42",
        "201305": "28.87",
        "201306": "28.01",
        "201307": "26.05",
        "201308": "24.59",
        "201309": "23.94",
        "201310": "23.06",
        "201311": "21.42",
        "201312": "22.85",
        "201401": "23.91",
        "201402": "29.53",
        "201403": "30.90",
        "201404": "30.67",
        "201405": "29.88",
        "201406": "35.96",
        "201407": "35.69",
        "201408": "32.12",
        "201409": "32.46",
        "201410": "27.98",
        "201411": "27.10",
        "201412": "28.22",
        "201501": "28.72",
        "201502": "27.75",
        "201503": "30.98",
        "201504": "39.57",
        "201505": "32.36",
        "201506": "28.03",
        "201507": "25.22",
        "201508": "21.02",
        "201509": "20.60",
        "201510": "22.98",
        "201511": "23.70",
        "201512": "22.65",
        "201601": "20.05",
        "201602": "21.45",
        "201603": "22.33",
        "201604": "20.80",
        "201605": "20.21",
        "201606": "20.18",
        "201607": "20.74",
        "201608": "22.88",
        "201609": "21.68",
        "201610": "20.88",
        "201611": "19.61",
        "201612": "19.92",
        "201701": "20.01",
        "201702": "21.76",
        "201703": "21.70",
        "201704": "20.43",
        "201705": "20.66",
        "201706": "20.69",
        "201707": "20.29",
        "201708": "20.10",
        "201709": "20.33",
        "201710": "19.94",
        "201711": "21.16",
        "201712": "20.81",
        "201801": "21.16",
        "201802": "22.17",
        "201803": "23.60",
        "201804": "21.41",
        "201805": "20.24",
        "201806": "20.74",
        "201807": "19.53",
        "201808": "18.54",
        "201809": "17.12",
        "201810": "15.57",
        "201811": "14.31",
        "201812": "15.65",
        "201901": "15.14",
        "201902": "15.44",
        "201903": "16.38",
        "201904": "16.35",
        "201905": "15.19",
        "201906": "14.49",
        "201907": "15.34",
        "201908": "16.56",
        "201909": "17.95",
        "201910": "18.00",
        "201911": "16.92",
        "201912": "16.29",
        "202001": "16.04",
        "202002": "14.95",
        "202003": "13.01",
        "202004": "12.75",
        "202005": "13.74",
        "202006": "14.21",
        "202007": "15.19",
        "202008": "14.94",
        "202009": "15.04",
        "202010": "14.90",
        "202011": "14.93",
        "202012": "15.14",
        "202101": "15.21",
        "202102": "14.87",
        "202103": "15.25",
        "202104": "17.12",
        "202105": "15.91",
        "202106": "16.34",
        "202107": "16.15",
        "202108": "16.26",
        "202109": "20.80",
        "202110": "19.80",
        "202111": "21.71",
        "202112": "20.20",
        "202201": "19.33",
        "202202": "18.92",
        "202203": "18.27",
        "202204": "17.78",
        "202205": "16.85",
        "202206": "17.20",
        "202207": "16.86",
        "202208": "20.75",
        "202209": "19.94",
        "202210": "17.82",
        "202211": "19.02",
        "202212": "19.34",
        "202301": "18.83",
        "202302": "19.45",
        "202303": "26.18",
        "202304": "31.37",
        "202305": "30.00",
        "202306": "26.85",
        "202307": "25.40",
        "202308": "22.49",
        "202309": "23.84",
        "202310": "23.48",
        "202311": "22.62",
        "202312": "22.57"
    },
    "quarters": {
        "20011": {
            "year_quarter": 20011,
            "year": 2001,
            "quarter": 1,
            "eps": null,
            "eps_growth_year": null,
            "eps_4q": null,
            "eps_4q_growth_year": null,
            "roe": null,
            "roe_4q": 0,
            "gross_profit": null,
            "gross_margin": null,
            "gross_margin_4q_avg": 0,
            "net_income": null,
            "net_income_4q": null,
            "revenue": null,
            "revenue_4q": null,
            "common_shares": null,
            "book_valuer_per_share": null,
            "book_valuer_per_share_4q_avg": 0,
            "equity": null,
            "current_ratio": null,
            "debt_ratio": null,
            "inventory_turnover_ratio": null,
            "account_receivable_turnover_ratio": null,
            "reinvestment_rate": null,
            "research_to_sale_ratio": null,
            "price_fair": 0,
            "eps_avg_yearly": 0,
            "eps_latest_yearly": 0,
            "eps_growth_yearly": 0
        },
        "20012": {
            "year_quarter": 20012,
            "year": 2001,
            "quarter": 2,
            "eps": null,
            "eps_growth_year": null,
            "eps_4q": null,
            "eps_4q_growth_year": null,
            "roe": null,
            "roe_4q": 0,
            "gross_profit": null,
            "gross_margin": null,
            "gross_margin_4q_avg": 0,
            "net_income": null,
            "net_income_4q": null,
            "revenue": null,
            "revenue_4q": null,
            "common_shares": null,
            "book_valuer_per_share": null,
            "book_valuer_per_share_4q_avg": 0,
            "equity": null,
            "current_ratio": null,
            "debt_ratio": null,
            "inventory_turnover_ratio": null,
            "account_receivable_turnover_ratio": null,
            "reinvestment_rate": null,
            "research_to_sale_ratio": null,
            "price_fair": 0,
            "eps_avg_yearly": 0,
            "eps_latest_yearly": 0,
            "eps_growth_yearly": 0
        },
        "20013": {
            "year_quarter": 20013,
            "year": 2001,
            "quarter": 3,
            "eps": null,
            "eps_growth_year": null,
            "eps_4q": null,
            "eps_4q_growth_year": null,
            "roe": null,
            "roe_4q": 0,
            "gross_profit": null,
            "gross_margin": null,
            "gross_margin_4q_avg": 0,
            "net_income": null,
            "net_income_4q": null,
            "revenue": null,
            "revenue_4q": null,
            "common_shares": null,
            "book_valuer_per_share": null,
            "book_valuer_per_share_4q_avg": 0,
            "equity": null,
            "current_ratio": null,
            "debt_ratio": null,
            "inventory_turnover_ratio": null,
            "account_receivable_turnover_ratio": null,
            "reinvestment_rate": null,
            "research_to_sale_ratio": null,
            "price_fair": 0,
            "eps_avg_yearly": 0,
            "eps_latest_yearly": 0,
            "eps_growth_yearly": 0
        },
        "20014": {
            "year_quarter": 20014,
            "year": 2001,
            "quarter": 4,
            "eps": null,
            "eps_growth_year": null,
            "eps_4q": null,
            "eps_4q_growth_year": null,
            "roe": null,
            "roe_4q": 0,
            "gross_profit": null,
            "gross_margin": null,
            "gross_margin_4q_avg": 0,
            "net_income": null,
            "net_income_4q": null,
            "revenue": null,
            "revenue_4q": null,
            "common_shares": 202470,
            "book_valuer_per_share": 16.63,
            "book_valuer_per_share_4q_avg": 4.16,
            "equity": 336651,
            "current_ratio": 253.12,
            "debt_ratio": 26.66,
            "inventory_turnover_ratio": null,
            "account_receivable_turnover_ratio": null,
            "reinvestment_rate": null,
            "research_to_sale_ratio": null,
            "price_fair": 0,
            "eps_avg_yearly": 0,
            "eps_latest_yearly": 0,
            "eps_growth_yearly": 0
        },
        "20021": {
            "year_quarter": 20021,
            "year": 2002,
            "quarter": 1,
            "eps": 0.36,
            "eps_growth_year": null,
            "eps_4q": null,
            "eps_4q_growth_year": null,
            "roe": 2.17,
            "roe_4q": 2.17,
            "gross_profit": 35823,
            "gross_margin": 43.41,
            "gross_margin_4q_avg": 10.85,
            "net_income": 7387,
            "net_income_4q": null,
            "revenue": 82530,
            "revenue_4q": null,
            "common_shares": 202470,
            "book_valuer_per_share": 16.99,
            "book_valuer_per_share_4q_avg": 8.41,
            "equity": 344068,
            "current_ratio": 372.15,
            "debt_ratio": 17.12,
            "inventory_turnover_ratio": 1.44,
            "account_receivable_turnover_ratio": null,
            "reinvestment_rate": null,
            "research_to_sale_ratio": null,
            "price_fair": 0,
            "eps_avg_yearly": 0,
            "eps_latest_yearly": 0,
            "eps_growth_yearly": 0
        },
        "20022": {
            "year_quarter": 20022,
            "year": 2002,
            "quarter": 2,
            "eps": 0.63,
            "eps_growth_year": null,
            "eps_4q": null,
            "eps_4q_growth_year": null,
            "roe": 4.33,
            "roe_4q": 6.5,
            "gross_profit": 31972,
            "gross_margin": 44.56,
            "gross_margin_4q_avg": 21.99,
            "net_income": 14528,
            "net_income_4q": null,
            "revenue": 71747,
            "revenue_4q": null,
            "common_shares": 202470,
            "book_valuer_per_share": 16.18,
            "book_valuer_per_share_4q_avg": 12.45,
            "equity": 327622,
            "current_ratio": 251.47,
            "debt_ratio": 25.08,
            "inventory_turnover_ratio": 3.17,
            "account_receivable_turnover_ratio": null,
            "reinvestment_rate": null,
            "research_to_sale_ratio": null,
            "price_fair": 88.2,
            "eps_avg_yearly": 2.52,
            "eps_latest_yearly": 2.52,
            "eps_growth_yearly": 300
        },
        "20023": {
            "year_quarter": 20023,
            "year": 2002,
            "quarter": 3,
            "eps": 0.46,
            "eps_growth_year": null,
            "eps_4q": null,
            "eps_4q_growth_year": null,
            "roe": 3.17,
            "roe_4q": 9.67,
            "gross_profit": 10835,
            "gross_margin": 28.52,
            "gross_margin_4q_avg": 29.12,
            "net_income": 10613,
            "net_income_4q": null,
            "revenue": 37997,
            "revenue_4q": null,
            "common_shares": 230717,
            "book_valuer_per_share": 14.86,
            "book_valuer_per_share_4q_avg": 16.17,
            "equity": 342889,
            "current_ratio": 355.04,
            "debt_ratio": 15.66,
            "inventory_turnover_ratio": 2.04,
            "account_receivable_turnover_ratio": null,
            "reinvestment_rate": null,
            "research_to_sale_ratio": null,
            "price_fair": 76.3,
            "eps_avg_yearly": 2.18,
            "eps_latest_yearly": 1.84,
            "eps_growth_yearly": 96.03
        },
        "20024": {
            "year_quarter": 20024,
            "year": 2002,
            "quarter": 4,
            "eps": 0.7,
            "eps_growth_year": null,
            "eps_4q": 2.11,
            "eps_4q_growth_year": null,
            "roe": 4.6,
            "roe_4q": 14.27,
            "gross_profit": 34910,
            "gross_margin": 51.13,
            "gross_margin_4q_avg": 41.91,
            "net_income": 16153,
            "net_income_4q": null,
            "revenue": 68273,
            "revenue_4q": null,
            "common_shares": 230717,
            "book_valuer_per_share": 15.57,
            "book_valuer_per_share_4q_avg": 15.9,
            "equity": 359193,
            "current_ratio": 228.27,
            "debt_ratio": 31.57,
            "inventory_turnover_ratio": 0.61,
            "account_receivable_turnover_ratio": null,
            "reinvestment_rate": null,
            "research_to_sale_ratio": null,
            "price_fair": 83.53,
            "eps_avg_yearly": 2.39,
            "eps_latest_yearly": 2.8,
            "eps_growth_yearly": 133.59
        },
        "20031": {
            "year_quarter": 20031,
            "year": 2003,
            "quarter": 1,
            "eps": 0.74,
            "eps_growth_year": 105.56,
            "eps_4q": 2.54,
            "eps_4q_growth_year": null,
            "roe": 4.63,
            "roe_4q": 16.73,
            "gross_profit": 32501,
            "gross_margin": 44.72,
            "gross_margin_4q_avg": 42.23,
            "net_income": 17022,
            "net_income_4q": null,
            "revenue": 72680,
            "revenue_4q": null,
            "common_shares": 230717,
            "book_valuer_per_share": 16.29,
            "book_valuer_per_share_4q_avg": 15.73,
            "equity": 375795,
            "current_ratio": 411.6,
            "debt_ratio": 14.14,
            "inventory_turnover_ratio": 0.76,
            "account_receivable_turnover_ratio": null,
            "reinvestment_rate": null,
            "research_to_sale_ratio": null,
            "price_fair": 88.55,
            "eps_avg_yearly": 2.53,
            "eps_latest_yearly": 2.96,
            "eps_growth_yearly": 105.9
        },
        "20032": {
            "year_quarter": 20032,
            "year": 2003,
            "quarter": 2,
            "eps": 0.56,
            "eps_growth_year": -11.11,
            "eps_4q": 2.36,
            "eps_4q_growth_year": null,
            "roe": 3.71,
            "roe_4q": 16.11,
            "gross_profit": 30989,
            "gross_margin": 50.1,
            "gross_margin_4q_avg": 43.62,
            "net_income": 13594,
            "net_income_4q": null,
            "revenue": 61858,
            "revenue_4q": null,
            "common_shares": 230717,
            "book_valuer_per_share": 15.48,
            "book_valuer_per_share_4q_avg": 15.55,
            "equity": 357171,
            "current_ratio": 249.72,
            "debt_ratio": 21.35,
            "inventory_turnover_ratio": 3.27,
            "account_receivable_turnover_ratio": null,
            "reinvestment_rate": null,
            "research_to_sale_ratio": null,
            "price_fair": 86.52,
            "eps_avg_yearly": 2.47,
            "eps_latest_yearly": 2.24,
            "eps_growth_yearly": 65.26
        },
        "20033": {
            "year_quarter": 20033,
            "year": 2003,
            "quarter": 3,
            "eps": 0.63,
            "eps_growth_year": 36.96,
            "eps_4q": 2.55,
            "eps_4q_growth_year": null,
            "roe": 4.23,
            "roe_4q": 17.17,
            "gross_profit": 32335,
            "gross_margin": 53.96,
            "gross_margin_4q_avg": 49.98,
            "net_income": 15372,
            "net_income_4q": null,
            "revenue": 59923,
            "revenue_4q": null,
            "common_shares": 242534,
            "book_valuer_per_share": 15.25,
            "book_valuer_per_share_4q_avg": 15.65,
            "equity": 369851,
            "current_ratio": 766.84,
            "debt_ratio": 32.01,
            "inventory_turnover_ratio": 2.42,
            "account_receivable_turnover_ratio": null,
            "reinvestment_rate": null,
            "research_to_sale_ratio": null,
            "price_fair": 86.8,
            "eps_avg_yearly": 2.48,
            "eps_latest_yearly": 2.52,
            "eps_growth_yearly": 62.72
        },
        "20034": {
            "year_quarter": 20034,
            "year": 2003,
            "quarter": 4,
            "eps": 0.63,
            "eps_growth_year": -10,
            "eps_4q": 2.53,
            "eps_4q_growth_year": 19.75,
            "roe": 4.04,
            "roe_4q": 16.61,
            "gross_profit": 44785,
            "gross_margin": 56.74,
            "gross_margin_4q_avg": 51.38,
            "net_income": 15279,
            "net_income_4q": null,
            "revenue": 78924,
            "revenue_4q": null,
            "common_shares": 242534,
            "book_valuer_per_share": 15.91,
            "book_valuer_per_share_4q_avg": 15.73,
            "equity": 387039,
            "current_ratio": 242.16,
            "debt_ratio": 49.88,
            "inventory_turnover_ratio": 0.41,
            "account_receivable_turnover_ratio": null,
            "reinvestment_rate": null,
            "research_to_sale_ratio": null,
            "price_fair": 87,
            "eps_avg_yearly": 2.49,
            "eps_latest_yearly": 2.52,
            "eps_growth_yearly": 53.76
        },
        "20041": {
            "year_quarter": 20041,
            "year": 2004,
            "quarter": 1,
            "eps": 1,
            "eps_growth_year": 35.14,
            "eps_4q": 2.82,
            "eps_4q_growth_year": 11.27,
            "roe": 6.14,
            "roe_4q": 18.12,
            "gross_profit": 39851,
            "gross_margin": 54.09,
            "gross_margin_4q_avg": 53.72,
            "net_income": 24297,
            "net_income_4q": null,
            "revenue": 73670,
            "revenue_4q": null,
            "common_shares": 242534,
            "book_valuer_per_share": 16.69,
            "book_valuer_per_share_4q_avg": 15.83,
            "equity": 404829,
            "current_ratio": 604.51,
            "debt_ratio": 32.71,
            "inventory_turnover_ratio": 0.39,
            "account_receivable_turnover_ratio": null,
            "reinvestment_rate": null,
            "research_to_sale_ratio": null,
            "price_fair": 93.63,
            "eps_avg_yearly": 2.68,
            "eps_latest_yearly": 4,
            "eps_growth_yearly": 76.4
        },
        "20042": {
            "year_quarter": 20042,
            "year": 2004,
            "quarter": 2,
            "eps": 0.55,
            "eps_growth_year": -1.79,
            "eps_4q": 2.36,
            "eps_4q_growth_year": -0,
            "roe": 4.08,
            "roe_4q": 18.49,
            "gross_profit": 37907,
            "gross_margin": 53.34,
            "gross_margin_4q_avg": 54.53,
            "net_income": 16662,
            "net_income_4q": null,
            "revenue": 71071,
            "revenue_4q": null,
            "common_shares": 242534,
            "book_valuer_per_share": 16.98,
            "book_valuer_per_share_4q_avg": 16.21,
            "equity": 411716,
            "current_ratio": 485.21,
            "debt_ratio": 33.78,
            "inventory_turnover_ratio": 2.12,
            "account_receivable_turnover_ratio": null,
            "reinvestment_rate": null,
            "research_to_sale_ratio": null,
            "price_fair": 91.78,
            "eps_avg_yearly": 2.62,
            "eps_latest_yearly": 2.2,
            "eps_growth_yearly": 47.92
        },
        "20043": {
            "year_quarter": 20043,
            "year": 2004,
            "quarter": 3,
            "eps": 0.51,
            "eps_growth_year": -19.05,
            "eps_4q": 2.4,
            "eps_4q_growth_year": -5.73,
            "roe": 3.69,
            "roe_4q": 17.95,
            "gross_profit": 39168,
            "gross_margin": 53.65,
            "gross_margin_4q_avg": 54.46,
            "net_income": 15168,
            "net_income_4q": null,
            "revenue": 73010,
            "revenue_4q": null,
            "common_shares": 301346,
            "book_valuer_per_share": 13.65,
            "book_valuer_per_share_4q_avg": 15.81,
            "equity": 411316,
            "current_ratio": 141.16,
            "debt_ratio": 33.97,
            "inventory_turnover_ratio": 2.14,
            "account_receivable_turnover_ratio": null,
            "reinvestment_rate": null,
            "research_to_sale_ratio": null,
            "price_fair": 89.74,
            "eps_avg_yearly": 2.56,
            "eps_latest_yearly": 2.04,
            "eps_growth_yearly": 40.21
        },
        "20044": {
            "year_quarter": 20044,
            "year": 2004,
            "quarter": 4,
            "eps": -0.87,
            "eps_growth_year": -238.1,
            "eps_4q": 1.02,
            "eps_4q_growth_year": -59.46,
            "roe": -6.52,
            "roe_4q": 7.390000000000001,
            "gross_profit": 41492,
            "gross_margin": 50.21,
            "gross_margin_4q_avg": 52.82,
            "net_income": -25911,
            "net_income_4q": null,
            "revenue": 82637,
            "revenue_4q": null,
            "common_shares": 301346,
            "book_valuer_per_share": 12.49,
            "book_valuer_per_share_4q_avg": 14.95,
            "equity": 383207,
            "current_ratio": 155.81,
            "debt_ratio": 46.02,
            "inventory_turnover_ratio": 0.52,
            "account_receivable_turnover_ratio": null,
            "reinvestment_rate": null,
            "research_to_sale_ratio": null,
            "price_fair": 89.74,
            "eps_avg_yearly": 2.56,
            "eps_latest_yearly": 2.04,
            "eps_growth_yearly": 40.21
        },
        "20051": {
            "year_quarter": 20051,
            "year": 2005,
            "quarter": 1,
            "eps": 0.28,
            "eps_growth_year": -72,
            "eps_4q": 0.48,
            "eps_4q_growth_year": -82.98,
            "roe": 2.16,
            "roe_4q": 3.4100000000000006,
            "gross_profit": 36663,
            "gross_margin": 52.75,
            "gross_margin_4q_avg": 52.49,
            "net_income": 8286,
            "net_income_4q": null,
            "revenue": 69506,
            "revenue_4q": null,
            "common_shares": 301346,
            "book_valuer_per_share": 12.72,
            "book_valuer_per_share_4q_avg": 13.96,
            "equity": 383341,
            "current_ratio": 157.24,
            "debt_ratio": 35.52,
            "inventory_turnover_ratio": 0.41,
            "account_receivable_turnover_ratio": null,
            "reinvestment_rate": null,
            "research_to_sale_ratio": null,
            "price_fair": 89.74,
            "eps_avg_yearly": 2.56,
            "eps_latest_yearly": 2.04,
            "eps_growth_yearly": 40.21
        },
        "20052": {
            "year_quarter": 20052,
            "year": 2005,
            "quarter": 2,
            "eps": 0.09,
            "eps_growth_year": -83.64,
            "eps_4q": 0.01,
            "eps_4q_growth_year": -99.6,
            "roe": 0.73,
            "roe_4q": 0.0600000000000005,
            "gross_profit": 42015,
            "gross_margin": 56.44,
            "gross_margin_4q_avg": 53.26,
            "net_income": 2743,
            "net_income_4q": null,
            "revenue": 74440,
            "revenue_4q": null,
            "common_shares": 301346,
            "book_valuer_per_share": 12.15,
            "book_valuer_per_share_4q_avg": 12.75,
            "equity": 365999,
            "current_ratio": 150.49,
            "debt_ratio": 38.6,
            "inventory_turnover_ratio": 1.59,
            "account_receivable_turnover_ratio": null,
            "reinvestment_rate": null,
            "research_to_sale_ratio": null,
            "price_fair": 51.72,
            "eps_avg_yearly": 2.36,
            "eps_latest_yearly": 0.36,
            "eps_growth_yearly": 11.88
        },
        "20053": {
            "year_quarter": 20053,
            "year": 2005,
            "quarter": 3,
            "eps": 0.3,
            "eps_growth_year": -41.18,
            "eps_4q": -0.2,
            "eps_4q_growth_year": -108.19,
            "roe": 2.39,
            "roe_4q": -1.2399999999999993,
            "gross_profit": 35364,
            "gross_margin": 53.98,
            "gross_margin_4q_avg": 53.35,
            "net_income": 8990,
            "net_income_4q": null,
            "revenue": 65517,
            "revenue_4q": null,
            "common_shares": 309181,
            "book_valuer_per_share": 12.49,
            "book_valuer_per_share_4q_avg": 12.46,
            "equity": 386128,
            "current_ratio": 175.3,
            "debt_ratio": 34.91,
            "inventory_turnover_ratio": 1.5,
            "account_receivable_turnover_ratio": null,
            "reinvestment_rate": null,
            "research_to_sale_ratio": null,
            "price_fair": 79.33,
            "eps_avg_yearly": 2.27,
            "eps_latest_yearly": 1.2,
            "eps_growth_yearly": 88.67
        },
        "20054": {
            "year_quarter": 20054,
            "year": 2005,
            "quarter": 4,
            "eps": 0.34,
            "eps_growth_year": null,
            "eps_4q": 1.01,
            "eps_4q_growth_year": -1.44,
            "roe": 2.63,
            "roe_4q": 7.91,
            "gross_profit": 45873,
            "gross_margin": 60.45,
            "gross_margin_4q_avg": 55.91,
            "net_income": 10170,
            "net_income_4q": null,
            "revenue": 75883,
            "revenue_4q": null,
            "common_shares": 309181,
            "book_valuer_per_share": 12.29,
            "book_valuer_per_share_4q_avg": 12.41,
            "equity": 388045,
            "current_ratio": 202.21,
            "debt_ratio": 34.64,
            "inventory_turnover_ratio": 0.67,
            "account_receivable_turnover_ratio": null,
            "reinvestment_rate": 7.27,
            "research_to_sale_ratio": null,
            "price_fair": 76.89,
            "eps_avg_yearly": 2.2,
            "eps_latest_yearly": 1.36,
            "eps_growth_yearly": 85.95
        },
        "20061": {
            "year_quarter": 20061,
            "year": 2006,
            "quarter": 1,
            "eps": 0.5,
            "eps_growth_year": 78.57,
            "eps_4q": 1.25,
            "eps_4q_growth_year": 160.64,
            "roe": 3.77,
            "roe_4q": 9.520000000000001,
            "gross_profit": 36559,
            "gross_margin": 56.09,
            "gross_margin_4q_avg": 56.74,
            "net_income": 14580,
            "net_income_4q": null,
            "revenue": 65174,
            "revenue_4q": null,
            "common_shares": 309181,
            "book_valuer_per_share": 12.44,
            "book_valuer_per_share_4q_avg": 12.34,
            "equity": 384661,
            "current_ratio": 183.22,
            "debt_ratio": 34.39,
            "inventory_turnover_ratio": 0.62,
            "account_receivable_turnover_ratio": null,
            "reinvestment_rate": 24.84,
            "research_to_sale_ratio": null,
            "price_fair": 76.4,
            "eps_avg_yearly": 2.18,
            "eps_latest_yearly": 2,
            "eps_growth_yearly": 93.26
        },
        "20062": {
            "year_quarter": 20062,
            "year": 2006,
            "quarter": 2,
            "eps": 0.54,
            "eps_growth_year": 500,
            "eps_4q": 1.71,
            "eps_4q_growth_year": 18136.38,
            "roe": 4.12,
            "roe_4q": 12.91,
            "gross_profit": 38095,
            "gross_margin": 57.84,
            "gross_margin_4q_avg": 57.09,
            "net_income": 15555,
            "net_income_4q": null,
            "revenue": 65865,
            "revenue_4q": null,
            "common_shares": 309181,
            "book_valuer_per_share": 11.95,
            "book_valuer_per_share_4q_avg": 12.29,
            "equity": 369584,
            "current_ratio": 158.27,
            "debt_ratio": 38.16,
            "inventory_turnover_ratio": 1.13,
            "account_receivable_turnover_ratio": null,
            "reinvestment_rate": 24.78,
            "research_to_sale_ratio": null,
            "price_fair": 75.5,
            "eps_avg_yearly": 2.16,
            "eps_latest_yearly": 2.16,
            "eps_growth_yearly": 74.12
        },
        "20063": {
            "year_quarter": 20063,
            "year": 2006,
            "quarter": 3,
            "eps": 0.52,
            "eps_growth_year": 73.33,
            "eps_4q": 1.9,
            "eps_4q_growth_year": null,
            "roe": 3.81,
            "roe_4q": 14.329999999999998,
            "gross_profit": 35634,
            "gross_margin": 52.65,
            "gross_margin_4q_avg": 56.76,
            "net_income": 15165,
            "net_income_4q": null,
            "revenue": 67684,
            "revenue_4q": null,
            "common_shares": 333609,
            "book_valuer_per_share": 12.76,
            "book_valuer_per_share_4q_avg": 12.36,
            "equity": 425709,
            "current_ratio": 217.84,
            "debt_ratio": 28.73,
            "inventory_turnover_ratio": 1.28,
            "account_receivable_turnover_ratio": null,
            "reinvestment_rate": 24.16,
            "research_to_sale_ratio": null,
            "price_fair": 76.1,
            "eps_avg_yearly": 2.17,
            "eps_latest_yearly": 2.08,
            "eps_growth_yearly": 80.77
        },
        "20064": {
            "year_quarter": 20064,
            "year": 2006,
            "quarter": 4,
            "eps": 0.58,
            "eps_growth_year": 70.59,
            "eps_4q": 2.12,
            "eps_4q_growth_year": 110.07,
            "roe": 3.79,
            "roe_4q": 15.489999999999998,
            "gross_profit": 40182,
            "gross_margin": 53.73,
            "gross_margin_4q_avg": 55.08,
            "net_income": 17059,
            "net_income_4q": null,
            "revenue": 74782,
            "revenue_4q": null,
            "common_shares": 350805,
            "book_valuer_per_share": 13.51,
            "book_valuer_per_share_4q_avg": 12.67,
            "equity": 474094,
            "current_ratio": 365.71,
            "debt_ratio": 20.37,
            "inventory_turnover_ratio": 0.97,
            "account_receivable_turnover_ratio": null,
            "reinvestment_rate": 8.1,
            "research_to_sale_ratio": null,
            "price_fair": 74.9,
            "eps_avg_yearly": 2.14,
            "eps_latest_yearly": 2.32,
            "eps_growth_yearly": 69.16
        },
        "20071": {
            "year_quarter": 20071,
            "year": 2007,
            "quarter": 1,
            "eps": 0.62,
            "eps_growth_year": 24,
            "eps_4q": 2.04,
            "eps_4q_growth_year": 62.93,
            "roe": 4.04,
            "roe_4q": 15.760000000000002,
            "gross_profit": 40050,
            "gross_margin": 56.31,
            "gross_margin_4q_avg": 55.13,
            "net_income": 20883,
            "net_income_4q": null,
            "revenue": 71120,
            "revenue_4q": null,
            "common_shares": 372763,
            "book_valuer_per_share": 15.02,
            "book_valuer_per_share_4q_avg": 13.31,
            "equity": 559783,
            "current_ratio": 578.56,
            "debt_ratio": 14.41,
            "inventory_turnover_ratio": 0.82,
            "account_receivable_turnover_ratio": null,
            "reinvestment_rate": 23.56,
            "research_to_sale_ratio": null,
            "price_fair": 73.7,
            "eps_avg_yearly": 2.11,
            "eps_latest_yearly": 2.48,
            "eps_growth_yearly": 69.5
        },
        "20072": {
            "year_quarter": 20072,
            "year": 2007,
            "quarter": 2,
            "eps": 0.59,
            "eps_growth_year": 9.26,
            "eps_4q": 2.08,
            "eps_4q_growth_year": 21.54,
            "roe": 3.83,
            "roe_4q": 15.47,
            "gross_profit": 45224,
            "gross_margin": 57.18,
            "gross_margin_4q_avg": 54.97,
            "net_income": 21029,
            "net_income_4q": null,
            "revenue": 79086,
            "revenue_4q": null,
            "common_shares": 372762,
            "book_valuer_per_share": 14.41,
            "book_valuer_per_share_4q_avg": 13.93,
            "equity": 537245,
            "current_ratio": 343.96,
            "debt_ratio": 20.27,
            "inventory_turnover_ratio": 1.37,
            "account_receivable_turnover_ratio": null,
            "reinvestment_rate": 23.87,
            "research_to_sale_ratio": null,
            "price_fair": 74,
            "eps_avg_yearly": 2.11,
            "eps_latest_yearly": 2.36,
            "eps_growth_yearly": 75.06
        },
        "20073": {
            "year_quarter": 20073,
            "year": 2007,
            "quarter": 3,
            "eps": 0.48,
            "eps_growth_year": -7.69,
            "eps_4q": 2.03,
            "eps_4q_growth_year": 6.66,
            "roe": 3.3,
            "roe_4q": 14.96,
            "gross_profit": 40969,
            "gross_margin": 55.7,
            "gross_margin_4q_avg": 55.73,
            "net_income": 18278,
            "net_income_4q": null,
            "revenue": 73552,
            "revenue_4q": null,
            "common_shares": 386614,
            "book_valuer_per_share": 14.78,
            "book_valuer_per_share_4q_avg": 14.43,
            "equity": 571439,
            "current_ratio": 629.59,
            "debt_ratio": 12.83,
            "inventory_turnover_ratio": 1.46,
            "account_receivable_turnover_ratio": null,
            "reinvestment_rate": 23.32,
            "research_to_sale_ratio": null,
            "price_fair": 72.5,
            "eps_avg_yearly": 2.07,
            "eps_latest_yearly": 1.92,
            "eps_growth_yearly": 66.16
        },
        "20074": {
            "year_quarter": 20074,
            "year": 2007,
            "quarter": 4,
            "eps": 0.57,
            "eps_growth_year": -1.72,
            "eps_4q": 2.26,
            "eps_4q_growth_year": 6.75,
            "roe": 3.73,
            "roe_4q": 14.899999999999999,
            "gross_profit": 49380,
            "gross_margin": 60.23,
            "gross_margin_4q_avg": 57.36,
            "net_income": 20262,
            "net_income_4q": null,
            "revenue": 81988,
            "revenue_4q": null,
            "common_shares": 309291,
            "book_valuer_per_share": 16.69,
            "book_valuer_per_share_4q_avg": 15.23,
            "equity": 516068,
            "current_ratio": 581.7,
            "debt_ratio": 12.54,
            "inventory_turnover_ratio": 0.94,
            "account_receivable_turnover_ratio": null,
            "reinvestment_rate": 27.48,
            "research_to_sale_ratio": null,
            "price_fair": 71.9,
            "eps_avg_yearly": 2.05,
            "eps_latest_yearly": 2.28,
            "eps_growth_yearly": 71.52
        },
        "20081": {
            "year_quarter": 20081,
            "year": 2008,
            "quarter": 1,
            "eps": 0.7,
            "eps_growth_year": 12.9,
            "eps_4q": 2.68,
            "eps_4q_growth_year": 31.48,
            "roe": 4.03,
            "roe_4q": 14.889999999999999,
            "gross_profit": 76901,
            "gross_margin": 67.34,
            "gross_margin_4q_avg": 60.11,
            "net_income": 21058,
            "net_income_4q": null,
            "revenue": 114196,
            "revenue_4q": null,
            "common_shares": 309291,
            "book_valuer_per_share": 17.14,
            "book_valuer_per_share_4q_avg": 15.76,
            "equity": 530140,
            "current_ratio": 564.33,
            "debt_ratio": 13.18,
            "inventory_turnover_ratio": 0.76,
            "account_receivable_turnover_ratio": null,
            "reinvestment_rate": 51.16,
            "research_to_sale_ratio": null,
            "price_fair": 68.9,
            "eps_avg_yearly": 1.97,
            "eps_latest_yearly": 2.8,
            "eps_growth_yearly": 61.26
        },
        "20082": {
            "year_quarter": 20082,
            "year": 2008,
            "quarter": 2,
            "eps": 0.57,
            "eps_growth_year": -3.39,
            "eps_4q": 2.44,
            "eps_4q_growth_year": 17.12,
            "roe": 3.56,
            "roe_4q": 14.620000000000001,
            "gross_profit": 70321,
            "gross_margin": 67.78,
            "gross_margin_4q_avg": 62.76,
            "net_income": 18205,
            "net_income_4q": null,
            "revenue": 103752,
            "revenue_4q": null,
            "common_shares": 318215,
            "book_valuer_per_share": 15.48,
            "book_valuer_per_share_4q_avg": 16.02,
            "equity": 492529,
            "current_ratio": 555.2,
            "debt_ratio": 13.18,
            "inventory_turnover_ratio": 0.64,
            "account_receivable_turnover_ratio": null,
            "reinvestment_rate": 51.64,
            "research_to_sale_ratio": null,
            "price_fair": 69.1,
            "eps_avg_yearly": 1.97,
            "eps_latest_yearly": 2.28,
            "eps_growth_yearly": 68.81
        },
        "20083": {
            "year_quarter": 20083,
            "year": 2008,
            "quarter": 3,
            "eps": 0.56,
            "eps_growth_year": 16.67,
            "eps_4q": 2.43,
            "eps_4q_growth_year": 19.74,
            "roe": 3.62,
            "roe_4q": 14.940000000000001,
            "gross_profit": 68233,
            "gross_margin": 66.76,
            "gross_margin_4q_avg": 65.53,
            "net_income": 17834,
            "net_income_4q": null,
            "revenue": 102214,
            "revenue_4q": null,
            "common_shares": 318215,
            "book_valuer_per_share": 15.49,
            "book_valuer_per_share_4q_avg": 16.2,
            "equity": 492987,
            "current_ratio": 626.13,
            "debt_ratio": 11.94,
            "inventory_turnover_ratio": 0.65,
            "account_receivable_turnover_ratio": null,
            "reinvestment_rate": 28.69,
            "research_to_sale_ratio": null,
            "price_fair": 69.6,
            "eps_avg_yearly": 1.99,
            "eps_latest_yearly": 2.24,
            "eps_growth_yearly": 70.39
        },
        "20084": {
            "year_quarter": 20084,
            "year": 2008,
            "quarter": 4,
            "eps": 0.49,
            "eps_growth_year": -14.04,
            "eps_4q": 2.32,
            "eps_4q_growth_year": 2.7,
            "roe": 3.1,
            "roe_4q": 14.310000000000002,
            "gross_profit": 68425,
            "gross_margin": 65.64,
            "gross_margin_4q_avg": 66.88,
            "net_income": 15252,
            "net_income_4q": null,
            "revenue": 104248,
            "revenue_4q": null,
            "common_shares": 318215,
            "book_valuer_per_share": 15.45,
            "book_valuer_per_share_4q_avg": 15.89,
            "equity": 491685,
            "current_ratio": 595.3,
            "debt_ratio": 12.54,
            "inventory_turnover_ratio": 0.71,
            "account_receivable_turnover_ratio": 4.25,
            "reinvestment_rate": 2.48,
            "research_to_sale_ratio": null,
            "price_fair": 69.53,
            "eps_avg_yearly": 1.99,
            "eps_latest_yearly": 1.96,
            "eps_growth_yearly": 62.36
        },
        "20091": {
            "year_quarter": 20091,
            "year": 2009,
            "quarter": 1,
            "eps": 0.61,
            "eps_growth_year": -12.86,
            "eps_4q": 2.33,
            "eps_4q_growth_year": -13.02,
            "roe": 3.62,
            "roe_4q": 13.9,
            "gross_profit": 66866,
            "gross_margin": 67.27,
            "gross_margin_4q_avg": 66.86,
            "net_income": 18178,
            "net_income_4q": null,
            "revenue": 99399,
            "revenue_4q": null,
            "common_shares": 314555,
            "book_valuer_per_share": 16.34,
            "book_valuer_per_share_4q_avg": 15.69,
            "equity": 513925,
            "current_ratio": 682.61,
            "debt_ratio": 11.32,
            "inventory_turnover_ratio": 0.69,
            "account_receivable_turnover_ratio": 4.06,
            "reinvestment_rate": 23.45,
            "research_to_sale_ratio": null,
            "price_fair": 70.53,
            "eps_avg_yearly": 2.02,
            "eps_latest_yearly": 2.44,
            "eps_growth_yearly": 64.58
        },
        "20092": {
            "year_quarter": 20092,
            "year": 2009,
            "quarter": 2,
            "eps": 0.57,
            "eps_growth_year": 0,
            "eps_4q": 2.25,
            "eps_4q_growth_year": -7.71,
            "roe": 3.52,
            "roe_4q": 13.86,
            "gross_profit": 69448,
            "gross_margin": 69.16,
            "gross_margin_4q_avg": 67.21,
            "net_income": 17412,
            "net_income_4q": null,
            "revenue": 100419,
            "revenue_4q": null,
            "common_shares": 314555,
            "book_valuer_per_share": 15.1,
            "book_valuer_per_share_4q_avg": 15.6,
            "equity": 474981,
            "current_ratio": 321.62,
            "debt_ratio": 22.37,
            "inventory_turnover_ratio": 0.66,
            "account_receivable_turnover_ratio": 3.85,
            "reinvestment_rate": 20.9,
            "research_to_sale_ratio": null,
            "price_fair": 74.73,
            "eps_avg_yearly": 2.14,
            "eps_latest_yearly": 2.28,
            "eps_growth_yearly": 79.91
        },
        "20093": {
            "year_quarter": 20093,
            "year": 2009,
            "quarter": 3,
            "eps": 0.51,
            "eps_growth_year": -8.93,
            "eps_4q": 2.19,
            "eps_4q_growth_year": -9.94,
            "roe": 3.17,
            "roe_4q": 13.409999999999998,
            "gross_profit": 66681,
            "gross_margin": 64.11,
            "gross_margin_4q_avg": 66.55,
            "net_income": 15455,
            "net_income_4q": null,
            "revenue": 104011,
            "revenue_4q": null,
            "common_shares": 320247,
            "book_valuer_per_share": 15.6,
            "book_valuer_per_share_4q_avg": 15.62,
            "equity": 499665,
            "current_ratio": 660.66,
            "debt_ratio": 11.21,
            "inventory_turnover_ratio": 0.76,
            "account_receivable_turnover_ratio": 2.13,
            "reinvestment_rate": 26.26,
            "research_to_sale_ratio": null,
            "price_fair": 63.32,
            "eps_avg_yearly": 2.19,
            "eps_latest_yearly": 2.04,
            "eps_growth_yearly": 18.94
        },
        "20094": {
            "year_quarter": 20094,
            "year": 2009,
            "quarter": 4,
            "eps": 0.63,
            "eps_growth_year": 28.57,
            "eps_4q": 2.27,
            "eps_4q_growth_year": -2.19,
            "roe": 3.79,
            "roe_4q": 14.100000000000001,
            "gross_profit": 77931,
            "gross_margin": 69.83,
            "gross_margin_4q_avg": 67.59,
            "net_income": 19317,
            "net_income_4q": null,
            "revenue": 111605,
            "revenue_4q": null,
            "common_shares": 320247,
            "book_valuer_per_share": 16.75,
            "book_valuer_per_share_4q_avg": 15.95,
            "equity": 518553,
            "current_ratio": 578.31,
            "debt_ratio": 12.79,
            "inventory_turnover_ratio": 0.68,
            "account_receivable_turnover_ratio": 2.22,
            "reinvestment_rate": 66.08,
            "research_to_sale_ratio": null,
            "price_fair": 71.18,
            "eps_avg_yearly": 2.26,
            "eps_latest_yearly": 2.52,
            "eps_growth_yearly": 21.49
        },
        "20101": {
            "year_quarter": 20101,
            "year": 2010,
            "quarter": 1,
            "eps": 0.97,
            "eps_growth_year": 59.02,
            "eps_4q": 2.66,
            "eps_4q_growth_year": 14.08,
            "roe": 5.66,
            "roe_4q": 16.14,
            "gross_profit": 49156,
            "gross_margin": 59.69,
            "gross_margin_4q_avg": 65.7,
            "net_income": 30127,
            "net_income_4q": null,
            "revenue": 82355,
            "revenue_4q": null,
            "common_shares": 320247,
            "book_valuer_per_share": 17.62,
            "book_valuer_per_share_4q_avg": 16.27,
            "equity": 545359,
            "current_ratio": 559.95,
            "debt_ratio": 13.62,
            "inventory_turnover_ratio": 0.63,
            "account_receivable_turnover_ratio": 0.98,
            "reinvestment_rate": 72.01,
            "research_to_sale_ratio": 17.34,
            "price_fair": 78.98,
            "eps_avg_yearly": 2.38,
            "eps_latest_yearly": 3.88,
            "eps_growth_yearly": 23.22
        },
        "20102": {
            "year_quarter": 20102,
            "year": 2010,
            "quarter": 2,
            "eps": 1.03,
            "eps_growth_year": 80.97,
            "eps_4q": 3.13,
            "eps_4q_growth_year": 39.16,
            "roe": 6,
            "roe_4q": 18.619999999999997,
            "gross_profit": 86523,
            "gross_margin": 67.47,
            "gross_margin_4q_avg": 65.28,
            "net_income": 31926,
            "net_income_4q": null,
            "revenue": 128237,
            "revenue_4q": null,
            "common_shares": 320247,
            "book_valuer_per_share": 16.77,
            "book_valuer_per_share_4q_avg": 16.69,
            "equity": 519040,
            "current_ratio": 316.72,
            "debt_ratio": 23.3,
            "inventory_turnover_ratio": 0.71,
            "account_receivable_turnover_ratio": 1.35,
            "reinvestment_rate": 72.13,
            "research_to_sale_ratio": 14.18,
            "price_fair": 81.92,
            "eps_avg_yearly": 2.5,
            "eps_latest_yearly": 4.12,
            "eps_growth_yearly": 22.77
        },
        "20103": {
            "year_quarter": 20103,
            "year": 2010,
            "quarter": 3,
            "eps": 0.73,
            "eps_growth_year": 42.74,
            "eps_4q": 3.36,
            "eps_4q_growth_year": 53.45,
            "roe": 4.26,
            "roe_4q": 19.71,
            "gross_profit": 79354,
            "gross_margin": 67.07,
            "gross_margin_4q_avg": 66.02,
            "net_income": 22530,
            "net_income_4q": null,
            "revenue": 118318,
            "revenue_4q": null,
            "common_shares": 320247,
            "book_valuer_per_share": 17.41,
            "book_valuer_per_share_4q_avg": 17.14,
            "equity": 538826,
            "current_ratio": 509.56,
            "debt_ratio": 14.93,
            "inventory_turnover_ratio": 0.64,
            "account_receivable_turnover_ratio": 1.04,
            "reinvestment_rate": 22.11,
            "research_to_sale_ratio": 11.06,
            "price_fair": 67.42,
            "eps_avg_yearly": 2.55,
            "eps_latest_yearly": 2.92,
            "eps_growth_yearly": 16.41
        },
        "20104": {
            "year_quarter": 20104,
            "year": 2010,
            "quarter": 4,
            "eps": 0.73,
            "eps_growth_year": 16.04,
            "eps_4q": 3.46,
            "eps_4q_growth_year": 52.37,
            "roe": 4.14,
            "roe_4q": 20.06,
            "gross_profit": 82300,
            "gross_margin": 67.63,
            "gross_margin_4q_avg": 65.47,
            "net_income": 22626,
            "net_income_4q": null,
            "revenue": 121689,
            "revenue_4q": null,
            "common_shares": 320247,
            "book_valuer_per_share": 17.89,
            "book_valuer_per_share_4q_avg": 17.42,
            "equity": 553684,
            "current_ratio": 495.69,
            "debt_ratio": 15.64,
            "inventory_turnover_ratio": 0.66,
            "account_receivable_turnover_ratio": 1.11,
            "reinvestment_rate": 55.63,
            "research_to_sale_ratio": 12.46,
            "price_fair": 60.93,
            "eps_avg_yearly": 2.59,
            "eps_latest_yearly": 2.92,
            "eps_growth_yearly": 13.53
        },
        "20111": {
            "year_quarter": 20111,
            "year": 2011,
            "quarter": 1,
            "eps": 0.53,
            "eps_growth_year": -45.36,
            "eps_4q": 3.02,
            "eps_4q_growth_year": 13.4,
            "roe": 2.89,
            "roe_4q": 17.29,
            "gross_profit": 75111,
            "gross_margin": 68.32,
            "gross_margin_4q_avg": 67.62,
            "net_income": 16261,
            "net_income_4q": null,
            "revenue": 109943,
            "revenue_4q": null,
            "common_shares": 320247,
            "book_valuer_per_share": 18.46,
            "book_valuer_per_share_4q_avg": 17.63,
            "equity": 571220,
            "current_ratio": 517.34,
            "debt_ratio": 15.19,
            "inventory_turnover_ratio": 0.56,
            "account_receivable_turnover_ratio": 0.97,
            "reinvestment_rate": 65.21,
            "research_to_sale_ratio": 15.54,
            "price_fair": 38.39,
            "eps_avg_yearly": 2.57,
            "eps_latest_yearly": 2.12,
            "eps_growth_yearly": 4.95
        },
        "20112": {
            "year_quarter": 20112,
            "year": 2011,
            "quarter": 2,
            "eps": 0.56,
            "eps_growth_year": -45.24,
            "eps_4q": 2.55,
            "eps_4q_growth_year": -18.51,
            "roe": 3.26,
            "roe_4q": 14.549999999999999,
            "gross_profit": 77126,
            "gross_margin": 68.43,
            "gross_margin_4q_avg": 67.86,
            "net_income": 17483,
            "net_income_4q": null,
            "revenue": 112707,
            "revenue_4q": null,
            "common_shares": 320247,
            "book_valuer_per_share": 16.18,
            "book_valuer_per_share_4q_avg": 17.49,
            "equity": 500905,
            "current_ratio": 260.63,
            "debt_ratio": 28.66,
            "inventory_turnover_ratio": 0.55,
            "account_receivable_turnover_ratio": 0.99,
            "reinvestment_rate": 64.94,
            "research_to_sale_ratio": 16.08,
            "price_fair": 45,
            "eps_avg_yearly": 2.56,
            "eps_latest_yearly": 2.24,
            "eps_growth_yearly": 7.58
        },
        "20113": {
            "year_quarter": 20113,
            "year": 2011,
            "quarter": 3,
            "eps": 0.47,
            "eps_growth_year": -36,
            "eps_4q": 2.23,
            "eps_4q_growth_year": -33.69,
            "roe": 2.8,
            "roe_4q": 13.09,
            "gross_profit": 70051,
            "gross_margin": 70.11,
            "gross_margin_4q_avg": 68.62,
            "net_income": 14921,
            "net_income_4q": null,
            "revenue": 99922,
            "revenue_4q": null,
            "common_shares": 320247,
            "book_valuer_per_share": 17.64,
            "book_valuer_per_share_4q_avg": 17.54,
            "equity": 565075,
            "current_ratio": 776.13,
            "debt_ratio": 10.73,
            "inventory_turnover_ratio": 0.48,
            "account_receivable_turnover_ratio": 0.9,
            "reinvestment_rate": 21.5,
            "research_to_sale_ratio": 18.64,
            "price_fair": 46.6,
            "eps_avg_yearly": 2.56,
            "eps_latest_yearly": 1.88,
            "eps_growth_yearly": 8.22
        },
        "20114": {
            "year_quarter": 20114,
            "year": 2011,
            "quarter": 4,
            "eps": 0.67,
            "eps_growth_year": -8.49,
            "eps_4q": 2.19,
            "eps_4q_growth_year": -36.82,
            "roe": 3.72,
            "roe_4q": 12.67,
            "gross_profit": 77786,
            "gross_margin": 67.04,
            "gross_margin_4q_avg": 68.48,
            "net_income": 21424,
            "net_income_4q": null,
            "revenue": 116032,
            "revenue_4q": null,
            "common_shares": 320247,
            "book_valuer_per_share": 18.29,
            "book_valuer_per_share_4q_avg": 17.64,
            "equity": 585804,
            "current_ratio": 661.05,
            "debt_ratio": 12.41,
            "inventory_turnover_ratio": 0.65,
            "account_receivable_turnover_ratio": 1.02,
            "reinvestment_rate": 47.94,
            "research_to_sale_ratio": 11.13,
            "price_fair": 62.42,
            "eps_avg_yearly": 2.58,
            "eps_latest_yearly": 2.68,
            "eps_growth_yearly": 14.17
        },
        "20121": {
            "year_quarter": 20121,
            "year": 2012,
            "quarter": 1,
            "eps": 0.55,
            "eps_growth_year": 3.77,
            "eps_4q": 2.23,
            "eps_4q_growth_year": -26.16,
            "roe": 2.95,
            "roe_4q": 12.729999999999999,
            "gross_profit": 73568,
            "gross_margin": 67.19,
            "gross_margin_4q_avg": 68.19,
            "net_income": 17487,
            "net_income_4q": null,
            "revenue": 109497,
            "revenue_4q": null,
            "common_shares": 320247,
            "book_valuer_per_share": 18.75,
            "book_valuer_per_share_4q_avg": 17.72,
            "equity": 600551,
            "current_ratio": 673.04,
            "debt_ratio": 12.41,
            "inventory_turnover_ratio": 0.64,
            "account_receivable_turnover_ratio": 0.95,
            "reinvestment_rate": 47.61,
            "research_to_sale_ratio": 16.08,
            "price_fair": 35.61,
            "eps_avg_yearly": 2.55,
            "eps_latest_yearly": 2.2,
            "eps_growth_yearly": 3.99
        },
        "20122": {
            "year_quarter": 20122,
            "year": 2012,
            "quarter": 2,
            "eps": 0.48,
            "eps_growth_year": -14.52,
            "eps_4q": 2.16,
            "eps_4q_growth_year": -15.12,
            "roe": 2.69,
            "roe_4q": 12.16,
            "gross_profit": 71438,
            "gross_margin": 64.03,
            "gross_margin_4q_avg": 67.09,
            "net_income": 15464,
            "net_income_4q": null,
            "revenue": 111573,
            "revenue_4q": null,
            "common_shares": 320247,
            "book_valuer_per_share": 17.13,
            "book_valuer_per_share_4q_avg": 17.95,
            "equity": 548638,
            "current_ratio": 611.2,
            "debt_ratio": 13.24,
            "inventory_turnover_ratio": 0.74,
            "account_receivable_turnover_ratio": 1.1,
            "reinvestment_rate": 45.98,
            "research_to_sale_ratio": 15.27,
            "price_fair": 38.98,
            "eps_avg_yearly": 2.52,
            "eps_latest_yearly": 1.92,
            "eps_growth_yearly": 5.45
        },
        "20123": {
            "year_quarter": 20123,
            "year": 2012,
            "quarter": 3,
            "eps": 0.35,
            "eps_growth_year": -25.68,
            "eps_4q": 2.04,
            "eps_4q_growth_year": -8.17,
            "roe": 2,
            "roe_4q": 11.36,
            "gross_profit": 67549,
            "gross_margin": 66.67,
            "gross_margin_4q_avg": 66.23,
            "net_income": 11090,
            "net_income_4q": null,
            "revenue": 101320,
            "revenue_4q": null,
            "common_shares": 320247,
            "book_valuer_per_share": 17.42,
            "book_valuer_per_share_4q_avg": 17.9,
            "equity": 558013,
            "current_ratio": 591.1,
            "debt_ratio": 14.01,
            "inventory_turnover_ratio": 0.61,
            "account_receivable_turnover_ratio": 1.09,
            "reinvestment_rate": -0.31,
            "research_to_sale_ratio": 17.91,
            "price_fair": 7.41,
            "eps_avg_yearly": 2.47,
            "eps_latest_yearly": 1.4,
            "eps_growth_yearly": -0.88
        },
        "20124": {
            "year_quarter": 20124,
            "year": 2012,
            "quarter": 4,
            "eps": 0.3,
            "eps_growth_year": -54.52,
            "eps_4q": 1.68,
            "eps_4q_growth_year": -23.26,
            "roe": 1.73,
            "roe_4q": 9.370000000000001,
            "gross_profit": 65164,
            "gross_margin": 64.48,
            "gross_margin_4q_avg": 65.59,
            "net_income": 9743,
            "net_income_4q": null,
            "revenue": 101057,
            "revenue_4q": null,
            "common_shares": 320247,
            "book_valuer_per_share": 17.7,
            "book_valuer_per_share_4q_avg": 17.75,
            "equity": 566979,
            "current_ratio": 609.12,
            "debt_ratio": 13.42,
            "inventory_turnover_ratio": 0.61,
            "account_receivable_turnover_ratio": 1.11,
            "reinvestment_rate": 0.35,
            "research_to_sale_ratio": 16.54,
            "price_fair": 7.27,
            "eps_avg_yearly": 2.42,
            "eps_latest_yearly": 1.2,
            "eps_growth_yearly": -1.32
        },
        "20131": {
            "year_quarter": 20131,
            "year": 2013,
            "quarter": 1,
            "eps": 0.17,
            "eps_growth_year": -69.09,
            "eps_4q": 1.3,
            "eps_4q_growth_year": -41.49,
            "roe": 0.96,
            "roe_4q": 7.379999999999999,
            "gross_profit": 55245,
            "gross_margin": 68.14,
            "gross_margin_4q_avg": 65.83,
            "net_income": 5428,
            "net_income_4q": null,
            "revenue": 81079,
            "revenue_4q": null,
            "common_shares": 320247,
            "book_valuer_per_share": 17.49,
            "book_valuer_per_share_4q_avg": 17.44,
            "equity": 560154,
            "current_ratio": 828.66,
            "debt_ratio": 12.68,
            "inventory_turnover_ratio": 0.42,
            "account_receivable_turnover_ratio": 1.16,
            "reinvestment_rate": 1.71,
            "research_to_sale_ratio": 21,
            "price_fair": 6.94,
            "eps_avg_yearly": 2.31,
            "eps_latest_yearly": 0.68,
            "eps_growth_yearly": -18.28
        },
        "20132": {
            "year_quarter": 20132,
            "year": 2013,
            "quarter": 2,
            "eps": 0.16,
            "eps_growth_year": -66.87,
            "eps_4q": 0.98,
            "eps_4q_growth_year": -54.87,
            "roe": 0.93,
            "roe_4q": 5.62,
            "gross_profit": 54293,
            "gross_margin": 63.95,
            "gross_margin_4q_avg": 65.81,
            "net_income": 5011,
            "net_income_4q": null,
            "revenue": 84896,
            "revenue_4q": null,
            "common_shares": 320247,
            "book_valuer_per_share": 16.18,
            "book_valuer_per_share_4q_avg": 17.2,
            "equity": 518002,
            "current_ratio": 434.4,
            "debt_ratio": 19.9,
            "inventory_turnover_ratio": 0.52,
            "account_receivable_turnover_ratio": 1.75,
            "reinvestment_rate": 2.93,
            "research_to_sale_ratio": 19.7,
            "price_fair": 6.63,
            "eps_avg_yearly": 2.21,
            "eps_latest_yearly": 0.64,
            "eps_growth_yearly": -18.11
        },
        "20133": {
            "year_quarter": 20133,
            "year": 2013,
            "quarter": 3,
            "eps": 0.22,
            "eps_growth_year": -36.47,
            "eps_4q": 0.85,
            "eps_4q_growth_year": -58.64,
            "roe": 1.32,
            "roe_4q": 4.9399999999999995,
            "gross_profit": 52616,
            "gross_margin": 65.8,
            "gross_margin_4q_avg": 65.59,
            "net_income": 6892,
            "net_income_4q": null,
            "revenue": 79958,
            "revenue_4q": null,
            "common_shares": 320247,
            "book_valuer_per_share": 16.34,
            "book_valuer_per_share_4q_avg": 16.93,
            "equity": 523358,
            "current_ratio": 869.5,
            "debt_ratio": 12.36,
            "inventory_turnover_ratio": 0.5,
            "account_receivable_turnover_ratio": 1.57,
            "reinvestment_rate": -3.7,
            "research_to_sale_ratio": 20.88,
            "price_fair": 6.41,
            "eps_avg_yearly": 2.14,
            "eps_latest_yearly": 0.88,
            "eps_growth_yearly": -6.11
        },
        "20134": {
            "year_quarter": 20134,
            "year": 2013,
            "quarter": 4,
            "eps": 0.25,
            "eps_growth_year": -17.73,
            "eps_4q": 0.79,
            "eps_4q_growth_year": -52.87,
            "roe": 1.51,
            "roe_4q": 4.720000000000001,
            "gross_profit": 52721,
            "gross_margin": 63.15,
            "gross_margin_4q_avg": 65.26,
            "net_income": 8016,
            "net_income_4q": null,
            "revenue": 83485,
            "revenue_4q": null,
            "common_shares": 320247,
            "book_valuer_per_share": 16.72,
            "book_valuer_per_share_4q_avg": 16.68,
            "equity": 535354,
            "current_ratio": 597.93,
            "debt_ratio": 15.33,
            "inventory_turnover_ratio": 0.58,
            "account_receivable_turnover_ratio": 1.63,
            "reinvestment_rate": -60.13,
            "research_to_sale_ratio": 19.44,
            "price_fair": 6.13,
            "eps_avg_yearly": 2.04,
            "eps_latest_yearly": 1,
            "eps_growth_yearly": -8.58
        },
        "20141": {
            "year_quarter": 20141,
            "year": 2014,
            "quarter": 1,
            "eps": 0.26,
            "eps_growth_year": 52.94,
            "eps_4q": 0.88,
            "eps_4q_growth_year": -32.23,
            "roe": 1.55,
            "roe_4q": 5.31,
            "gross_profit": 53713,
            "gross_margin": 65.89,
            "gross_margin_4q_avg": 64.7,
            "net_income": 8358,
            "net_income_4q": null,
            "revenue": 81515,
            "revenue_4q": null,
            "common_shares": 320247,
            "book_valuer_per_share": 17.03,
            "book_valuer_per_share_4q_avg": 16.57,
            "equity": 545460,
            "current_ratio": 844.54,
            "debt_ratio": 12.18,
            "inventory_turnover_ratio": 0.55,
            "account_receivable_turnover_ratio": 1.67,
            "reinvestment_rate": -65.94,
            "research_to_sale_ratio": 26.54,
            "price_fair": 5.6,
            "eps_avg_yearly": 1.87,
            "eps_latest_yearly": 1.04,
            "eps_growth_yearly": -21.07
        },
        "20142": {
            "year_quarter": 20142,
            "year": 2014,
            "quarter": 2,
            "eps": 0.26,
            "eps_growth_year": 62.5,
            "eps_4q": 0.99,
            "eps_4q_growth_year": 1.06,
            "roe": 1.57,
            "roe_4q": 5.95,
            "gross_profit": 54135,
            "gross_margin": 68.1,
            "gross_margin_4q_avg": 65.74,
            "net_income": 8336,
            "net_income_4q": null,
            "revenue": 79499,
            "revenue_4q": null,
            "common_shares": 320247,
            "book_valuer_per_share": 16.22,
            "book_valuer_per_share_4q_avg": 16.58,
            "equity": 519418,
            "current_ratio": 813.06,
            "debt_ratio": 12.54,
            "inventory_turnover_ratio": 0.53,
            "account_receivable_turnover_ratio": 1.52,
            "reinvestment_rate": -80.15,
            "research_to_sale_ratio": 14.6,
            "price_fair": 5.02,
            "eps_avg_yearly": 1.67,
            "eps_latest_yearly": 1.04,
            "eps_growth_yearly": -22.62
        },
        "20143": {
            "year_quarter": 20143,
            "year": 2014,
            "quarter": 3,
            "eps": 0.17,
            "eps_growth_year": -22.73,
            "eps_4q": 0.94,
            "eps_4q_growth_year": 11.69,
            "roe": 1.06,
            "roe_4q": 5.6899999999999995,
            "gross_profit": 48579,
            "gross_margin": 68.75,
            "gross_margin_4q_avg": 66.47,
            "net_income": 5528,
            "net_income_4q": null,
            "revenue": 70660,
            "revenue_4q": null,
            "common_shares": 320247,
            "book_valuer_per_share": 16.47,
            "book_valuer_per_share_4q_avg": 16.61,
            "equity": 527386,
            "current_ratio": 903.98,
            "debt_ratio": 11.75,
            "inventory_turnover_ratio": 0.46,
            "account_receivable_turnover_ratio": 1.21,
            "reinvestment_rate": -6.13,
            "research_to_sale_ratio": 22.4,
            "price_fair": 4.6,
            "eps_avg_yearly": 1.53,
            "eps_latest_yearly": 0.68,
            "eps_growth_yearly": -23.99
        },
        "20144": {
            "year_quarter": 20144,
            "year": 2014,
            "quarter": 4,
            "eps": 0.22,
            "eps_growth_year": -10.67,
            "eps_4q": 0.92,
            "eps_4q_growth_year": 15.92,
            "roe": 1.34,
            "roe_4q": 5.5200000000000005,
            "gross_profit": 46584,
            "gross_margin": 67.51,
            "gross_margin_4q_avg": 67.56,
            "net_income": 7161,
            "net_income_4q": null,
            "revenue": 69003,
            "revenue_4q": null,
            "common_shares": 320247,
            "book_valuer_per_share": 16.84,
            "book_valuer_per_share_4q_avg": 16.64,
            "equity": 539239,
            "current_ratio": 713.39,
            "debt_ratio": 13.4,
            "inventory_turnover_ratio": 0.45,
            "account_receivable_turnover_ratio": 1.36,
            "reinvestment_rate": -82.7,
            "research_to_sale_ratio": 20.38,
            "price_fair": 4.22,
            "eps_avg_yearly": 1.41,
            "eps_latest_yearly": 0.88,
            "eps_growth_yearly": -16.64
        },
        "20151": {
            "year_quarter": 20151,
            "year": 2015,
            "quarter": 1,
            "eps": 0.11,
            "eps_growth_year": -57.69,
            "eps_4q": 0.76,
            "eps_4q_growth_year": -13.51,
            "roe": 0.64,
            "roe_4q": 4.61,
            "gross_profit": 46789,
            "gross_margin": 69.53,
            "gross_margin_4q_avg": 68.47,
            "net_income": 3432,
            "net_income_4q": null,
            "revenue": 67291,
            "revenue_4q": null,
            "common_shares": 320247,
            "book_valuer_per_share": 16.9,
            "book_valuer_per_share_4q_avg": 16.61,
            "equity": 541191,
            "current_ratio": 965.44,
            "debt_ratio": 11.04,
            "inventory_turnover_ratio": 0.42,
            "account_receivable_turnover_ratio": 1.79,
            "reinvestment_rate": -91.6,
            "research_to_sale_ratio": 22.65,
            "price_fair": 3.9,
            "eps_avg_yearly": 1.3,
            "eps_latest_yearly": 0.44,
            "eps_growth_yearly": -22.29
        },
        "20152": {
            "year_quarter": 20152,
            "year": 2015,
            "quarter": 2,
            "eps": 0.13,
            "eps_growth_year": -50,
            "eps_4q": 0.63,
            "eps_4q_growth_year": -35.99,
            "roe": 0.78,
            "roe_4q": 3.82,
            "gross_profit": 44669,
            "gross_margin": 67.28,
            "gross_margin_4q_avg": 68.27,
            "net_income": 4107,
            "net_income_4q": null,
            "revenue": 66389,
            "revenue_4q": null,
            "common_shares": 320247,
            "book_valuer_per_share": 16.13,
            "book_valuer_per_share_4q_avg": 16.59,
            "equity": 516717,
            "current_ratio": 554.93,
            "debt_ratio": 16.13,
            "inventory_turnover_ratio": 0.51,
            "account_receivable_turnover_ratio": 1.87,
            "reinvestment_rate": -100.27,
            "research_to_sale_ratio": 21.83,
            "price_fair": 3.58,
            "eps_avg_yearly": 1.19,
            "eps_latest_yearly": 0.52,
            "eps_growth_yearly": -19.16
        },
        "20153": {
            "year_quarter": 20153,
            "year": 2015,
            "quarter": 3,
            "eps": 0.19,
            "eps_growth_year": 11.76,
            "eps_4q": 0.65,
            "eps_4q_growth_year": -31.29,
            "roe": 1.16,
            "roe_4q": 3.92,
            "gross_profit": 43806,
            "gross_margin": 66.45,
            "gross_margin_4q_avg": 67.69,
            "net_income": 6076,
            "net_income_4q": null,
            "revenue": 65928,
            "revenue_4q": null,
            "common_shares": 320247,
            "book_valuer_per_share": 16.54,
            "book_valuer_per_share_4q_avg": 16.6,
            "equity": 529658,
            "current_ratio": 890.52,
            "debt_ratio": 11.57,
            "inventory_turnover_ratio": 0.55,
            "account_receivable_turnover_ratio": 1.78,
            "reinvestment_rate": -6.43,
            "research_to_sale_ratio": 22.22,
            "price_fair": 3.37,
            "eps_avg_yearly": 1.12,
            "eps_latest_yearly": 0.76,
            "eps_growth_yearly": -3.6
        },
        "20154": {
            "year_quarter": 20154,
            "year": 2015,
            "quarter": 4,
            "eps": 0.2,
            "eps_growth_year": -10.29,
            "eps_4q": 0.63,
            "eps_4q_growth_year": -31.8,
            "roe": 1.21,
            "roe_4q": 3.7900000000000005,
            "gross_profit": 45931,
            "gross_margin": 69.37,
            "gross_margin_4q_avg": 68.16,
            "net_income": 6424,
            "net_income_4q": null,
            "revenue": 66215,
            "revenue_4q": null,
            "common_shares": 320247,
            "book_valuer_per_share": 16.68,
            "book_valuer_per_share_4q_avg": 16.56,
            "equity": 534130,
            "current_ratio": 873.14,
            "debt_ratio": 11.78,
            "inventory_turnover_ratio": 0.48,
            "account_receivable_turnover_ratio": 1.78,
            "reinvestment_rate": -120.43,
            "research_to_sale_ratio": 22.11,
            "price_fair": 3.02,
            "eps_avg_yearly": 1.01,
            "eps_latest_yearly": 0.8,
            "eps_growth_yearly": -12.92
        },
        "20161": {
            "year_quarter": 20161,
            "year": 2016,
            "quarter": 1,
            "eps": 0.21,
            "eps_growth_year": 90.91,
            "eps_4q": 0.73,
            "eps_4q_growth_year": -4.53,
            "roe": 1.26,
            "roe_4q": 4.41,
            "gross_profit": 47237,
            "gross_margin": 69.73,
            "gross_margin_4q_avg": 68.21,
            "net_income": 6742,
            "net_income_4q": null,
            "revenue": 67747,
            "revenue_4q": null,
            "common_shares": 320247,
            "book_valuer_per_share": 16.83,
            "book_valuer_per_share_4q_avg": 16.55,
            "equity": 538988,
            "current_ratio": 910.28,
            "debt_ratio": 11.5,
            "inventory_turnover_ratio": 0.46,
            "account_receivable_turnover_ratio": 1.88,
            "reinvestment_rate": -126.77,
            "research_to_sale_ratio": 22.87,
            "price_fair": 2.76,
            "eps_avg_yearly": 0.92,
            "eps_latest_yearly": 0.84,
            "eps_growth_yearly": -7.2
        },
        "20162": {
            "year_quarter": 20162,
            "year": 2016,
            "quarter": 2,
            "eps": 0.19,
            "eps_growth_year": 46.15,
            "eps_4q": 0.79,
            "eps_4q_growth_year": 24.77,
            "roe": 1.13,
            "roe_4q": 4.76,
            "gross_profit": 45551,
            "gross_margin": 66.85,
            "gross_margin_4q_avg": 68.1,
            "net_income": 5996,
            "net_income_4q": null,
            "revenue": 68141,
            "revenue_4q": null,
            "common_shares": 320247,
            "book_valuer_per_share": 16.4,
            "book_valuer_per_share_4q_avg": 16.61,
            "equity": 525232,
            "current_ratio": 729.23,
            "debt_ratio": 13.32,
            "inventory_turnover_ratio": 0.51,
            "account_receivable_turnover_ratio": 1.92,
            "reinvestment_rate": -139.29,
            "research_to_sale_ratio": 22.2,
            "price_fair": 2.54,
            "eps_avg_yearly": 0.85,
            "eps_latest_yearly": 0.76,
            "eps_growth_yearly": -6.39
        },
        "20163": {
            "year_quarter": 20163,
            "year": 2016,
            "quarter": 3,
            "eps": 0.17,
            "eps_growth_year": -10.53,
            "eps_4q": 0.77,
            "eps_4q_growth_year": 18.81,
            "roe": 1.05,
            "roe_4q": 4.6499999999999995,
            "gross_profit": 44736,
            "gross_margin": 68.82,
            "gross_margin_4q_avg": 68.69,
            "net_income": 5522,
            "net_income_4q": null,
            "revenue": 65005,
            "revenue_4q": null,
            "common_shares": 320247,
            "book_valuer_per_share": 16.45,
            "book_valuer_per_share_4q_avg": 16.59,
            "equity": 526833,
            "current_ratio": 697.61,
            "debt_ratio": 13.23,
            "inventory_turnover_ratio": 0.44,
            "account_receivable_turnover_ratio": 1.98,
            "reinvestment_rate": 13.35,
            "research_to_sale_ratio": 22.66,
            "price_fair": 2.41,
            "eps_avg_yearly": 0.8,
            "eps_latest_yearly": 0.68,
            "eps_growth_yearly": -2.25
        },
        "20164": {
            "year_quarter": 20164,
            "year": 2016,
            "quarter": 4,
            "eps": 0.2,
            "eps_growth_year": -2.49,
            "eps_4q": 0.77,
            "eps_4q_growth_year": 22.38,
            "roe": 1.18,
            "roe_4q": 4.62,
            "gross_profit": 44994,
            "gross_margin": 67.07,
            "gross_margin_4q_avg": 68.12,
            "net_income": 6264,
            "net_income_4q": null,
            "revenue": 67089,
            "revenue_4q": null,
            "common_shares": 320247,
            "book_valuer_per_share": 16.58,
            "book_valuer_per_share_4q_avg": 16.57,
            "equity": 530960,
            "current_ratio": 887.66,
            "debt_ratio": 11.78,
            "inventory_turnover_ratio": 0.46,
            "account_receivable_turnover_ratio": 2.21,
            "reinvestment_rate": 10.99,
            "research_to_sale_ratio": 22.38,
            "price_fair": 12.23,
            "eps_avg_yearly": 0.78,
            "eps_latest_yearly": 0.8,
            "eps_growth_yearly": 5.73
        },
        "20171": {
            "year_quarter": 20171,
            "year": 2017,
            "quarter": 1,
            "eps": 0.16,
            "eps_growth_year": -23.81,
            "eps_4q": 0.71,
            "eps_4q_growth_year": -2.03,
            "roe": 0.96,
            "roe_4q": 4.319999999999999,
            "gross_profit": 48505,
            "gross_margin": 72.67,
            "gross_margin_4q_avg": 68.85,
            "net_income": 5092,
            "net_income_4q": null,
            "revenue": 66751,
            "revenue_4q": null,
            "common_shares": 320247,
            "book_valuer_per_share": 16.54,
            "book_valuer_per_share_4q_avg": 16.49,
            "equity": 529711,
            "current_ratio": 912.13,
            "debt_ratio": 11.71,
            "inventory_turnover_ratio": 0.39,
            "account_receivable_turnover_ratio": 2.22,
            "reinvestment_rate": 1.31,
            "research_to_sale_ratio": 22.94,
            "price_fair": 16.71,
            "eps_avg_yearly": 0.78,
            "eps_latest_yearly": 0.64,
            "eps_growth_yearly": 11.56
        },
        "20172": {
            "year_quarter": 20172,
            "year": 2017,
            "quarter": 2,
            "eps": 0.15,
            "eps_growth_year": -21.05,
            "eps_4q": 0.67,
            "eps_4q_growth_year": -14.71,
            "roe": 0.89,
            "roe_4q": 4.08,
            "gross_profit": 43146,
            "gross_margin": 66.64,
            "gross_margin_4q_avg": 68.8,
            "net_income": 4648,
            "net_income_4q": null,
            "revenue": 64740,
            "revenue_4q": null,
            "common_shares": 320247,
            "book_valuer_per_share": 16.11,
            "book_valuer_per_share_4q_avg": 16.42,
            "equity": 516058,
            "current_ratio": 644.52,
            "debt_ratio": 14.63,
            "inventory_turnover_ratio": 0.44,
            "account_receivable_turnover_ratio": 1.97,
            "reinvestment_rate": 1.57,
            "research_to_sale_ratio": 23.76,
            "price_fair": 16.59,
            "eps_avg_yearly": 0.77,
            "eps_latest_yearly": 0.6,
            "eps_growth_yearly": 11.47
        },
        "20173": {
            "year_quarter": 20173,
            "year": 2017,
            "quarter": 3,
            "eps": 0.13,
            "eps_growth_year": -23.53,
            "eps_4q": 0.63,
            "eps_4q_growth_year": -18.49,
            "roe": 0.79,
            "roe_4q": 3.8200000000000003,
            "gross_profit": 40820,
            "gross_margin": 65.3,
            "gross_margin_4q_avg": 67.92,
            "net_income": 4117,
            "net_income_4q": null,
            "revenue": 62507,
            "revenue_4q": null,
            "common_shares": 320247,
            "book_valuer_per_share": 16.26,
            "book_valuer_per_share_4q_avg": 16.37,
            "equity": 520801,
            "current_ratio": 830.7,
            "debt_ratio": 12.44,
            "inventory_turnover_ratio": 0.43,
            "account_receivable_turnover_ratio": 1.77,
            "reinvestment_rate": 3.11,
            "research_to_sale_ratio": 22.85,
            "price_fair": 2.25,
            "eps_avg_yearly": 0.75,
            "eps_latest_yearly": 0.52,
            "eps_growth_yearly": -1.24
        },
        "20174": {
            "year_quarter": 20174,
            "year": 2017,
            "quarter": 4,
            "eps": 0.09,
            "eps_growth_year": -52.86,
            "eps_4q": 0.52,
            "eps_4q_growth_year": -31.46,
            "roe": 0.57,
            "roe_4q": 3.21,
            "gross_profit": 41244,
            "gross_margin": 66.83,
            "gross_margin_4q_avg": 67.86,
            "net_income": 2953,
            "net_income_4q": null,
            "revenue": 61713,
            "revenue_4q": null,
            "common_shares": 320247,
            "book_valuer_per_share": 16.28,
            "book_valuer_per_share_4q_avg": 16.3,
            "equity": 521291,
            "current_ratio": 909.45,
            "debt_ratio": 12.11,
            "inventory_turnover_ratio": 0.42,
            "account_receivable_turnover_ratio": 1.63,
            "reinvestment_rate": 2.56,
            "research_to_sale_ratio": 24.06,
            "price_fair": 2.13,
            "eps_avg_yearly": 0.71,
            "eps_latest_yearly": 0.36,
            "eps_growth_yearly": -12.34
        },
        "20181": {
            "year_quarter": 20181,
            "year": 2018,
            "quarter": 1,
            "eps": 0.03,
            "eps_growth_year": -81.25,
            "eps_4q": 0.39,
            "eps_4q_growth_year": -44.89,
            "roe": 0.17,
            "roe_4q": 2.42,
            "gross_profit": 40365,
            "gross_margin": 70.69,
            "gross_margin_4q_avg": 67.37,
            "net_income": 888,
            "net_income_4q": null,
            "revenue": 57104,
            "revenue_4q": null,
            "common_shares": 320247,
            "book_valuer_per_share": 16.3,
            "book_valuer_per_share_4q_avg": 16.24,
            "equity": 522097,
            "current_ratio": 1006.88,
            "debt_ratio": 11.47,
            "inventory_turnover_ratio": 0.37,
            "account_receivable_turnover_ratio": 1.47,
            "reinvestment_rate": 2.56,
            "research_to_sale_ratio": 26.11,
            "price_fair": 1.96,
            "eps_avg_yearly": 0.65,
            "eps_latest_yearly": 0.12,
            "eps_growth_yearly": -30.01
        },
        "20182": {
            "year_quarter": 20182,
            "year": 2018,
            "quarter": 2,
            "eps": 0.01,
            "eps_growth_year": -93.33,
            "eps_4q": 0.26,
            "eps_4q_growth_year": -61.11,
            "roe": 0.08,
            "roe_4q": 1.6099999999999999,
            "gross_profit": 30761,
            "gross_margin": 61.41,
            "gross_margin_4q_avg": 66.06,
            "net_income": 414,
            "net_income_4q": null,
            "revenue": 50095,
            "revenue_4q": null,
            "common_shares": 320247,
            "book_valuer_per_share": 16.05,
            "book_valuer_per_share_4q_avg": 16.22,
            "equity": 513943,
            "current_ratio": 823.22,
            "debt_ratio": 12.87,
            "inventory_turnover_ratio": 0.48,
            "account_receivable_turnover_ratio": 1.31,
            "reinvestment_rate": 7.17,
            "research_to_sale_ratio": 29.05,
            "price_fair": 1.77,
            "eps_avg_yearly": 0.59,
            "eps_latest_yearly": 0.04,
            "eps_growth_yearly": -46.67
        },
        "20183": {
            "year_quarter": 20183,
            "year": 2018,
            "quarter": 3,
            "eps": -0.01,
            "eps_growth_year": -107.69,
            "eps_4q": 0.12,
            "eps_4q_growth_year": -81.16,
            "roe": -0.09,
            "roe_4q": 0.73,
            "gross_profit": 32745,
            "gross_margin": 68.18,
            "gross_margin_4q_avg": 66.78,
            "net_income": -465,
            "net_income_4q": null,
            "revenue": 48030,
            "revenue_4q": null,
            "common_shares": 320247,
            "book_valuer_per_share": 15.97,
            "book_valuer_per_share_4q_avg": 16.15,
            "equity": 511383,
            "current_ratio": 989.85,
            "debt_ratio": 11.61,
            "inventory_turnover_ratio": 0.37,
            "account_receivable_turnover_ratio": 1.26,
            "reinvestment_rate": 5.3,
            "research_to_sale_ratio": 29.84,
            "price_fair": 1.75,
            "eps_avg_yearly": 0.58,
            "eps_latest_yearly": 0.04,
            "eps_growth_yearly": -40.55
        },
        "20184": {
            "year_quarter": 20184,
            "year": 2018,
            "quarter": 4,
            "eps": 0,
            "eps_growth_year": -95.56,
            "eps_4q": 0.03,
            "eps_4q_growth_year": -94.24,
            "roe": 0.03,
            "roe_4q": 0.19,
            "gross_profit": 32039,
            "gross_margin": 64.46,
            "gross_margin_4q_avg": 66.19,
            "net_income": 131,
            "net_income_4q": null,
            "revenue": 49702,
            "revenue_4q": null,
            "common_shares": 320247,
            "book_valuer_per_share": 15.99,
            "book_valuer_per_share_4q_avg": 16.08,
            "equity": 512191,
            "current_ratio": 1013.22,
            "debt_ratio": 11.51,
            "inventory_turnover_ratio": 0.4,
            "account_receivable_turnover_ratio": 1.34,
            "reinvestment_rate": 3.62,
            "research_to_sale_ratio": 29.32,
            "price_fair": 1.69,
            "eps_avg_yearly": 0.56,
            "eps_latest_yearly": 0.04,
            "eps_growth_yearly": -51.85
        },
        "20191": {
            "year_quarter": 20191,
            "year": 2019,
            "quarter": 1,
            "eps": -0.03,
            "eps_growth_year": -200,
            "eps_4q": -0.03,
            "eps_4q_growth_year": -106.89,
            "roe": -0.18,
            "roe_4q": -0.15999999999999998,
            "gross_profit": 32378,
            "gross_margin": 68.59,
            "gross_margin_4q_avg": 65.66,
            "net_income": -948,
            "net_income_4q": null,
            "revenue": 47206,
            "revenue_4q": null,
            "common_shares": 320247,
            "book_valuer_per_share": 16.02,
            "book_valuer_per_share_4q_avg": 16.01,
            "equity": 512985,
            "current_ratio": 1476.81,
            "debt_ratio": 9.69,
            "inventory_turnover_ratio": 0.36,
            "account_receivable_turnover_ratio": 1.43,
            "reinvestment_rate": 6.11,
            "research_to_sale_ratio": 29.14,
            "price_fair": 1.72,
            "eps_avg_yearly": 0.57,
            "eps_latest_yearly": 0.04,
            "eps_growth_yearly": -40.46
        },
        "20192": {
            "year_quarter": 20192,
            "year": 2019,
            "quarter": 2,
            "eps": 0.94,
            "eps_growth_year": 9300,
            "eps_4q": 0.9,
            "eps_4q_growth_year": 243.68,
            "roe": 5.7,
            "roe_4q": 5.460000000000001,
            "gross_profit": 25552,
            "gross_margin": 56.45,
            "gross_margin_4q_avg": 64.42,
            "net_income": 30055,
            "net_income_4q": null,
            "revenue": 45267,
            "revenue_4q": null,
            "common_shares": 320247,
            "book_valuer_per_share": 16.93,
            "book_valuer_per_share_4q_avg": 16.23,
            "equity": 542310,
            "current_ratio": 848.37,
            "debt_ratio": 13.86,
            "inventory_turnover_ratio": 0.53,
            "account_receivable_turnover_ratio": 1.54,
            "reinvestment_rate": -3.39,
            "research_to_sale_ratio": 36.44,
            "price_fair": 1.73,
            "eps_avg_yearly": 0.58,
            "eps_latest_yearly": 0.04,
            "eps_growth_yearly": -49.89
        },
        "20193": {
            "year_quarter": 20193,
            "year": 2019,
            "quarter": 3,
            "eps": -0.14,
            "eps_growth_year": null,
            "eps_4q": 0.77,
            "eps_4q_growth_year": 553.93,
            "roe": -0.83,
            "roe_4q": 4.720000000000001,
            "gross_profit": 29808,
            "gross_margin": 66.14,
            "gross_margin_4q_avg": 63.91,
            "net_income": -4454,
            "net_income_4q": null,
            "revenue": 45071,
            "revenue_4q": null,
            "common_shares": 320247,
            "book_valuer_per_share": 16.66,
            "book_valuer_per_share_4q_avg": 16.4,
            "equity": 533433,
            "current_ratio": 865.32,
            "debt_ratio": 13.04,
            "inventory_turnover_ratio": 0.45,
            "account_receivable_turnover_ratio": 1.65,
            "reinvestment_rate": 11.34,
            "research_to_sale_ratio": 30.88,
            "price_fair": 1.68,
            "eps_avg_yearly": 0.56,
            "eps_latest_yearly": 0.04,
            "eps_growth_yearly": -71.21
        },
        "20194": {
            "year_quarter": 20194,
            "year": 2019,
            "quarter": 4,
            "eps": -0.21,
            "eps_growth_year": -5116.3,
            "eps_4q": 0.56,
            "eps_4q_growth_year": 1767.85,
            "roe": -1.24,
            "roe_4q": 3.45,
            "gross_profit": 29954,
            "gross_margin": 68.83,
            "gross_margin_4q_avg": 65,
            "net_income": -6572,
            "net_income_4q": null,
            "revenue": 43516,
            "revenue_4q": null,
            "common_shares": 320247,
            "book_valuer_per_share": 16.42,
            "book_valuer_per_share_4q_avg": 16.51,
            "equity": 525846,
            "current_ratio": 753.54,
            "debt_ratio": 13.14,
            "inventory_turnover_ratio": 0.42,
            "account_receivable_turnover_ratio": 1.91,
            "reinvestment_rate": 11.39,
            "research_to_sale_ratio": 31.75,
            "price_fair": 1.61,
            "eps_avg_yearly": 0.54,
            "eps_latest_yearly": 0.04,
            "eps_growth_yearly": -80.44
        },
        "20201": {
            "year_quarter": 20201,
            "year": 2020,
            "quarter": 1,
            "eps": -0.01,
            "eps_growth_year": null,
            "eps_4q": 0.58,
            "eps_4q_growth_year": null,
            "roe": -0.19,
            "roe_4q": 3.4400000000000004,
            "gross_profit": 28215,
            "gross_margin": 68.13,
            "gross_margin_4q_avg": 64.89,
            "net_income": -1014,
            "net_income_4q": null,
            "revenue": 41416,
            "revenue_4q": null,
            "common_shares": 320247,
            "book_valuer_per_share": 16.39,
            "book_valuer_per_share_4q_avg": 16.6,
            "equity": 530141,
            "current_ratio": 1182.8,
            "debt_ratio": 10.59,
            "inventory_turnover_ratio": 0.45,
            "account_receivable_turnover_ratio": 1.87,
            "reinvestment_rate": 13.94,
            "research_to_sale_ratio": 25.2,
            "price_fair": 1.51,
            "eps_avg_yearly": 0.5,
            "eps_latest_yearly": 0.04,
            "eps_growth_yearly": -91.6
        },
        "20202": {
            "year_quarter": 20202,
            "year": 2020,
            "quarter": 2,
            "eps": -0.06,
            "eps_growth_year": -106.38,
            "eps_4q": -0.42,
            "eps_4q_growth_year": -146.46,
            "roe": -0.43,
            "roe_4q": -2.69,
            "gross_profit": 30717,
            "gross_margin": 67,
            "gross_margin_4q_avg": 67.53,
            "net_income": -2253,
            "net_income_4q": null,
            "revenue": 45844,
            "revenue_4q": null,
            "common_shares": 320247,
            "book_valuer_per_share": 15.86,
            "book_valuer_per_share_4q_avg": 16.33,
            "equity": 514399,
            "current_ratio": 1072.16,
            "debt_ratio": 11.22,
            "inventory_turnover_ratio": 0.5,
            "account_receivable_turnover_ratio": 1.9,
            "reinvestment_rate": 13.77,
            "research_to_sale_ratio": 20.98,
            "price_fair": 1.41,
            "eps_avg_yearly": 0.47,
            "eps_latest_yearly": 0.04,
            "eps_growth_yearly": -98.28
        },
        "20203": {
            "year_quarter": 20203,
            "year": 2020,
            "quarter": 3,
            "eps": -0.11,
            "eps_growth_year": null,
            "eps_4q": -0.39,
            "eps_4q_growth_year": -150.39,
            "roe": -0.84,
            "roe_4q": -2.7,
            "gross_profit": 25552,
            "gross_margin": 74.15,
            "gross_margin_4q_avg": 69.53,
            "net_income": -4302,
            "net_income_4q": null,
            "revenue": 34458,
            "revenue_4q": null,
            "common_shares": 320247,
            "book_valuer_per_share": 15.75,
            "book_valuer_per_share_4q_avg": 16.11,
            "equity": 510181,
            "current_ratio": 1142.11,
            "debt_ratio": 10.88,
            "inventory_turnover_ratio": 0.26,
            "account_receivable_turnover_ratio": 1.56,
            "reinvestment_rate": -45.43,
            "research_to_sale_ratio": 26.5,
            "price_fair": 1.32,
            "eps_avg_yearly": 0.44,
            "eps_latest_yearly": 0.04,
            "eps_growth_yearly": -106.31
        },
        "20204": {
            "year_quarter": 20204,
            "year": 2020,
            "quarter": 4,
            "eps": -0.13,
            "eps_growth_year": null,
            "eps_4q": -0.31,
            "eps_4q_growth_year": -154.89,
            "roe": -0.95,
            "roe_4q": -2.41,
            "gross_profit": 22860,
            "gross_margin": 66.36,
            "gross_margin_4q_avg": 68.91,
            "net_income": -4845,
            "net_income_4q": null,
            "revenue": 34447,
            "revenue_4q": null,
            "common_shares": 320247,
            "book_valuer_per_share": 15.7,
            "book_valuer_per_share_4q_avg": 15.93,
            "equity": 507602,
            "current_ratio": 1228.74,
            "debt_ratio": 10.2,
            "inventory_turnover_ratio": 0.34,
            "account_receivable_turnover_ratio": 1.76,
            "reinvestment_rate": -63,
            "research_to_sale_ratio": 27.44,
            "price_fair": 1.14,
            "eps_avg_yearly": 0.38,
            "eps_latest_yearly": 0.04,
            "eps_growth_yearly": -135.79
        },
        "20211": {
            "year_quarter": 20211,
            "year": 2021,
            "quarter": 1,
            "eps": -0.12,
            "eps_growth_year": null,
            "eps_4q": -0.42,
            "eps_4q_growth_year": -171.89,
            "roe": -0.94,
            "roe_4q": -3.16,
            "gross_profit": 21317,
            "gross_margin": 67.84,
            "gross_margin_4q_avg": 68.84,
            "net_income": -4744,
            "net_income_4q": null,
            "revenue": 31424,
            "revenue_4q": null,
            "common_shares": 320247,
            "book_valuer_per_share": 15.54,
            "book_valuer_per_share_4q_avg": 15.71,
            "equity": 501538,
            "current_ratio": 1625.11,
            "debt_ratio": 9.02,
            "inventory_turnover_ratio": 0.31,
            "account_receivable_turnover_ratio": 1.68,
            "reinvestment_rate": -72.35,
            "research_to_sale_ratio": 30.29,
            "price_fair": 0.98,
            "eps_avg_yearly": 0.33,
            "eps_latest_yearly": 0.04,
            "eps_growth_yearly": -146.95
        },
        "20212": {
            "year_quarter": 20212,
            "year": 2021,
            "quarter": 2,
            "eps": 2.12,
            "eps_growth_year": null,
            "eps_4q": 1.76,
            "eps_4q_growth_year": null,
            "roe": 12.02,
            "roe_4q": 9.290000000000001,
            "gross_profit": 18017,
            "gross_margin": 57.37,
            "gross_margin_4q_avg": 66.43,
            "net_income": 65821,
            "net_income_4q": null,
            "revenue": 31404,
            "revenue_4q": null,
            "common_shares": 320247,
            "book_valuer_per_share": 18,
            "book_valuer_per_share_4q_avg": 16.25,
            "equity": 593216,
            "current_ratio": 915.68,
            "debt_ratio": 12.59,
            "inventory_turnover_ratio": 0.44,
            "account_receivable_turnover_ratio": 1.79,
            "reinvestment_rate": -68.89,
            "research_to_sale_ratio": 68.97,
            "price_fair": 0.78,
            "eps_avg_yearly": 0.26,
            "eps_latest_yearly": 0.04,
            "eps_growth_yearly": -177.44
        },
        "20213": {
            "year_quarter": 20213,
            "year": 2021,
            "quarter": 3,
            "eps": -0.24,
            "eps_growth_year": null,
            "eps_4q": 1.64,
            "eps_4q_growth_year": null,
            "roe": -1.58,
            "roe_4q": 8.55,
            "gross_profit": 20947,
            "gross_margin": 63.95,
            "gross_margin_4q_avg": 63.88,
            "net_income": -9326,
            "net_income_4q": null,
            "revenue": 32754,
            "revenue_4q": null,
            "common_shares": 320247,
            "book_valuer_per_share": 17.82,
            "book_valuer_per_share_4q_avg": 16.77,
            "equity": 585857,
            "current_ratio": 948.89,
            "debt_ratio": 12.17,
            "inventory_turnover_ratio": 0.39,
            "account_receivable_turnover_ratio": 1.79,
            "reinvestment_rate": -79.94,
            "research_to_sale_ratio": 25.16,
            "price_fair": 0.52,
            "eps_avg_yearly": 0.17,
            "eps_latest_yearly": 0.04,
            "eps_growth_yearly": -218.8
        },
        "20214": {
            "year_quarter": 20214,
            "year": 2021,
            "quarter": 4,
            "eps": -0.29,
            "eps_growth_year": null,
            "eps_4q": 1.48,
            "eps_4q_growth_year": null,
            "roe": -1.9,
            "roe_4q": 7.6,
            "gross_profit": 19225,
            "gross_margin": 59.66,
            "gross_margin_4q_avg": 62.21,
            "net_income": -10974,
            "net_income_4q": null,
            "revenue": 32226,
            "revenue_4q": null,
            "common_shares": 320247,
            "book_valuer_per_share": 17.39,
            "book_valuer_per_share_4q_avg": 17.19,
            "equity": 570323,
            "current_ratio": 994.53,
            "debt_ratio": 12.01,
            "inventory_turnover_ratio": 0.4,
            "account_receivable_turnover_ratio": 1.72,
            "reinvestment_rate": -95.38,
            "research_to_sale_ratio": 22.03,
            "price_fair": 0.24,
            "eps_avg_yearly": 0.08,
            "eps_latest_yearly": 0.04,
            "eps_growth_yearly": -266.67
        },
        "20221": {
            "year_quarter": 20221,
            "year": 2022,
            "quarter": 1,
            "eps": 0.09,
            "eps_growth_year": null,
            "eps_4q": 1.68,
            "eps_4q_growth_year": null,
            "roe": 0.26,
            "roe_4q": 8.8,
            "gross_profit": 19820,
            "gross_margin": 58.83,
            "gross_margin_4q_avg": 59.95,
            "net_income": 1495,
            "net_income_4q": null,
            "revenue": 33692,
            "revenue_4q": null,
            "common_shares": 320247,
            "book_valuer_per_share": 17.62,
            "book_valuer_per_share_4q_avg": 17.71,
            "equity": 576593,
            "current_ratio": 585.3,
            "debt_ratio": 17.33,
            "inventory_turnover_ratio": 0.43,
            "account_receivable_turnover_ratio": 2.18,
            "reinvestment_rate": -120.5,
            "research_to_sale_ratio": 22.99,
            "price_fair": 0.12,
            "eps_avg_yearly": 0.04,
            "eps_latest_yearly": 0.04,
            "eps_growth_yearly": -266.67
        },
        "20222": {
            "year_quarter": 20222,
            "year": 2022,
            "quarter": 2,
            "eps": 0.79,
            "eps_growth_year": -62.74,
            "eps_4q": 0.35,
            "eps_4q_growth_year": -80.2,
            "roe": 4.22,
            "roe_4q": 0.9999999999999996,
            "gross_profit": 23063,
            "gross_margin": 59.42,
            "gross_margin_4q_avg": 60.47,
            "net_income": 24453,
            "net_income_4q": null,
            "revenue": 38814,
            "revenue_4q": null,
            "common_shares": 320247,
            "book_valuer_per_share": 17.79,
            "book_valuer_per_share_4q_avg": 17.66,
            "equity": 581801,
            "current_ratio": 734.12,
            "debt_ratio": 15.2,
            "inventory_turnover_ratio": 0.53,
            "account_receivable_turnover_ratio": 2.75,
            "reinvestment_rate": -113.47,
            "research_to_sale_ratio": 20.8,
            "price_fair": 110.6,
            "eps_avg_yearly": 3.16,
            "eps_latest_yearly": 3.16,
            "eps_growth_yearly": 3111.11
        },
        "20223": {
            "year_quarter": 20223,
            "year": 2022,
            "quarter": 3,
            "eps": 0.43,
            "eps_growth_year": null,
            "eps_4q": 1.02,
            "eps_4q_growth_year": -37.94,
            "roe": 2.16,
            "roe_4q": 4.74,
            "gross_profit": 22636,
            "gross_margin": 60.37,
            "gross_margin_4q_avg": 59.57,
            "net_income": 12759,
            "net_income_4q": null,
            "revenue": 37495,
            "revenue_4q": null,
            "common_shares": 320247,
            "book_valuer_per_share": 18.41,
            "book_valuer_per_share_4q_avg": 17.8,
            "equity": 601423,
            "current_ratio": 1050.87,
            "debt_ratio": 11.82,
            "inventory_turnover_ratio": 0.54,
            "account_receivable_turnover_ratio": 2.3,
            "reinvestment_rate": -94.5,
            "research_to_sale_ratio": 22.58,
            "price_fair": 85.4,
            "eps_avg_yearly": 2.44,
            "eps_latest_yearly": 1.72,
            "eps_growth_yearly": 1464.42
        },
        "20224": {
            "year_quarter": 20224,
            "year": 2022,
            "quarter": 4,
            "eps": -0.37,
            "eps_growth_year": null,
            "eps_4q": 0.94,
            "eps_4q_growth_year": -36.59,
            "roe": -2.2,
            "roe_4q": 4.4399999999999995,
            "gross_profit": 24517,
            "gross_margin": 65.27,
            "gross_margin_4q_avg": 60.97,
            "net_income": -13065,
            "net_income_4q": null,
            "revenue": 37564,
            "revenue_4q": null,
            "common_shares": 320247,
            "book_valuer_per_share": 17.96,
            "book_valuer_per_share_4q_avg": 17.95,
            "equity": 585322,
            "current_ratio": 983.83,
            "debt_ratio": 12.18,
            "inventory_turnover_ratio": 0.44,
            "account_receivable_turnover_ratio": 2.41,
            "reinvestment_rate": -107.41,
            "research_to_sale_ratio": 26.81,
            "price_fair": 85.4,
            "eps_avg_yearly": 2.44,
            "eps_latest_yearly": 1.72,
            "eps_growth_yearly": 1464.42
        },
        "20231": {
            "year_quarter": 20231,
            "year": 2023,
            "quarter": 1,
            "eps": -4.08,
            "eps_growth_year": -4633.33,
            "eps_4q": -3.24,
            "eps_4q_growth_year": -292.11,
            "roe": -25.38,
            "roe_4q": -21.2,
            "gross_profit": 26684,
            "gross_margin": 74.85,
            "gross_margin_4q_avg": 64.98,
            "net_income": -131750,
            "net_income_4q": null,
            "revenue": 35652,
            "revenue_4q": null,
            "common_shares": 320247,
            "book_valuer_per_share": 13.85,
            "book_valuer_per_share_4q_avg": 17,
            "equity": 452822,
            "current_ratio": 1054.98,
            "debt_ratio": 11.54,
            "inventory_turnover_ratio": 0.29,
            "account_receivable_turnover_ratio": 2.6,
            "reinvestment_rate": null,
            "research_to_sale_ratio": 23.38,
            "price_fair": 85.4,
            "eps_avg_yearly": 2.44,
            "eps_latest_yearly": 1.72,
            "eps_growth_yearly": 1464.42
        },
        "20232": {
            "year_quarter": 20232,
            "year": 2023,
            "quarter": 2,
            "eps": -0.02,
            "eps_growth_year": -102.53,
            "eps_4q": -4.23,
            "eps_4q_growth_year": -1309.43,
            "roe": -1.6,
            "roe_4q": -27.02,
            "gross_profit": 19176,
            "gross_margin": 53.98,
            "gross_margin_4q_avg": 63.62,
            "net_income": -7009,
            "net_income_4q": null,
            "revenue": 35526,
            "revenue_4q": null,
            "common_shares": 320247,
            "book_valuer_per_share": 12.91,
            "book_valuer_per_share_4q_avg": 15.78,
            "equity": 422218,
            "current_ratio": 630.95,
            "debt_ratio": 16.09,
            "inventory_turnover_ratio": 0.53,
            "account_receivable_turnover_ratio": 2.69,
            "reinvestment_rate": null,
            "research_to_sale_ratio": 22.64,
            "price_fair": 85.4,
            "eps_avg_yearly": 2.44,
            "eps_latest_yearly": 1.72,
            "eps_growth_yearly": 1464.42
        },
        "20233": {
            "year_quarter": 20233,
            "year": 2023,
            "quarter": 3,
            "eps": -0.05,
            "eps_growth_year": -111.63,
            "eps_4q": -4.7,
            "eps_4q_growth_year": -562.69,
            "roe": -0.5,
            "roe_4q": -29.68,
            "gross_profit": 25080,
            "gross_margin": 52.3,
            "gross_margin_4q_avg": 61.6,
            "net_income": -2108,
            "net_income_4q": null,
            "revenue": 47958,
            "revenue_4q": null,
            "common_shares": 320247,
            "book_valuer_per_share": 13,
            "book_valuer_per_share_4q_avg": 14.43,
            "equity": 424728,
            "current_ratio": 971.73,
            "debt_ratio": 12.3,
            "inventory_turnover_ratio": 0.78,
            "account_receivable_turnover_ratio": 2.77,
            "reinvestment_rate": null,
            "research_to_sale_ratio": 17.14,
            "price_fair": 85.4,
            "eps_avg_yearly": 2.44,
            "eps_latest_yearly": 1.72,
            "eps_growth_yearly": 1464.42
        }
    },
    "months": {
        "2002-12": {
            "month": "2002-12",
            "price": "36.36",
            "revenue": 26659
        },
        "2003-01": {
            "month": "2003-01",
            "price": "37.63",
            "revenue": 23462
        },
        "2003-02": {
            "month": "2003-02",
            "price": "34.78",
            "revenue": 21950
        },
        "2003-03": {
            "month": "2003-03",
            "price": "31.00",
            "revenue": 27268
        },
        "2003-04": {
            "month": "2003-04",
            "price": "30.81",
            "revenue": 17649
        },
        "2003-05": {
            "month": "2003-05",
            "price": "28.84",
            "revenue": 21621
        },
        "2003-06": {
            "month": "2003-06",
            "price": "31.56",
            "revenue": 22818
        },
        "2003-07": {
            "month": "2003-07",
            "price": "32.37",
            "revenue": 18811
        },
        "2003-08": {
            "month": "2003-08",
            "price": "30.02",
            "revenue": 21054
        },
        "2003-09": {
            "month": "2003-09",
            "price": "30.06",
            "revenue": 19828
        },
        "2003-10": {
            "month": "2003-10",
            "price": "29.21",
            "revenue": 22504
        },
        "2003-11": {
            "month": "2003-11",
            "price": "29.18",
            "revenue": 28159
        },
        "2003-12": {
            "month": "2003-12",
            "price": "29.24",
            "revenue": 27236
        },
        "2004-01": {
            "month": "2004-01",
            "price": "29.63",
            "revenue": 21810
        },
        "2004-02": {
            "month": "2004-02",
            "price": "30.86",
            "revenue": 24458
        },
        "2004-03": {
            "month": "2004-03",
            "price": "31.08",
            "revenue": 27402
        },
        "2004-04": {
            "month": "2004-04",
            "price": "33.09",
            "revenue": 23448
        },
        "2004-05": {
            "month": "2004-05",
            "price": "32.39",
            "revenue": 23135
        },
        "2004-06": {
            "month": "2004-06",
            "price": "32.77",
            "revenue": 24489
        },
        "2004-07": {
            "month": "2004-07",
            "price": "26.52",
            "revenue": 23972
        },
        "2004-08": {
            "month": "2004-08",
            "price": "25.97",
            "revenue": 24175
        },
        "2004-09": {
            "month": "2004-09",
            "price": "25.26",
            "revenue": 24846
        },
        "2004-10": {
            "month": "2004-10",
            "price": "22.79",
            "revenue": 25311
        },
        "2004-11": {
            "month": "2004-11",
            "price": "21.25",
            "revenue": 30880
        },
        "2004-12": {
            "month": "2004-12",
            "price": "20.42",
            "revenue": 27438
        },
        "2005-01": {
            "month": "2005-01",
            "price": "19.26",
            "revenue": 25056
        },
        "2005-02": {
            "month": "2005-02",
            "price": "19.42",
            "revenue": 20002
        },
        "2005-03": {
            "month": "2005-03",
            "price": "19.59",
            "revenue": 24142
        },
        "2005-04": {
            "month": "2005-04",
            "price": "16.58",
            "revenue": 25168
        },
        "2005-05": {
            "month": "2005-05",
            "price": "15.50",
            "revenue": 23549
        },
        "2005-06": {
            "month": "2005-06",
            "price": "17.02",
            "revenue": 24009
        },
        "2005-07": {
            "month": "2005-07",
            "price": "21.17",
            "revenue": 21335
        },
        "2005-08": {
            "month": "2005-08",
            "price": "20.63",
            "revenue": 22017
        },
        "2005-09": {
            "month": "2005-09",
            "price": "16.28",
            "revenue": 24185
        },
        "2005-10": {
            "month": "2005-10",
            "price": "15.30",
            "revenue": 22095
        },
        "2005-11": {
            "month": "2005-11",
            "price": "15.65",
            "revenue": 27207
        },
        "2005-12": {
            "month": "2005-12",
            "price": "16.41",
            "revenue": 26582
        },
        "2006-01": {
            "month": "2006-01",
            "price": "16.07",
            "revenue": 22036
        },
        "2006-02": {
            "month": "2006-02",
            "price": "15.44",
            "revenue": 20357
        },
        "2006-03": {
            "month": "2006-03",
            "price": "16.54",
            "revenue": 22781
        },
        "2006-04": {
            "month": "2006-04",
            "price": "18.46",
            "revenue": 21048
        },
        "2006-05": {
            "month": "2006-05",
            "price": "19.48",
            "revenue": 21174
        },
        "2006-06": {
            "month": "2006-06",
            "price": "20.17",
            "revenue": 23643
        },
        "2006-07": {
            "month": "2006-07",
            "price": "23.34",
            "revenue": 22177
        },
        "2006-08": {
            "month": "2006-08",
            "price": "23.97",
            "revenue": 22501
        },
        "2006-09": {
            "month": "2006-09",
            "price": "20.75",
            "revenue": 23007
        },
        "2006-10": {
            "month": "2006-10",
            "price": "22.09",
            "revenue": 22388
        },
        "2006-11": {
            "month": "2006-11",
            "price": "22.93",
            "revenue": 27215
        },
        "2006-12": {
            "month": "2006-12",
            "price": "27.58",
            "revenue": 25179
        },
        "2007-01": {
            "month": "2007-01",
            "price": "30.89",
            "revenue": 34786
        },
        "2007-02": {
            "month": "2007-02",
            "price": "30.63",
            "revenue": 30204
        },
        "2007-03": {
            "month": "2007-03",
            "price": "29.89",
            "revenue": 41030
        },
        "2007-04": {
            "month": "2007-04",
            "price": "34.14",
            "revenue": 32862
        },
        "2007-05": {
            "month": "2007-05",
            "price": "45.08",
            "revenue": 34157
        },
        "2007-06": {
            "month": "2007-06",
            "price": "58.92",
            "revenue": 38551
        },
        "2007-07": {
            "month": "2007-07",
            "price": "55.67",
            "revenue": 31908
        },
        "2007-08": {
            "month": "2007-08",
            "price": "54.80",
            "revenue": 37855
        },
        "2007-09": {
            "month": "2007-09",
            "price": "48.59",
            "revenue": 35661
        },
        "2007-10": {
            "month": "2007-10",
            "price": "51.67",
            "revenue": 36344
        },
        "2007-11": {
            "month": "2007-11",
            "price": "42.06",
            "revenue": 36697
        },
        "2007-12": {
            "month": "2007-12",
            "price": "39.71",
            "revenue": 38512
        },
        "2008-01": {
            "month": "2008-01",
            "price": "34.02",
            "revenue": 44000
        },
        "2008-02": {
            "month": "2008-02",
            "price": "32.84",
            "revenue": 32838
        },
        "2008-03": {
            "month": "2008-03",
            "price": "34.76",
            "revenue": 37223
        },
        "2008-04": {
            "month": "2008-04",
            "price": "38.14",
            "revenue": 37924
        },
        "2008-05": {
            "month": "2008-05",
            "price": "40.62",
            "revenue": 34251
        },
        "2008-06": {
            "month": "2008-06",
            "price": "34.75",
            "revenue": 31780
        },
        "2008-07": {
            "month": "2008-07",
            "price": "29.77",
            "revenue": 36529
        },
        "2008-08": {
            "month": "2008-08",
            "price": "31.80",
            "revenue": 35126
        },
        "2008-09": {
            "month": "2008-09",
            "price": "28.45",
            "revenue": 31084
        },
        "2008-10": {
            "month": "2008-10",
            "price": "25.78",
            "revenue": 35740
        },
        "2008-11": {
            "month": "2008-11",
            "price": "15.38",
            "revenue": 34525
        },
        "2008-12": {
            "month": "2008-12",
            "price": "15.67",
            "revenue": 33643
        },
        "2009-01": {
            "month": "2009-01",
            "price": "15.65",
            "revenue": 31266
        },
        "2009-02": {
            "month": "2009-02",
            "price": "16.10",
            "revenue": 36691
        },
        "2009-03": {
            "month": "2009-03",
            "price": "19.80",
            "revenue": 32750
        },
        "2009-04": {
            "month": "2009-04",
            "price": "22.10",
            "revenue": 34678
        },
        "2009-05": {
            "month": "2009-05",
            "price": "27.82",
            "revenue": 29514
        },
        "2009-06": {
            "month": "2009-06",
            "price": "29.00",
            "revenue": 34780
        },
        "2009-07": {
            "month": "2009-07",
            "price": "30.11",
            "revenue": 34591
        },
        "2009-08": {
            "month": "2009-08",
            "price": "28.60",
            "revenue": 34487
        },
        "2009-09": {
            "month": "2009-09",
            "price": "31.78",
            "revenue": 34063
        },
        "2009-10": {
            "month": "2009-10",
            "price": "33.00",
            "revenue": 34871
        },
        "2009-11": {
            "month": "2009-11",
            "price": "31.23",
            "revenue": 35057
        },
        "2009-12": {
            "month": "2009-12",
            "price": "42.30",
            "revenue": 39982
        },
        "2010-01": {
            "month": "2010-01",
            "price": "47.45",
            "revenue": 39994
        },
        "2010-02": {
            "month": "2010-02",
            "price": "38.62",
            "revenue": 37609
        },
        "2010-03": {
            "month": "2010-03",
            "price": "47.11",
            "revenue": 42969
        },
        "2010-04": {
            "month": "2010-04",
            "price": "69.06",
            "revenue": 47348
        },
        "2010-05": {
            "month": "2010-05",
            "price": "73.70",
            "revenue": 40224
        },
        "2010-06": {
            "month": "2010-06",
            "price": "80.49",
            "revenue": 41827
        },
        "2010-07": {
            "month": "2010-07",
            "price": "73.16",
            "revenue": 40675
        },
        "2010-08": {
            "month": "2010-08",
            "price": "68.08",
            "revenue": 40579
        },
        "2010-09": {
            "month": "2010-09",
            "price": "85.38",
            "revenue": 38410
        },
        "2010-10": {
            "month": "2010-10",
            "price": "78.85",
            "revenue": 40312
        },
        "2010-11": {
            "month": "2010-11",
            "price": "72.01",
            "revenue": 39096
        },
        "2010-12": {
            "month": "2010-12",
            "price": "85.29",
            "revenue": 40936
        },
        "2011-01": {
            "month": "2011-01",
            "price": "76.94",
            "revenue": 38009
        },
        "2011-02": {
            "month": "2011-02",
            "price": "79.76",
            "revenue": 34128
        },
        "2011-03": {
            "month": "2011-03",
            "price": "80.04",
            "revenue": 38039
        },
        "2011-04": {
            "month": "2011-04",
            "price": "76.77",
            "revenue": 38222
        },
        "2011-05": {
            "month": "2011-05",
            "price": "65.00",
            "revenue": 35262
        },
        "2011-06": {
            "month": "2011-06",
            "price": "62.93",
            "revenue": 38912
        },
        "2011-07": {
            "month": "2011-07",
            "price": "50.07",
            "revenue": 34564
        },
        "2011-08": {
            "month": "2011-08",
            "price": "36.25",
            "revenue": 32585
        },
        "2011-09": {
            "month": "2011-09",
            "price": "33.83",
            "revenue": 33499
        },
        "2011-10": {
            "month": "2011-10",
            "price": "38.84",
            "revenue": 34017
        },
        "2011-11": {
            "month": "2011-11",
            "price": "42.07",
            "revenue": 37426
        },
        "2011-12": {
            "month": "2011-12",
            "price": "34.77",
            "revenue": 43796
        },
        "2012-01": {
            "month": "2012-01",
            "price": "36.35",
            "revenue": 35411
        },
        "2012-02": {
            "month": "2012-02",
            "price": "45.83",
            "revenue": 36787
        },
        "2012-03": {
            "month": "2012-03",
            "price": "47.95",
            "revenue": 37677
        },
        "2012-04": {
            "month": "2012-04",
            "price": "39.12",
            "revenue": 38611
        },
        "2012-05": {
            "month": "2012-05",
            "price": "37.49",
            "revenue": 37466
        },
        "2012-06": {
            "month": "2012-06",
            "price": "36.06",
            "revenue": 35392
        },
        "2012-07": {
            "month": "2012-07",
            "price": "34.75",
            "revenue": 33096
        },
        "2012-08": {
            "month": "2012-08",
            "price": "35.76",
            "revenue": 35288
        },
        "2012-09": {
            "month": "2012-09",
            "price": "36.05",
            "revenue": 32113
        },
        "2012-10": {
            "month": "2012-10",
            "price": "33.38",
            "revenue": 31715
        },
        "2012-11": {
            "month": "2012-11",
            "price": "27.46",
            "revenue": 33344
        },
        "2012-12": {
            "month": "2012-12",
            "price": "28.93",
            "revenue": 30915
        },
        "2013-01": {
            "month": "2013-01",
            "price": "30.05",
            "revenue": 27192
        },
        "2013-02": {
            "month": "2013-02",
            "price": "29.53",
            "revenue": 26064
        },
        "2013-03": {
            "month": "2013-03",
            "price": "29.89",
            "revenue": 27795
        },
        "2013-04": {
            "month": "2013-04",
            "price": "29.42",
            "revenue": 27172
        },
        "2013-05": {
            "month": "2013-05",
            "price": "28.87",
            "revenue": 27706
        },
        "2013-06": {
            "month": "2013-06",
            "price": "28.01",
            "revenue": 27817
        },
        "2013-07": {
            "month": "2013-07",
            "price": "26.05",
            "revenue": 26363
        },
        "2013-08": {
            "month": "2013-08",
            "price": "24.59",
            "revenue": 28048
        },
        "2013-09": {
            "month": "2013-09",
            "price": "23.94",
            "revenue": 26250
        },
        "2013-10": {
            "month": "2013-10",
            "price": "23.06",
            "revenue": 27090
        },
        "2013-11": {
            "month": "2013-11",
            "price": "21.42",
            "revenue": 27494
        },
        "2013-12": {
            "month": "2013-12",
            "price": "22.85",
            "revenue": 30576
        },
        "2014-01": {
            "month": "2014-01",
            "price": "23.91",
            "revenue": 27497
        },
        "2014-02": {
            "month": "2014-02",
            "price": "29.53",
            "revenue": 26194
        },
        "2014-03": {
            "month": "2014-03",
            "price": "30.90",
            "revenue": 27824
        },
        "2014-04": {
            "month": "2014-04",
            "price": "30.67",
            "revenue": 27847
        },
        "2014-05": {
            "month": "2014-05",
            "price": "29.88",
            "revenue": 26161
        },
        "2014-06": {
            "month": "2014-06",
            "price": "35.96",
            "revenue": 25634
        },
        "2014-07": {
            "month": "2014-07",
            "price": "35.69",
            "revenue": 25643
        },
        "2014-08": {
            "month": "2014-08",
            "price": "32.12",
            "revenue": 23357
        },
        "2014-09": {
            "month": "2014-09",
            "price": "32.46",
            "revenue": 22373
        },
        "2014-10": {
            "month": "2014-10",
            "price": "27.98",
            "revenue": 23243
        },
        "2014-11": {
            "month": "2014-11",
            "price": "27.10",
            "revenue": 23346
        },
        "2014-12": {
            "month": "2014-12",
            "price": "28.22",
            "revenue": 21579
        },
        "2015-01": {
            "month": "2015-01",
            "price": "28.72",
            "revenue": 21607
        },
        "2015-02": {
            "month": "2015-02",
            "price": "27.75",
            "revenue": 21872
        },
        "2015-03": {
            "month": "2015-03",
            "price": "30.98",
            "revenue": 23686
        },
        "2015-04": {
            "month": "2015-04",
            "price": "39.57",
            "revenue": 22035
        },
        "2015-05": {
            "month": "2015-05",
            "price": "32.36",
            "revenue": 22281
        },
        "2015-06": {
            "month": "2015-06",
            "price": "28.03",
            "revenue": 22424
        },
        "2015-07": {
            "month": "2015-07",
            "price": "25.22",
            "revenue": 22223
        },
        "2015-08": {
            "month": "2015-08",
            "price": "21.02",
            "revenue": 21917
        },
        "2015-09": {
            "month": "2015-09",
            "price": "20.60",
            "revenue": 21312
        },
        "2015-10": {
            "month": "2015-10",
            "price": "22.98",
            "revenue": 21560
        },
        "2015-11": {
            "month": "2015-11",
            "price": "23.70",
            "revenue": 22291
        },
        "2015-12": {
            "month": "2015-12",
            "price": "22.65",
            "revenue": 22271
        },
        "2016-01": {
            "month": "2016-01",
            "price": "20.05",
            "revenue": 22451
        },
        "2016-02": {
            "month": "2016-02",
            "price": "21.45",
            "revenue": 22180
        },
        "2016-03": {
            "month": "2016-03",
            "price": "22.33",
            "revenue": 23033
        },
        "2016-04": {
            "month": "2016-04",
            "price": "20.80",
            "revenue": 22331
        },
        "2016-05": {
            "month": "2016-05",
            "price": "20.21",
            "revenue": 22124
        },
        "2016-06": {
            "month": "2016-06",
            "price": "20.18",
            "revenue": 23456
        },
        "2016-07": {
            "month": "2016-07",
            "price": "20.74",
            "revenue": 22382
        },
        "2016-08": {
            "month": "2016-08",
            "price": "22.88",
            "revenue": 22109
        },
        "2016-09": {
            "month": "2016-09",
            "price": "21.68",
            "revenue": 21157
        },
        "2016-10": {
            "month": "2016-10",
            "price": "20.88",
            "revenue": 22129
        },
        "2016-11": {
            "month": "2016-11",
            "price": "19.61",
            "revenue": 22277
        },
        "2016-12": {
            "month": "2016-12",
            "price": "19.92",
            "revenue": 22347
        },
        "2017-01": {
            "month": "2017-01",
            "price": "20.01",
            "revenue": 21269
        },
        "2017-02": {
            "month": "2017-02",
            "price": "21.76",
            "revenue": 22236
        },
        "2017-03": {
            "month": "2017-03",
            "price": "21.70",
            "revenue": 23097
        },
        "2017-04": {
            "month": "2017-04",
            "price": "20.43",
            "revenue": 22429
        },
        "2017-05": {
            "month": "2017-05",
            "price": "20.66",
            "revenue": 21129
        },
        "2017-06": {
            "month": "2017-06",
            "price": "20.69",
            "revenue": 21077
        },
        "2017-07": {
            "month": "2017-07",
            "price": "20.29",
            "revenue": 21330
        },
        "2017-08": {
            "month": "2017-08",
            "price": "20.10",
            "revenue": 21166
        },
        "2017-09": {
            "month": "2017-09",
            "price": "20.33",
            "revenue": 20290
        },
        "2017-10": {
            "month": "2017-10",
            "price": "19.94",
            "revenue": 20220
        },
        "2017-11": {
            "month": "2017-11",
            "price": "21.16",
            "revenue": 20037
        },
        "2017-12": {
            "month": "2017-12",
            "price": "20.81",
            "revenue": 21346
        },
        "2018-01": {
            "month": "2018-01",
            "price": "21.16",
            "revenue": 19071
        },
        "2018-02": {
            "month": "2018-02",
            "price": "22.17",
            "revenue": 18716
        },
        "2018-03": {
            "month": "2018-03",
            "price": "23.60",
            "revenue": 19213
        },
        "2018-04": {
            "month": "2018-04",
            "price": "21.41",
            "revenue": 18780
        },
        "2018-05": {
            "month": "2018-05",
            "price": "20.24",
            "revenue": 16409
        },
        "2018-06": {
            "month": "2018-06",
            "price": "20.74",
            "revenue": 15135
        },
        "2018-07": {
            "month": "2018-07",
            "price": "19.53",
            "revenue": 16349
        },
        "2018-08": {
            "month": "2018-08",
            "price": "18.54",
            "revenue": 16288
        },
        "2018-09": {
            "month": "2018-09",
            "price": "17.12",
            "revenue": 15268
        },
        "2018-10": {
            "month": "2018-10",
            "price": "15.57",
            "revenue": 16112
        },
        "2018-11": {
            "month": "2018-11",
            "price": "14.31",
            "revenue": 16784
        },
        "2018-12": {
            "month": "2018-12",
            "price": "15.65",
            "revenue": 16728
        },
        "2019-01": {
            "month": "2019-01",
            "price": "15.14",
            "revenue": 15366
        },
        "2019-02": {
            "month": "2019-02",
            "price": "15.44",
            "revenue": 16314
        },
        "2019-03": {
            "month": "2019-03",
            "price": "16.38",
            "revenue": 16067
        },
        "2019-04": {
            "month": "2019-04",
            "price": "16.35",
            "revenue": 15245
        },
        "2019-05": {
            "month": "2019-05",
            "price": "15.19",
            "revenue": 15001
        },
        "2019-06": {
            "month": "2019-06",
            "price": "14.49",
            "revenue": 13519
        },
        "2019-07": {
            "month": "2019-07",
            "price": "15.34",
            "revenue": 13828
        },
        "2019-08": {
            "month": "2019-08",
            "price": "16.56",
            "revenue": 15279
        },
        "2019-09": {
            "month": "2019-09",
            "price": "17.95",
            "revenue": 15556
        },
        "2019-10": {
            "month": "2019-10",
            "price": "18.00",
            "revenue": 16285
        },
        "2019-11": {
            "month": "2019-11",
            "price": "16.92",
            "revenue": 15176
        },
        "2019-12": {
            "month": "2019-12",
            "price": "16.29",
            "revenue": 13220
        },
        "2020-01": {
            "month": "2020-01",
            "price": "16.04",
            "revenue": 13056
        },
        "2020-02": {
            "month": "2020-02",
            "price": "14.95",
            "revenue": 13913
        },
        "2020-03": {
            "month": "2020-03",
            "price": "13.01",
            "revenue": 14242
        },
        "2020-04": {
            "month": "2020-04",
            "price": "12.75",
            "revenue": 15164
        },
        "2020-05": {
            "month": "2020-05",
            "price": "13.74",
            "revenue": 14761
        },
        "2020-06": {
            "month": "2020-06",
            "price": "14.21",
            "revenue": 14579
        },
        "2020-07": {
            "month": "2020-07",
            "price": "15.19",
            "revenue": 12502
        },
        "2020-08": {
            "month": "2020-08",
            "price": "14.94",
            "revenue": 12188
        },
        "2020-09": {
            "month": "2020-09",
            "price": "15.04",
            "revenue": 12146
        },
        "2020-10": {
            "month": "2020-10",
            "price": "14.90",
            "revenue": 12029
        },
        "2020-11": {
            "month": "2020-11",
            "price": "14.93",
            "revenue": 10096
        },
        "2020-12": {
            "month": "2020-12",
            "price": "15.14",
            "revenue": 11489
        },
        "2021-01": {
            "month": "2021-01",
            "price": "15.21",
            "revenue": 10738
        },
        "2021-02": {
            "month": "2021-02",
            "price": "14.87",
            "revenue": 8548
        },
        "2021-03": {
            "month": "2021-03",
            "price": "15.25",
            "revenue": 12138
        },
        "2021-04": {
            "month": "2021-04",
            "price": "17.12",
            "revenue": 11096
        },
        "2021-05": {
            "month": "2021-05",
            "price": "15.91",
            "revenue": 10285
        },
        "2021-06": {
            "month": "2021-06",
            "price": "16.34",
            "revenue": 10023
        },
        "2021-07": {
            "month": "2021-07",
            "price": "16.15",
            "revenue": 11007
        },
        "2021-08": {
            "month": "2021-08",
            "price": "16.26",
            "revenue": 11185
        },
        "2021-09": {
            "month": "2021-09",
            "price": "20.80",
            "revenue": 10562
        },
        "2021-10": {
            "month": "2021-10",
            "price": "19.80",
            "revenue": 10063
        },
        "2021-11": {
            "month": "2021-11",
            "price": "21.71",
            "revenue": 11478
        },
        "2021-12": {
            "month": "2021-12",
            "price": "20.20",
            "revenue": 10685
        },
        "2022-01": {
            "month": "2022-01",
            "price": "19.33",
            "revenue": 10154
        },
        "2022-02": {
            "month": "2022-02",
            "price": "18.92",
            "revenue": 9195
        },
        "2022-03": {
            "month": "2022-03",
            "price": "18.27",
            "revenue": 14343
        },
        "2022-04": {
            "month": "2022-04",
            "price": "17.78",
            "revenue": 11889
        },
        "2022-05": {
            "month": "2022-05",
            "price": "16.85",
            "revenue": 14592
        },
        "2022-06": {
            "month": "2022-06",
            "price": "17.20",
            "revenue": 12333
        },
        "2022-07": {
            "month": "2022-07",
            "price": "16.86",
            "revenue": 12716
        },
        "2022-08": {
            "month": "2022-08",
            "price": "20.75",
            "revenue": 12576
        },
        "2022-09": {
            "month": "2022-09",
            "price": "19.94",
            "revenue": 12203
        },
        "2022-10": {
            "month": "2022-10",
            "price": "17.82",
            "revenue": 12385
        },
        "2022-11": {
            "month": "2022-11",
            "price": "19.02",
            "revenue": 13054
        },
        "2022-12": {
            "month": "2022-12",
            "price": "19.34",
            "revenue": 12125
        },
        "2023-01": {
            "month": "2023-01",
            "price": "18.83",
            "revenue": 10137
        },
        "2023-02": {
            "month": "2023-02",
            "price": "19.45",
            "revenue": 11872
        },
        "2023-03": {
            "month": "2023-03",
            "price": "26.18",
            "revenue": 13643
        },
        "2023-04": {
            "month": "2023-04",
            "price": "31.37",
            "revenue": 11645
        },
        "2023-05": {
            "month": "2023-05",
            "price": "30.00",
            "revenue": 12231
        },
        "2023-06": {
            "month": "2023-06",
            "price": "26.85",
            "revenue": 11650
        },
        "2023-07": {
            "month": "2023-07",
            "price": "25.40",
            "revenue": 13380
        },
        "2023-08": {
            "month": "2023-08",
            "price": "22.49",
            "revenue": 16411
        },
        "2023-09": {
            "month": "2023-09",
            "price": "23.84",
            "revenue": 18167
        },
        "2023-10": {
            "month": "2023-10",
            "price": "23.48",
            "revenue": 17595
        },
        "2023-11": {
            "month": "2023-11",
            "price": "22.62",
            "revenue": 13978
        },
        "2023-12": {
            "month": "2023-12",
            "price": "22.57",
            "revenue": 14484
        }
    }
}
