{
    "summary": {
        "stock_name": "凌網",
        "stock_id": "5212",
        "category": "資訊服務",
        "main_business": "專案軟體服務<br>圖書館軟體及電子書銷售服務<br>金融軟體服務",
        "website_url": "http://www.hyweb.com.tw",
        "ceo": "賴洋助",
        "pe_ratio": 18,
        "report_year_from": 2001,
        "report_year_to": 2023,
        "age": 22,
        "eps_negative_percentage": 13,
        "eps_growth_avg": {
            "last_all": -0.42,
            "last_2y": 5.93,
            "last_4y": 29.13,
            "last_8y": 25.84,
            "last_12y": 10.49,
            "last_16y": -2.61,
            "last_20y": -0.42,
            "at_2006_last_3y": 0.77,
            "at_2007_last_3y": -10.23,
            "at_2008_last_3y": -6.87,
            "at_2009_last_3y": -38.64,
            "at_2010_last_3y": -55.75,
            "at_2011_last_3y": -48.99,
            "at_2012_last_3y": -30.45,
            "at_2013_last_3y": -30.45,
            "at_2014_last_3y": -30.45,
            "at_2015_last_3y": -5.87,
            "at_2016_last_3y": -13.69,
            "at_2017_last_3y": 20.37,
            "at_2018_last_3y": 37.35,
            "at_2019_last_3y": 33.64,
            "at_2020_last_3y": 39.89,
            "at_2021_last_3y": 35.29,
            "at_2022_last_3y": 14.33,
            "at_2023_last_3y": 14.33,
            "at_2006_last_all": 8.77,
            "at_2007_last_all": 0.71,
            "at_2008_last_all": -3.34,
            "at_2009_last_all": -15.42,
            "at_2010_last_all": -15.42,
            "at_2011_last_all": -15.86,
            "at_2012_last_all": -11.47,
            "at_2013_last_all": -19.52,
            "at_2014_last_all": -19.52,
            "at_2015_last_all": -13.36,
            "at_2016_last_all": -11.99,
            "at_2017_last_all": -10.97,
            "at_2018_last_all": -4.36,
            "at_2019_last_all": -1.61,
            "at_2020_last_all": 0.22,
            "at_2021_last_all": -0.69,
            "at_2022_last_all": -0.42,
            "at_2023_last_all": -0.42
        },
        "latest_eps": 2.61,
        "latest_price": 47.85,
        "latest_roe": 20.4,
        "latest_gross_margin": 50.04,
        "latest_equity": 421043,
        "latest_revenue": 148440,
        "latest_gross_profit": 74280,
        "latest_net_income": -4714,
        "latest_debt_ratio": 42.4,
        "latest_current_ratio": 205.7,
        "latest_account_receivable_turnover_ratio": 1.4,
        "latest_inventory_turnover_ratio": 1.38,
        "latest_reinvestment_rate": -3.36,
        "latest_research_to_sale_ratio": 34.98
    },
    "eps_dividends": {
        "2001": {
            "cash": 0,
            "stock": 3.56,
            "eps": 1.79
        },
        "2002": {
            "cash": 0,
            "stock": 5.41,
            "eps": 2.52
        },
        "2003": {
            "cash": 0,
            "stock": 2.28,
            "eps": 2.63
        },
        "2004": {
            "cash": 0,
            "stock": 2.35,
            "eps": 1.55
        },
        "2005": {
            "cash": 0.95,
            "stock": 0.25,
            "eps": 1.97
        },
        "2006": {
            "cash": 1.21,
            "stock": 0.3,
            "eps": 2.22
        },
        "2007": {
            "cash": 1.37,
            "stock": 0.34,
            "eps": 1.34
        },
        "2008": {
            "cash": 0.95,
            "stock": 0.14,
            "eps": 0.97
        },
        "2009": {
            "cash": 0.85,
            "stock": 0,
            "eps": -0.93
        },
        "2010": {
            "cash": 0,
            "stock": 0,
            "eps": 0.31
        },
        "2011": {
            "cash": 0.28,
            "stock": 0,
            "eps": 0.25
        },
        "2012": {
            "cash": 0.35,
            "stock": 0,
            "eps": 0.32
        },
        "2013": {
            "cash": 0.4,
            "stock": 0,
            "eps": -1.09
        },
        "2014": {
            "cash": 0,
            "stock": 0,
            "eps": 0.57
        },
        "2015": {
            "cash": 0.25,
            "stock": 0,
            "eps": 0.88
        },
        "2016": {
            "cash": 0.75,
            "stock": 0,
            "eps": 0.92
        },
        "2017": {
            "cash": 0.72,
            "stock": 0,
            "eps": 0.94
        },
        "2018": {
            "cash": 0.8,
            "stock": 0,
            "eps": 1.77
        },
        "2019": {
            "cash": 1.5,
            "stock": 0,
            "eps": 2.47
        },
        "2020": {
            "cash": 2.18,
            "stock": 0,
            "eps": 3.2
        },
        "2021": {
            "cash": 2.85,
            "stock": 0,
            "eps": 2.68
        },
        "2022": {
            "cash": 2.5,
            "stock": 0,
            "eps": 2.8
        },
        "2023": {
            "cash": 2.6,
            "stock": 0,
            "eps": -0.15
        }
    },
    "dividends": {
        "2001-04-17": {
            "cash": 0,
            "stock": 3.56
        },
        "2002-05-24": {
            "cash": 0,
            "stock": 5.41
        },
        "2003-06-06": {
            "cash": 0,
            "stock": 2.28
        },
        "2004-03-17": {
            "cash": 0,
            "stock": 2.35
        },
        "2005-03-15": {
            "cash": 0.95,
            "stock": 0.25
        },
        "2006-03-27": {
            "cash": 1.21,
            "stock": 0.3
        },
        "2007-03-16": {
            "cash": 1.37,
            "stock": 0.34
        },
        "2008-03-19": {
            "cash": 0.95,
            "stock": 0.14
        },
        "2009-03-11": {
            "cash": 0.85,
            "stock": 0
        },
        "2011-03-10": {
            "cash": 0.28,
            "stock": 0
        },
        "2012-06-06": {
            "cash": 0.35,
            "stock": 0
        },
        "2013-06-18": {
            "cash": 0.4,
            "stock": 0
        },
        "2015-08-12": {
            "cash": 0.25,
            "stock": 0
        },
        "2016-08-10": {
            "cash": 0.75,
            "stock": 0
        },
        "2017-08-02": {
            "cash": 0.72,
            "stock": 0
        },
        "2018-08-01": {
            "cash": 0.8,
            "stock": 0
        },
        "2019-07-31": {
            "cash": 1.5,
            "stock": 0
        },
        "2020-07-31": {
            "cash": 2.18,
            "stock": 0
        },
        "2021-08-12": {
            "cash": 2.85,
            "stock": 0
        },
        "2022-07-07": {
            "cash": 2.5,
            "stock": 0
        },
        "2023-05-18": {
            "cash": 2.6,
            "stock": 0
        }
    },
    "prices": {
        "200101": "無",
        "200102": "無",
        "200103": "無",
        "200104": "無",
        "200105": "無",
        "200106": "無",
        "200107": "無",
        "200108": "無",
        "200109": "無",
        "200110": "無",
        "200111": "無",
        "200112": "無",
        "200201": "無",
        "200202": "無",
        "200203": "無",
        "200204": "無",
        "200205": "無",
        "200206": "無",
        "200207": "無",
        "200208": "無",
        "200209": "無",
        "200210": "無",
        "200211": "無",
        "200212": "無",
        "200301": "無",
        "200302": "無",
        "200303": "31.07",
        "200304": "29.28",
        "200305": "28.64",
        "200306": "31.40",
        "200307": "31.71",
        "200308": "26.69",
        "200309": "25.03",
        "200310": "26.05",
        "200311": "26.02",
        "200312": "26.47",
        "200401": "27.23",
        "200402": "28.58",
        "200403": "33.40",
        "200404": "35.51",
        "200405": "27.55",
        "200406": "24.41",
        "200407": "21.08",
        "200408": "17.64",
        "200409": "16.68",
        "200410": "15.10",
        "200411": "14.55",
        "200412": "14.61",
        "200501": "15.41",
        "200502": "15.52",
        "200503": "16.64",
        "200504": "19.62",
        "200505": "19.81",
        "200506": "21.91",
        "200507": "24.94",
        "200508": "25.69",
        "200509": "26.00",
        "200510": "23.41",
        "200511": "21.18",
        "200512": "20.72",
        "200601": "21.99",
        "200602": "20.93",
        "200603": "20.68",
        "200604": "21.96",
        "200605": "23.42",
        "200606": "21.52",
        "200607": "21.28",
        "200608": "20.69",
        "200609": "20.82",
        "200610": "21.24",
        "200611": "24.25",
        "200612": "30.10",
        "200701": "38.16",
        "200702": "36.59",
        "200703": "35.17",
        "200704": "35.54",
        "200705": "32.98",
        "200706": "34.54",
        "200707": "37.87",
        "200708": "33.37",
        "200709": "29.32",
        "200710": "28.37",
        "200711": "24.88",
        "200712": "22.49",
        "200801": "20.14",
        "200802": "19.93",
        "200803": "21.09",
        "200804": "23.56",
        "200805": "23.65",
        "200806": "21.80",
        "200807": "19.63",
        "200808": "18.07",
        "200809": "16.63",
        "200810": "14.00",
        "200811": "12.01",
        "200812": "11.97",
        "200901": "12.39",
        "200902": "11.95",
        "200903": "13.16",
        "200904": "14.52",
        "200905": "15.34",
        "200906": "17.65",
        "200907": "18.12",
        "200908": "17.45",
        "200909": "19.69",
        "200910": "20.85",
        "200911": "20.11",
        "200912": "20.61",
        "201001": "19.75",
        "201002": "18.84",
        "201003": "22.42",
        "201004": "27.50",
        "201005": "22.83",
        "201006": "22.63",
        "201007": "21.92",
        "201008": "21.76",
        "201009": "21.90",
        "201010": "21.43",
        "201011": "20.83",
        "201012": "21.02",
        "201101": "20.19",
        "201102": "19.75",
        "201103": "20.09",
        "201104": "20.32",
        "201105": "18.82",
        "201106": "19.04",
        "201107": "18.97",
        "201108": "17.73",
        "201109": "17.32",
        "201110": "16.82",
        "201111": "17.25",
        "201112": "16.67",
        "201201": "16.57",
        "201202": "16.41",
        "201203": "16.53",
        "201204": "17.01",
        "201205": "16.62",
        "201206": "15.41",
        "201207": "14.65",
        "201208": "14.59",
        "201209": "14.47",
        "201210": "14.22",
        "201211": "13.22",
        "201212": "12.96",
        "201301": "12.93",
        "201302": "12.55",
        "201303": "12.62",
        "201304": "13.48",
        "201305": "13.16",
        "201306": "12.40",
        "201307": "12.16",
        "201308": "14.49",
        "201309": "13.30",
        "201310": "13.18",
        "201311": "12.92",
        "201312": "13.11",
        "201401": "14.01",
        "201402": "14.29",
        "201403": "14.33",
        "201404": "15.81",
        "201405": "15.49",
        "201406": "16.05",
        "201407": "15.22",
        "201408": "15.12",
        "201409": "15.29",
        "201410": "15.13",
        "201411": "18.28",
        "201412": "23.56",
        "201501": "21.09",
        "201502": "19.00",
        "201503": "21.60",
        "201504": "24.78",
        "201505": "21.21",
        "201506": "21.29",
        "201507": "20.52",
        "201508": "19.15",
        "201509": "18.64",
        "201510": "18.26",
        "201511": "18.97",
        "201512": "19.38",
        "201601": "18.96",
        "201602": "19.17",
        "201603": "20.00",
        "201604": "21.04",
        "201605": "19.91",
        "201606": "19.62",
        "201607": "19.09",
        "201608": "18.52",
        "201609": "18.32",
        "201610": "17.40",
        "201611": "17.16",
        "201612": "16.97",
        "201701": "17.96",
        "201702": "18.74",
        "201703": "22.93",
        "201704": "23.51",
        "201705": "23.78",
        "201706": "26.10",
        "201707": "25.90",
        "201708": "24.70",
        "201709": "24.77",
        "201710": "24.65",
        "201711": "24.28",
        "201712": "26.02",
        "201801": "25.70",
        "201802": "24.95",
        "201803": "24.38",
        "201804": "24.56",
        "201805": "24.89",
        "201806": "23.94",
        "201807": "23.05",
        "201808": "23.09",
        "201809": "23.10",
        "201810": "22.86",
        "201811": "23.85",
        "201812": "24.81",
        "201901": "25.08",
        "201902": "25.52",
        "201903": "28.07",
        "201904": "30.77",
        "201905": "29.81",
        "201906": "28.68",
        "201907": "28.86",
        "201908": "28.66",
        "201909": "30.71",
        "201910": "31.72",
        "201911": "32.76",
        "201912": "33.94",
        "202001": "38.03",
        "202002": "48.47",
        "202003": "49.94",
        "202004": "58.46",
        "202005": "50.06",
        "202006": "48.78",
        "202007": "49.15",
        "202008": "46.57",
        "202009": "43.90",
        "202010": "44.29",
        "202011": "49.22",
        "202012": "52.04",
        "202101": "52.76",
        "202102": "55.62",
        "202103": "58.95",
        "202104": "69.99",
        "202105": "58.10",
        "202106": "57.77",
        "202107": "57.02",
        "202108": "55.63",
        "202109": "50.80",
        "202110": "47.66",
        "202111": "47.17",
        "202112": "46.66",
        "202201": "47.41",
        "202202": "48.36",
        "202203": "48.89",
        "202204": "47.33",
        "202205": "46.29",
        "202206": "46.71",
        "202207": "45.85",
        "202208": "40.51",
        "202209": "38.31",
        "202210": "36.19",
        "202211": "35.59",
        "202212": "37.15",
        "202301": "40.04",
        "202302": "47.57",
        "202303": "51.09",
        "202304": "49.40",
        "202305": "48.24",
        "202306": "47.70"
    },
    "quarters": {
        "20011": {
            "year_quarter": 20011,
            "year": 2001,
            "quarter": 1,
            "eps": null,
            "eps_growth_year": null,
            "eps_4q": null,
            "eps_4q_growth_year": null,
            "roe": null,
            "roe_4q": 0,
            "gross_profit": null,
            "gross_margin": null,
            "gross_margin_4q_avg": 0,
            "net_income": null,
            "revenue": null,
            "common_shares": null,
            "book_valuer_per_share": null,
            "book_valuer_per_share_4q_avg": 0,
            "equity": null,
            "current_ratio": null,
            "debt_ratio": null,
            "inventory_turnover_ratio": null,
            "account_receivable_turnover_ratio": null,
            "reinvestment_rate": null,
            "research_to_sale_ratio": null,
            "price_fair": 0,
            "eps_avg_yearly": 0,
            "eps_latest_yearly": 0,
            "eps_growth_yearly": 0
        },
        "20012": {
            "year_quarter": 20012,
            "year": 2001,
            "quarter": 2,
            "eps": null,
            "eps_growth_year": null,
            "eps_4q": null,
            "eps_4q_growth_year": null,
            "roe": null,
            "roe_4q": 0,
            "gross_profit": null,
            "gross_margin": null,
            "gross_margin_4q_avg": 0,
            "net_income": null,
            "revenue": null,
            "common_shares": null,
            "book_valuer_per_share": null,
            "book_valuer_per_share_4q_avg": 0,
            "equity": null,
            "current_ratio": null,
            "debt_ratio": null,
            "inventory_turnover_ratio": null,
            "account_receivable_turnover_ratio": null,
            "reinvestment_rate": null,
            "research_to_sale_ratio": null,
            "price_fair": 0,
            "eps_avg_yearly": 0,
            "eps_latest_yearly": 0,
            "eps_growth_yearly": 0
        },
        "20013": {
            "year_quarter": 20013,
            "year": 2001,
            "quarter": 3,
            "eps": -0.3,
            "eps_growth_year": null,
            "eps_4q": null,
            "eps_4q_growth_year": null,
            "roe": -2.27,
            "roe_4q": -2.27,
            "gross_profit": 18296,
            "gross_margin": 77.31,
            "gross_margin_4q_avg": 25.77,
            "net_income": -4487,
            "revenue": 23665,
            "common_shares": 150000,
            "book_valuer_per_share": 13.19,
            "book_valuer_per_share_4q_avg": 4.4,
            "equity": 197920,
            "current_ratio": 1427.43,
            "debt_ratio": 6.61,
            "inventory_turnover_ratio": null,
            "account_receivable_turnover_ratio": null,
            "reinvestment_rate": null,
            "research_to_sale_ratio": null,
            "price_fair": 0,
            "eps_avg_yearly": 0,
            "eps_latest_yearly": 0,
            "eps_growth_yearly": 0
        },
        "20014": {
            "year_quarter": 20014,
            "year": 2001,
            "quarter": 4,
            "eps": 2.09,
            "eps_growth_year": null,
            "eps_4q": null,
            "eps_4q_growth_year": null,
            "roe": 14.62,
            "roe_4q": 12.35,
            "gross_profit": 46886,
            "gross_margin": 79.69,
            "gross_margin_4q_avg": 39.25,
            "net_income": 31224,
            "revenue": 58836,
            "common_shares": 150000,
            "book_valuer_per_share": 15.29,
            "book_valuer_per_share_4q_avg": 7.12,
            "equity": 229311,
            "current_ratio": 936.75,
            "debt_ratio": 9.59,
            "inventory_turnover_ratio": null,
            "account_receivable_turnover_ratio": null,
            "reinvestment_rate": null,
            "research_to_sale_ratio": null,
            "price_fair": 0,
            "eps_avg_yearly": 0,
            "eps_latest_yearly": 0,
            "eps_growth_yearly": 0
        },
        "20021": {
            "year_quarter": 20021,
            "year": 2002,
            "quarter": 1,
            "eps": 0.05,
            "eps_growth_year": null,
            "eps_4q": null,
            "eps_4q_growth_year": null,
            "roe": 0.4,
            "roe_4q": 12.75,
            "gross_profit": 18621,
            "gross_margin": 72.48,
            "gross_margin_4q_avg": 57.37,
            "net_income": 912,
            "revenue": 25691,
            "common_shares": 150000,
            "book_valuer_per_share": 15.35,
            "book_valuer_per_share_4q_avg": 10.96,
            "equity": 230223,
            "current_ratio": 1097.83,
            "debt_ratio": 8.22,
            "inventory_turnover_ratio": null,
            "account_receivable_turnover_ratio": null,
            "reinvestment_rate": null,
            "research_to_sale_ratio": null,
            "price_fair": 0.6,
            "eps_avg_yearly": 0.2,
            "eps_latest_yearly": 0.2,
            "eps_growth_yearly": -390.43
        },
        "20022": {
            "year_quarter": 20022,
            "year": 2002,
            "quarter": 2,
            "eps": 0.67,
            "eps_growth_year": null,
            "eps_4q": 2.16,
            "eps_4q_growth_year": null,
            "roe": 5.25,
            "roe_4q": 18,
            "gross_profit": 40946,
            "gross_margin": 75.34,
            "gross_margin_4q_avg": 76.21,
            "net_income": 12415,
            "revenue": 54350,
            "common_shares": 150000,
            "book_valuer_per_share": 16.15,
            "book_valuer_per_share_4q_avg": 15,
            "equity": 242296,
            "current_ratio": 885.74,
            "debt_ratio": 9.8,
            "inventory_turnover_ratio": null,
            "account_receivable_turnover_ratio": null,
            "reinvestment_rate": null,
            "research_to_sale_ratio": null,
            "price_fair": 50.4,
            "eps_avg_yearly": 1.44,
            "eps_latest_yearly": 2.68,
            "eps_growth_yearly": 2284.78
        },
        "20023": {
            "year_quarter": 20023,
            "year": 2002,
            "quarter": 3,
            "eps": 0.57,
            "eps_growth_year": null,
            "eps_4q": 2.97,
            "eps_4q_growth_year": null,
            "roe": 4.27,
            "roe_4q": 24.54,
            "gross_profit": 38272,
            "gross_margin": 73.78,
            "gross_margin_4q_avg": 75.32,
            "net_income": 10580,
            "revenue": 51872,
            "common_shares": 186000,
            "book_valuer_per_share": 13.63,
            "book_valuer_per_share_4q_avg": 15.11,
            "equity": 253529,
            "current_ratio": 617.07,
            "debt_ratio": 13.72,
            "inventory_turnover_ratio": null,
            "account_receivable_turnover_ratio": null,
            "reinvestment_rate": null,
            "research_to_sale_ratio": null,
            "price_fair": 60.2,
            "eps_avg_yearly": 1.72,
            "eps_latest_yearly": 2.28,
            "eps_growth_yearly": 1503.29
        },
        "20024": {
            "year_quarter": 20024,
            "year": 2002,
            "quarter": 4,
            "eps": 1.23,
            "eps_growth_year": -41.15,
            "eps_4q": 2.52,
            "eps_4q_growth_year": null,
            "roe": 8.6,
            "roe_4q": 18.519999999999996,
            "gross_profit": 52172,
            "gross_margin": 62.99,
            "gross_margin_4q_avg": 71.15,
            "net_income": 22786,
            "revenue": 82824,
            "common_shares": 186000,
            "book_valuer_per_share": 14.85,
            "book_valuer_per_share_4q_avg": 15,
            "equity": 276242,
            "current_ratio": 459.34,
            "debt_ratio": 18.47,
            "inventory_turnover_ratio": null,
            "account_receivable_turnover_ratio": null,
            "reinvestment_rate": null,
            "research_to_sale_ratio": null,
            "price_fair": 88.2,
            "eps_avg_yearly": 2.52,
            "eps_latest_yearly": 4.92,
            "eps_growth_yearly": 1243.26
        },
        "20031": {
            "year_quarter": 20031,
            "year": 2003,
            "quarter": 1,
            "eps": 0.26,
            "eps_growth_year": 420,
            "eps_4q": 2.74,
            "eps_4q_growth_year": null,
            "roe": 1.72,
            "roe_4q": 19.84,
            "gross_profit": 34550,
            "gross_margin": 68.21,
            "gross_margin_4q_avg": 70.08,
            "net_income": 4792,
            "revenue": 50650,
            "common_shares": 186000,
            "book_valuer_per_share": 15.11,
            "book_valuer_per_share_4q_avg": 14.94,
            "equity": 281034,
            "current_ratio": 672.08,
            "debt_ratio": 12.87,
            "inventory_turnover_ratio": null,
            "account_receivable_turnover_ratio": null,
            "reinvestment_rate": null,
            "research_to_sale_ratio": null,
            "price_fair": 77.84,
            "eps_avg_yearly": 2.22,
            "eps_latest_yearly": 1.04,
            "eps_growth_yearly": 931.52
        },
        "20032": {
            "year_quarter": 20032,
            "year": 2003,
            "quarter": 2,
            "eps": 0.51,
            "eps_growth_year": -23.88,
            "eps_4q": 2.12,
            "eps_4q_growth_year": -2.08,
            "roe": 4.22,
            "roe_4q": 18.81,
            "gross_profit": 46959,
            "gross_margin": 70.5,
            "gross_margin_4q_avg": 68.87,
            "net_income": 12108,
            "revenue": 66612,
            "common_shares": 186000,
            "book_valuer_per_share": 15.73,
            "book_valuer_per_share_4q_avg": 14.83,
            "equity": 292668,
            "current_ratio": 784.32,
            "debt_ratio": 10.99,
            "inventory_turnover_ratio": null,
            "account_receivable_turnover_ratio": null,
            "reinvestment_rate": null,
            "research_to_sale_ratio": null,
            "price_fair": 76.77,
            "eps_avg_yearly": 2.19,
            "eps_latest_yearly": 2.04,
            "eps_growth_yearly": 840.37
        },
        "20033": {
            "year_quarter": 20033,
            "year": 2003,
            "quarter": 3,
            "eps": 0.2,
            "eps_growth_year": -64.91,
            "eps_4q": 1.88,
            "eps_4q_growth_year": -36.6,
            "roe": 1.6,
            "roe_4q": 16.14,
            "gross_profit": 39936,
            "gross_margin": 71.33,
            "gross_margin_4q_avg": 68.26,
            "net_income": 4716,
            "revenue": 55987,
            "common_shares": 236000,
            "book_valuer_per_share": 12.59,
            "book_valuer_per_share_4q_avg": 14.57,
            "equity": 297076,
            "current_ratio": 683.07,
            "debt_ratio": 12.2,
            "inventory_turnover_ratio": null,
            "account_receivable_turnover_ratio": null,
            "reinvestment_rate": null,
            "research_to_sale_ratio": null,
            "price_fair": 69.8,
            "eps_avg_yearly": 1.99,
            "eps_latest_yearly": 0.8,
            "eps_growth_yearly": 685.58
        },
        "20034": {
            "year_quarter": 20034,
            "year": 2003,
            "quarter": 4,
            "eps": 1.66,
            "eps_growth_year": 34.96,
            "eps_4q": 2.57,
            "eps_4q_growth_year": 2.14,
            "roe": 12.39,
            "roe_4q": 19.93,
            "gross_profit": 75762,
            "gross_margin": 71.18,
            "gross_margin_4q_avg": 70.31,
            "net_income": 39242,
            "revenue": 106435,
            "common_shares": 236000,
            "book_valuer_per_share": 14.25,
            "book_valuer_per_share_4q_avg": 14.42,
            "equity": 336391,
            "current_ratio": 534.67,
            "debt_ratio": 15.44,
            "inventory_turnover_ratio": null,
            "account_receivable_turnover_ratio": null,
            "reinvestment_rate": null,
            "research_to_sale_ratio": null,
            "price_fair": 90.13,
            "eps_avg_yearly": 2.58,
            "eps_latest_yearly": 6.64,
            "eps_growth_yearly": 964.88
        },
        "20041": {
            "year_quarter": 20041,
            "year": 2004,
            "quarter": 1,
            "eps": -0.33,
            "eps_growth_year": -226.92,
            "eps_4q": 2.06,
            "eps_4q_growth_year": -24.96,
            "roe": -2.33,
            "roe_4q": 15.879999999999999,
            "gross_profit": 38995,
            "gross_margin": 78.27,
            "gross_margin_4q_avg": 72.82,
            "net_income": -7744,
            "revenue": 49823,
            "common_shares": 236000,
            "book_valuer_per_share": 13.91,
            "book_valuer_per_share_4q_avg": 14.12,
            "equity": 328381,
            "current_ratio": 816.18,
            "debt_ratio": 10.13,
            "inventory_turnover_ratio": null,
            "account_receivable_turnover_ratio": null,
            "reinvestment_rate": null,
            "research_to_sale_ratio": null,
            "price_fair": 90.13,
            "eps_avg_yearly": 2.58,
            "eps_latest_yearly": 6.64,
            "eps_growth_yearly": 964.88
        },
        "20042": {
            "year_quarter": 20042,
            "year": 2004,
            "quarter": 2,
            "eps": 0.06,
            "eps_growth_year": -88.24,
            "eps_4q": 1.68,
            "eps_4q_growth_year": -20.52,
            "roe": 0.41,
            "roe_4q": 12.07,
            "gross_profit": 24942,
            "gross_margin": 40.61,
            "gross_margin_4q_avg": 65.35,
            "net_income": 1339,
            "revenue": 61425,
            "common_shares": 236000,
            "book_valuer_per_share": 13.95,
            "book_valuer_per_share_4q_avg": 13.68,
            "equity": 329324,
            "current_ratio": 913.83,
            "debt_ratio": 9,
            "inventory_turnover_ratio": null,
            "account_receivable_turnover_ratio": null,
            "reinvestment_rate": null,
            "research_to_sale_ratio": null,
            "price_fair": 90.13,
            "eps_avg_yearly": 2.58,
            "eps_latest_yearly": 6.64,
            "eps_growth_yearly": 964.88
        },
        "20043": {
            "year_quarter": 20043,
            "year": 2004,
            "quarter": 3,
            "eps": -0.33,
            "eps_growth_year": -265,
            "eps_4q": 0.76,
            "eps_4q_growth_year": -59.56,
            "roe": -3.08,
            "roe_4q": 7.390000000000001,
            "gross_profit": 46050,
            "gross_margin": 82.39,
            "gross_margin_4q_avg": 68.11,
            "net_income": -9993,
            "revenue": 55891,
            "common_shares": 300000,
            "book_valuer_per_share": 10.65,
            "book_valuer_per_share_4q_avg": 13.19,
            "equity": 319382,
            "current_ratio": 821.85,
            "debt_ratio": 10.08,
            "inventory_turnover_ratio": null,
            "account_receivable_turnover_ratio": null,
            "reinvestment_rate": null,
            "research_to_sale_ratio": null,
            "price_fair": 90.13,
            "eps_avg_yearly": 2.58,
            "eps_latest_yearly": 6.64,
            "eps_growth_yearly": 964.88
        },
        "20044": {
            "year_quarter": 20044,
            "year": 2004,
            "quarter": 4,
            "eps": 2.15,
            "eps_growth_year": 29.52,
            "eps_4q": 1.6,
            "eps_4q_growth_year": -37.7,
            "roe": 18.37,
            "roe_4q": 13.370000000000001,
            "gross_profit": 106495,
            "gross_margin": 65.98,
            "gross_margin_4q_avg": 66.81,
            "net_income": 64560,
            "revenue": 161393,
            "common_shares": 300000,
            "book_valuer_per_share": 12.79,
            "book_valuer_per_share_4q_avg": 12.83,
            "equity": 383652,
            "current_ratio": 594.2,
            "debt_ratio": 13.78,
            "inventory_turnover_ratio": null,
            "account_receivable_turnover_ratio": null,
            "reinvestment_rate": null,
            "research_to_sale_ratio": null,
            "price_fair": 90.13,
            "eps_avg_yearly": 2.58,
            "eps_latest_yearly": 6.64,
            "eps_growth_yearly": 964.88
        },
        "20051": {
            "year_quarter": 20051,
            "year": 2005,
            "quarter": 1,
            "eps": -0.66,
            "eps_growth_year": null,
            "eps_4q": 1.19,
            "eps_4q_growth_year": -42.08,
            "roe": -5.33,
            "roe_4q": 10.370000000000001,
            "gross_profit": 31266,
            "gross_margin": 66.61,
            "gross_margin_4q_avg": 63.9,
            "net_income": -19915,
            "revenue": 46939,
            "common_shares": 300000,
            "book_valuer_per_share": 12.12,
            "book_valuer_per_share_4q_avg": 12.38,
            "equity": 363480,
            "current_ratio": 745.42,
            "debt_ratio": 10.99,
            "inventory_turnover_ratio": null,
            "account_receivable_turnover_ratio": null,
            "reinvestment_rate": null,
            "research_to_sale_ratio": null,
            "price_fair": 90.13,
            "eps_avg_yearly": 2.58,
            "eps_latest_yearly": 6.64,
            "eps_growth_yearly": 964.88
        },
        "20052": {
            "year_quarter": 20052,
            "year": 2005,
            "quarter": 2,
            "eps": -0.47,
            "eps_growth_year": -883.33,
            "eps_4q": 0.69,
            "eps_4q_growth_year": -59.24,
            "roe": -4.14,
            "roe_4q": 5.820000000000002,
            "gross_profit": 19447,
            "gross_margin": 34.7,
            "gross_margin_4q_avg": 62.42,
            "net_income": -14074,
            "revenue": 56036,
            "common_shares": 300000,
            "book_valuer_per_share": 10.53,
            "book_valuer_per_share_4q_avg": 11.52,
            "equity": 315757,
            "current_ratio": 416.66,
            "debt_ratio": 19.19,
            "inventory_turnover_ratio": null,
            "account_receivable_turnover_ratio": null,
            "reinvestment_rate": 10.71,
            "research_to_sale_ratio": null,
            "price_fair": 90.13,
            "eps_avg_yearly": 2.58,
            "eps_latest_yearly": 6.64,
            "eps_growth_yearly": 964.88
        },
        "20053": {
            "year_quarter": 20053,
            "year": 2005,
            "quarter": 3,
            "eps": -0.08,
            "eps_growth_year": null,
            "eps_4q": 0.91,
            "eps_4q_growth_year": 19.82,
            "roe": -0.75,
            "roe_4q": 8.150000000000002,
            "gross_profit": 41797,
            "gross_margin": 43.14,
            "gross_margin_4q_avg": 52.61,
            "net_income": -2370,
            "revenue": 96884,
            "common_shares": 309100,
            "book_valuer_per_share": 10.15,
            "book_valuer_per_share_4q_avg": 11.4,
            "equity": 313610,
            "current_ratio": 595.1,
            "debt_ratio": 13.25,
            "inventory_turnover_ratio": null,
            "account_receivable_turnover_ratio": null,
            "reinvestment_rate": 6.13,
            "research_to_sale_ratio": null,
            "price_fair": 90.13,
            "eps_avg_yearly": 2.58,
            "eps_latest_yearly": 6.64,
            "eps_growth_yearly": 964.88
        },
        "20054": {
            "year_quarter": 20054,
            "year": 2005,
            "quarter": 4,
            "eps": 3.18,
            "eps_growth_year": 47.91,
            "eps_4q": 2,
            "eps_4q_growth_year": 24.9,
            "roe": 27.05,
            "roe_4q": 16.83,
            "gross_profit": 151697,
            "gross_margin": 65.23,
            "gross_margin_4q_avg": 52.42,
            "net_income": 98254,
            "revenue": 232543,
            "common_shares": 309100,
            "book_valuer_per_share": 13.33,
            "book_valuer_per_share_4q_avg": 11.53,
            "equity": 412962,
            "current_ratio": 481.48,
            "debt_ratio": 17.07,
            "inventory_turnover_ratio": null,
            "account_receivable_turnover_ratio": null,
            "reinvestment_rate": 4.05,
            "research_to_sale_ratio": null,
            "price_fair": 90.13,
            "eps_avg_yearly": 2.58,
            "eps_latest_yearly": 6.64,
            "eps_growth_yearly": 964.88
        },
        "20061": {
            "year_quarter": 20061,
            "year": 2006,
            "quarter": 1,
            "eps": -0.71,
            "eps_growth_year": null,
            "eps_4q": 1.95,
            "eps_4q_growth_year": 63.65,
            "roe": -5.43,
            "roe_4q": 16.73,
            "gross_profit": 25412,
            "gross_margin": 48.75,
            "gross_margin_4q_avg": 47.96,
            "net_income": -21820,
            "revenue": 52124,
            "common_shares": 309100,
            "book_valuer_per_share": 12.63,
            "book_valuer_per_share_4q_avg": 11.66,
            "equity": 390271,
            "current_ratio": 817.39,
            "debt_ratio": 10.41,
            "inventory_turnover_ratio": null,
            "account_receivable_turnover_ratio": null,
            "reinvestment_rate": 3.64,
            "research_to_sale_ratio": null,
            "price_fair": 102,
            "eps_avg_yearly": 2.91,
            "eps_latest_yearly": 6.64,
            "eps_growth_yearly": 1158.5
        },
        "20062": {
            "year_quarter": 20062,
            "year": 2006,
            "quarter": 2,
            "eps": -0.23,
            "eps_growth_year": null,
            "eps_4q": 2.16,
            "eps_4q_growth_year": 215.57,
            "roe": -1.96,
            "roe_4q": 18.91,
            "gross_profit": 31316,
            "gross_margin": 43.84,
            "gross_margin_4q_avg": 50.24,
            "net_income": -7139,
            "revenue": 71429,
            "common_shares": 309180,
            "book_valuer_per_share": 10.97,
            "book_valuer_per_share_4q_avg": 11.77,
            "equity": 339277,
            "current_ratio": 373.16,
            "debt_ratio": 22.3,
            "inventory_turnover_ratio": null,
            "account_receivable_turnover_ratio": null,
            "reinvestment_rate": 2.72,
            "research_to_sale_ratio": null,
            "price_fair": 103.37,
            "eps_avg_yearly": 2.95,
            "eps_latest_yearly": 6.64,
            "eps_growth_yearly": 524.91
        },
        "20063": {
            "year_quarter": 20063,
            "year": 2006,
            "quarter": 3,
            "eps": 0.02,
            "eps_growth_year": null,
            "eps_4q": 2.57,
            "eps_4q_growth_year": 181.94,
            "roe": 0.16,
            "roe_4q": 19.82,
            "gross_profit": 47457,
            "gross_margin": 44.54,
            "gross_margin_4q_avg": 50.59,
            "net_income": 543,
            "revenue": 106546,
            "common_shares": 321080,
            "book_valuer_per_share": 10.16,
            "book_valuer_per_share_4q_avg": 11.77,
            "equity": 326119,
            "current_ratio": 600.31,
            "debt_ratio": 13.64,
            "inventory_turnover_ratio": null,
            "account_receivable_turnover_ratio": null,
            "reinvestment_rate": -0.04,
            "research_to_sale_ratio": null,
            "price_fair": 108.08,
            "eps_avg_yearly": 3.09,
            "eps_latest_yearly": 6.64,
            "eps_growth_yearly": 641.84
        },
        "20064": {
            "year_quarter": 20064,
            "year": 2006,
            "quarter": 4,
            "eps": 3.14,
            "eps_growth_year": -1.26,
            "eps_4q": 2.25,
            "eps_4q_growth_year": 12.18,
            "roe": 26.37,
            "roe_4q": 19.14,
            "gross_profit": 148168,
            "gross_margin": 62.55,
            "gross_margin_4q_avg": 49.92,
            "net_income": 99935,
            "revenue": 236880,
            "common_shares": 321640,
            "book_valuer_per_share": 13.38,
            "book_valuer_per_share_4q_avg": 11.79,
            "equity": 431797,
            "current_ratio": 503.94,
            "debt_ratio": 17.03,
            "inventory_turnover_ratio": null,
            "account_receivable_turnover_ratio": null,
            "reinvestment_rate": 2.32,
            "research_to_sale_ratio": null,
            "price_fair": 161.56,
            "eps_avg_yearly": 4.62,
            "eps_latest_yearly": 12.56,
            "eps_growth_yearly": 13029.21
        },
        "20071": {
            "year_quarter": 20071,
            "year": 2007,
            "quarter": 1,
            "eps": -1.57,
            "eps_growth_year": null,
            "eps_4q": 1.36,
            "eps_4q_growth_year": -30.16,
            "roe": -12.26,
            "roe_4q": 12.310000000000002,
            "gross_profit": 8593,
            "gross_margin": 24.51,
            "gross_margin_4q_avg": 43.86,
            "net_income": -49959,
            "revenue": 35054,
            "common_shares": 323970,
            "book_valuer_per_share": 11.83,
            "book_valuer_per_share_4q_avg": 11.59,
            "equity": 383332,
            "current_ratio": 940.59,
            "debt_ratio": 8.75,
            "inventory_turnover_ratio": null,
            "account_receivable_turnover_ratio": null,
            "reinvestment_rate": 1.94,
            "research_to_sale_ratio": null,
            "price_fair": 192.85,
            "eps_avg_yearly": 5.51,
            "eps_latest_yearly": 12.56,
            "eps_growth_yearly": 16365.37
        },
        "20072": {
            "year_quarter": 20072,
            "year": 2007,
            "quarter": 2,
            "eps": -0.46,
            "eps_growth_year": null,
            "eps_4q": 1.1,
            "eps_4q_growth_year": -49.19,
            "roe": -4.2,
            "roe_4q": 10.07,
            "gross_profit": 39022,
            "gross_margin": 45.67,
            "gross_margin_4q_avg": 44.32,
            "net_income": -14751,
            "revenue": 85441,
            "common_shares": 325230,
            "book_valuer_per_share": 9.8,
            "book_valuer_per_share_4q_avg": 11.29,
            "equity": 318678,
            "current_ratio": 308.38,
            "debt_ratio": 23.39,
            "inventory_turnover_ratio": null,
            "account_receivable_turnover_ratio": null,
            "reinvestment_rate": 2.06,
            "research_to_sale_ratio": null,
            "price_fair": 233.33,
            "eps_avg_yearly": 6.67,
            "eps_latest_yearly": 12.56,
            "eps_growth_yearly": 21692.29
        },
        "20073": {
            "year_quarter": 20073,
            "year": 2007,
            "quarter": 3,
            "eps": 0.11,
            "eps_growth_year": 450,
            "eps_4q": 1.17,
            "eps_4q_growth_year": -54.67,
            "roe": 1.14,
            "roe_4q": 11.05,
            "gross_profit": 46206,
            "gross_margin": 43.13,
            "gross_margin_4q_avg": 43.97,
            "net_income": 3669,
            "revenue": 107144,
            "common_shares": 339050,
            "book_valuer_per_share": 9.52,
            "book_valuer_per_share_4q_avg": 11.13,
            "equity": 322695,
            "current_ratio": 379.25,
            "debt_ratio": 17.79,
            "inventory_turnover_ratio": null,
            "account_receivable_turnover_ratio": null,
            "reinvestment_rate": -2.75,
            "research_to_sale_ratio": null,
            "price_fair": 336,
            "eps_avg_yearly": 9.6,
            "eps_latest_yearly": 12.56,
            "eps_growth_yearly": 32660
        },
        "20074": {
            "year_quarter": 20074,
            "year": 2007,
            "quarter": 4,
            "eps": 3.26,
            "eps_growth_year": 3.82,
            "eps_4q": 1.42,
            "eps_4q_growth_year": -36.72,
            "roe": 28.67,
            "roe_4q": 13.350000000000003,
            "gross_profit": 140252,
            "gross_margin": 61.49,
            "gross_margin_4q_avg": 43.7,
            "net_income": 108264,
            "revenue": 228102,
            "common_shares": 339050,
            "book_valuer_per_share": 12.73,
            "book_valuer_per_share_4q_avg": 10.97,
            "equity": 432433,
            "current_ratio": 395.11,
            "debt_ratio": 20.08,
            "inventory_turnover_ratio": null,
            "account_receivable_turnover_ratio": null,
            "reinvestment_rate": -1.75,
            "research_to_sale_ratio": null,
            "price_fair": 448,
            "eps_avg_yearly": 12.8,
            "eps_latest_yearly": 13.04,
            "eps_growth_yearly": 36927.27
        },
        "20081": {
            "year_quarter": 20081,
            "year": 2008,
            "quarter": 1,
            "eps": -1.02,
            "eps_growth_year": null,
            "eps_4q": 1.89,
            "eps_4q_growth_year": 38.56,
            "roe": -8.22,
            "roe_4q": 17.390000000000004,
            "gross_profit": 22567,
            "gross_margin": 40.61,
            "gross_margin_4q_avg": 47.73,
            "net_income": -34146,
            "revenue": 55567,
            "common_shares": 339050,
            "book_valuer_per_share": 11.73,
            "book_valuer_per_share_4q_avg": 10.95,
            "equity": 398094,
            "current_ratio": 658.59,
            "debt_ratio": 11.89,
            "inventory_turnover_ratio": 2.56,
            "account_receivable_turnover_ratio": null,
            "reinvestment_rate": -2.16,
            "research_to_sale_ratio": null,
            "price_fair": 448,
            "eps_avg_yearly": 12.8,
            "eps_latest_yearly": 13.04,
            "eps_growth_yearly": 36927.27
        },
        "20082": {
            "year_quarter": 20082,
            "year": 2008,
            "quarter": 2,
            "eps": -0.9,
            "eps_growth_year": null,
            "eps_4q": 1.41,
            "eps_4q_growth_year": 27.92,
            "roe": -8.28,
            "roe_4q": 13.310000000000002,
            "gross_profit": 35914,
            "gross_margin": 39.81,
            "gross_margin_4q_avg": 46.26,
            "net_income": -30225,
            "revenue": 90217,
            "common_shares": 339320,
            "book_valuer_per_share": 9.76,
            "book_valuer_per_share_4q_avg": 10.94,
            "equity": 331792,
            "current_ratio": 330.78,
            "debt_ratio": 23.03,
            "inventory_turnover_ratio": 2.04,
            "account_receivable_turnover_ratio": null,
            "reinvestment_rate": -2.16,
            "research_to_sale_ratio": null,
            "price_fair": 448,
            "eps_avg_yearly": 12.8,
            "eps_latest_yearly": 13.04,
            "eps_growth_yearly": 36927.27
        },
        "20083": {
            "year_quarter": 20083,
            "year": 2008,
            "quarter": 3,
            "eps": -0.2,
            "eps_growth_year": -281.82,
            "eps_4q": 1.08,
            "eps_4q_growth_year": -7.14,
            "roe": -1.87,
            "roe_4q": 10.300000000000004,
            "gross_profit": 56608,
            "gross_margin": 46.86,
            "gross_margin_4q_avg": 47.19,
            "net_income": -6096,
            "revenue": 120812,
            "common_shares": 345330,
            "book_valuer_per_share": 9.23,
            "book_valuer_per_share_4q_avg": 10.86,
            "equity": 319892,
            "current_ratio": 407.15,
            "debt_ratio": 17.87,
            "inventory_turnover_ratio": 2.32,
            "account_receivable_turnover_ratio": null,
            "reinvestment_rate": 0.75,
            "research_to_sale_ratio": null,
            "price_fair": 448,
            "eps_avg_yearly": 12.8,
            "eps_latest_yearly": 13.04,
            "eps_growth_yearly": 36927.27
        },
        "20084": {
            "year_quarter": 20084,
            "year": 2008,
            "quarter": 4,
            "eps": 3.09,
            "eps_growth_year": -5.21,
            "eps_4q": 0.99,
            "eps_4q_growth_year": -30.66,
            "roe": 27.99,
            "roe_4q": 9.619999999999996,
            "gross_profit": 159961,
            "gross_margin": 55.92,
            "gross_margin_4q_avg": 45.8,
            "net_income": 104106,
            "revenue": 286031,
            "common_shares": 345330,
            "book_valuer_per_share": 12.24,
            "book_valuer_per_share_4q_avg": 10.74,
            "equity": 423897,
            "current_ratio": 366.6,
            "debt_ratio": 20.56,
            "inventory_turnover_ratio": 6.04,
            "account_receivable_turnover_ratio": 2.18,
            "reinvestment_rate": 2.08,
            "research_to_sale_ratio": null,
            "price_fair": 448,
            "eps_avg_yearly": 12.8,
            "eps_latest_yearly": 13.04,
            "eps_growth_yearly": 36927.27
        },
        "20091": {
            "year_quarter": 20091,
            "year": 2009,
            "quarter": 1,
            "eps": -1.13,
            "eps_growth_year": null,
            "eps_4q": 0.86,
            "eps_4q_growth_year": -54.68,
            "roe": -9.33,
            "roe_4q": 8.509999999999996,
            "gross_profit": 21592,
            "gross_margin": 31.51,
            "gross_margin_4q_avg": 43.53,
            "net_income": -37869,
            "revenue": 68534,
            "common_shares": 345330,
            "book_valuer_per_share": 11.17,
            "book_valuer_per_share_4q_avg": 10.6,
            "equity": 387443,
            "current_ratio": 559.14,
            "debt_ratio": 13.11,
            "inventory_turnover_ratio": 2.14,
            "account_receivable_turnover_ratio": 0.35,
            "reinvestment_rate": 2.89,
            "research_to_sale_ratio": null,
            "price_fair": 448,
            "eps_avg_yearly": 12.8,
            "eps_latest_yearly": 13.04,
            "eps_growth_yearly": 36927.27
        },
        "20092": {
            "year_quarter": 20092,
            "year": 2009,
            "quarter": 2,
            "eps": -0.55,
            "eps_growth_year": null,
            "eps_4q": 1.2,
            "eps_4q_growth_year": -14.53,
            "roe": -5.09,
            "roe_4q": 11.7,
            "gross_profit": 41866,
            "gross_margin": 38.43,
            "gross_margin_4q_avg": 43.18,
            "net_income": -18522,
            "revenue": 108950,
            "common_shares": 345330,
            "book_valuer_per_share": 9.8,
            "book_valuer_per_share_4q_avg": 10.61,
            "equity": 339780,
            "current_ratio": 365.55,
            "debt_ratio": 19.33,
            "inventory_turnover_ratio": 2.41,
            "account_receivable_turnover_ratio": 0.85,
            "reinvestment_rate": 2.19,
            "research_to_sale_ratio": null,
            "price_fair": 448,
            "eps_avg_yearly": 12.8,
            "eps_latest_yearly": 13.04,
            "eps_growth_yearly": 36927.27
        },
        "20093": {
            "year_quarter": 20093,
            "year": 2009,
            "quarter": 3,
            "eps": -0.11,
            "eps_growth_year": null,
            "eps_4q": 1.31,
            "eps_4q_growth_year": 21.29,
            "roe": -0.88,
            "roe_4q": 12.689999999999998,
            "gross_profit": 64150,
            "gross_margin": 49.55,
            "gross_margin_4q_avg": 43.85,
            "net_income": -2981,
            "revenue": 129466,
            "common_shares": 338200,
            "book_valuer_per_share": 9.88,
            "book_valuer_per_share_4q_avg": 10.77,
            "equity": 336204,
            "current_ratio": 439.99,
            "debt_ratio": 15.82,
            "inventory_turnover_ratio": 3,
            "account_receivable_turnover_ratio": 0.96,
            "reinvestment_rate": 1.09,
            "research_to_sale_ratio": null,
            "price_fair": 448,
            "eps_avg_yearly": 12.8,
            "eps_latest_yearly": 13.04,
            "eps_growth_yearly": 36927.27
        },
        "20094": {
            "year_quarter": 20094,
            "year": 2009,
            "quarter": 4,
            "eps": 0.86,
            "eps_growth_year": -72.17,
            "eps_4q": -0.92,
            "eps_4q_growth_year": -193.8,
            "roe": 8.09,
            "roe_4q": -7.21,
            "gross_profit": 82392,
            "gross_margin": 45.78,
            "gross_margin_4q_avg": 41.32,
            "net_income": 28473,
            "revenue": 179992,
            "common_shares": 338200,
            "book_valuer_per_share": 10.93,
            "book_valuer_per_share_4q_avg": 10.45,
            "equity": 368011,
            "current_ratio": 355.48,
            "debt_ratio": 20.85,
            "inventory_turnover_ratio": 6.29,
            "account_receivable_turnover_ratio": 1.96,
            "reinvestment_rate": 0.41,
            "research_to_sale_ratio": null,
            "price_fair": 448,
            "eps_avg_yearly": 12.8,
            "eps_latest_yearly": 13.04,
            "eps_growth_yearly": 36927.27
        },
        "20101": {
            "year_quarter": 20101,
            "year": 2010,
            "quarter": 1,
            "eps": -1.01,
            "eps_growth_year": null,
            "eps_4q": -0.82,
            "eps_4q_growth_year": -195.55,
            "roe": -9.5,
            "roe_4q": -7.38,
            "gross_profit": 42881,
            "gross_margin": 52.56,
            "gross_margin_4q_avg": 46.58,
            "net_income": -34173,
            "revenue": 81579,
            "common_shares": 340080,
            "book_valuer_per_share": 10.12,
            "book_valuer_per_share_4q_avg": 10.18,
            "equity": 351209,
            "current_ratio": 686.9,
            "debt_ratio": 10.56,
            "inventory_turnover_ratio": 3.29,
            "account_receivable_turnover_ratio": 0.54,
            "reinvestment_rate": 32.38,
            "research_to_sale_ratio": 65.87,
            "price_fair": 448,
            "eps_avg_yearly": 12.8,
            "eps_latest_yearly": 13.04,
            "eps_growth_yearly": 36927.27
        },
        "20102": {
            "year_quarter": 20102,
            "year": 2010,
            "quarter": 2,
            "eps": -0.57,
            "eps_growth_year": null,
            "eps_4q": -0.87,
            "eps_4q_growth_year": -172.16,
            "roe": -5.67,
            "roe_4q": -7.96,
            "gross_profit": 45683,
            "gross_margin": 45.87,
            "gross_margin_4q_avg": 48.44,
            "net_income": -19381,
            "revenue": 99584,
            "common_shares": 344560,
            "book_valuer_per_share": 9.56,
            "book_valuer_per_share_4q_avg": 10.12,
            "equity": 332376,
            "current_ratio": 537.69,
            "debt_ratio": 13.44,
            "inventory_turnover_ratio": 5.5,
            "account_receivable_turnover_ratio": 0.74,
            "reinvestment_rate": 3.6,
            "research_to_sale_ratio": 41.82,
            "price_fair": 448,
            "eps_avg_yearly": 12.8,
            "eps_latest_yearly": 13.04,
            "eps_growth_yearly": 36927.27
        },
        "20103": {
            "year_quarter": 20103,
            "year": 2010,
            "quarter": 3,
            "eps": -0.17,
            "eps_growth_year": null,
            "eps_4q": -0.93,
            "eps_4q_growth_year": -170.69,
            "roe": -1.62,
            "roe_4q": -8.7,
            "gross_profit": 59076,
            "gross_margin": 51.95,
            "gross_margin_4q_avg": 49.04,
            "net_income": -5348,
            "revenue": 113721,
            "common_shares": 344560,
            "book_valuer_per_share": 9.39,
            "book_valuer_per_share_4q_avg": 10,
            "equity": 326990,
            "current_ratio": 469.02,
            "debt_ratio": 15.3,
            "inventory_turnover_ratio": 6.32,
            "account_receivable_turnover_ratio": 0.78,
            "reinvestment_rate": 3,
            "research_to_sale_ratio": 35.82,
            "price_fair": 448,
            "eps_avg_yearly": 12.8,
            "eps_latest_yearly": 13.04,
            "eps_growth_yearly": 36927.27
        },
        "20104": {
            "year_quarter": 20104,
            "year": 2010,
            "quarter": 4,
            "eps": 2.06,
            "eps_growth_year": 140.05,
            "eps_4q": 0.31,
            "eps_4q_growth_year": null,
            "roe": 19.96,
            "roe_4q": 3.17,
            "gross_profit": 139359,
            "gross_margin": 56.49,
            "gross_margin_4q_avg": 51.72,
            "net_income": 72332,
            "revenue": 246689,
            "common_shares": 344560,
            "book_valuer_per_share": 11.4,
            "book_valuer_per_share_4q_avg": 10.12,
            "equity": 397630,
            "current_ratio": 339.39,
            "debt_ratio": 24.59,
            "inventory_turnover_ratio": 17.44,
            "account_receivable_turnover_ratio": 1.17,
            "reinvestment_rate": -3.67,
            "research_to_sale_ratio": 16.15,
            "price_fair": 456.4,
            "eps_avg_yearly": 13.04,
            "eps_latest_yearly": 13.04,
            "eps_growth_yearly": 11454.55
        },
        "20111": {
            "year_quarter": 20111,
            "year": 2011,
            "quarter": 1,
            "eps": -0.63,
            "eps_growth_year": null,
            "eps_4q": 0.69,
            "eps_4q_growth_year": null,
            "roe": -5.57,
            "roe_4q": 7.1,
            "gross_profit": 35630,
            "gross_margin": 37.39,
            "gross_margin_4q_avg": 47.93,
            "net_income": -21600,
            "revenue": 95303,
            "common_shares": 344820,
            "book_valuer_per_share": 10.8,
            "book_valuer_per_share_4q_avg": 10.29,
            "equity": 378000,
            "current_ratio": 664.35,
            "debt_ratio": 12.21,
            "inventory_turnover_ratio": 15.08,
            "account_receivable_turnover_ratio": 0.46,
            "reinvestment_rate": -1.36,
            "research_to_sale_ratio": 35.62,
            "price_fair": 456.4,
            "eps_avg_yearly": 13.04,
            "eps_latest_yearly": 13.04,
            "eps_growth_yearly": 11454.55
        },
        "20112": {
            "year_quarter": 20112,
            "year": 2011,
            "quarter": 2,
            "eps": 0.15,
            "eps_growth_year": null,
            "eps_4q": 1.41,
            "eps_4q_growth_year": null,
            "roe": 1.7,
            "roe_4q": 14.469999999999999,
            "gross_profit": 64329,
            "gross_margin": 38.24,
            "gross_margin_4q_avg": 46.02,
            "net_income": 6396,
            "revenue": 168228,
            "common_shares": 345170,
            "book_valuer_per_share": 10.64,
            "book_valuer_per_share_4q_avg": 10.56,
            "equity": 373744,
            "current_ratio": 427.68,
            "debt_ratio": 19.48,
            "inventory_turnover_ratio": 30.03,
            "account_receivable_turnover_ratio": 0.93,
            "reinvestment_rate": -1.98,
            "research_to_sale_ratio": 16.02,
            "price_fair": 456.4,
            "eps_avg_yearly": 13.04,
            "eps_latest_yearly": 13.04,
            "eps_growth_yearly": 11454.55
        },
        "20113": {
            "year_quarter": 20113,
            "year": 2011,
            "quarter": 3,
            "eps": -0,
            "eps_growth_year": null,
            "eps_4q": 1.58,
            "eps_4q_growth_year": null,
            "roe": -0.01,
            "roe_4q": 16.080000000000002,
            "gross_profit": 60701,
            "gross_margin": 45.87,
            "gross_margin_4q_avg": 44.5,
            "net_income": -53,
            "revenue": 132324,
            "common_shares": 346030,
            "book_valuer_per_share": 10.74,
            "book_valuer_per_share_4q_avg": 10.9,
            "equity": 377496,
            "current_ratio": 507.8,
            "debt_ratio": 16.5,
            "inventory_turnover_ratio": 25.81,
            "account_receivable_turnover_ratio": 0.56,
            "reinvestment_rate": -1.83,
            "research_to_sale_ratio": 24.38,
            "price_fair": 456.4,
            "eps_avg_yearly": 13.04,
            "eps_latest_yearly": 13.04,
            "eps_growth_yearly": 11454.55
        },
        "20114": {
            "year_quarter": 20114,
            "year": 2011,
            "quarter": 4,
            "eps": 0.73,
            "eps_growth_year": -64.87,
            "eps_4q": 0.25,
            "eps_4q_growth_year": -21.08,
            "roe": 6.45,
            "roe_4q": 2.5700000000000003,
            "gross_profit": 107958,
            "gross_margin": 55.61,
            "gross_margin_4q_avg": 44.28,
            "net_income": 25179,
            "revenue": 194130,
            "common_shares": 346030,
            "book_valuer_per_share": 11.47,
            "book_valuer_per_share_4q_avg": 10.91,
            "equity": 403005,
            "current_ratio": 436.2,
            "debt_ratio": 20.44,
            "inventory_turnover_ratio": 24.24,
            "account_receivable_turnover_ratio": 0.67,
            "reinvestment_rate": -27.84,
            "research_to_sale_ratio": 14.25,
            "price_fair": 0,
            "eps_avg_yearly": 0,
            "eps_latest_yearly": 0,
            "eps_growth_yearly": 0
        },
        "20121": {
            "year_quarter": 20121,
            "year": 2012,
            "quarter": 1,
            "eps": -0.95,
            "eps_growth_year": null,
            "eps_4q": -0.07,
            "eps_4q_growth_year": -109.92,
            "roe": -8.48,
            "roe_4q": -0.3400000000000001,
            "gross_profit": 44177,
            "gross_margin": 47.49,
            "gross_margin_4q_avg": 46.8,
            "net_income": -32834,
            "revenue": 93032,
            "common_shares": 346230,
            "book_valuer_per_share": 10.49,
            "book_valuer_per_share_4q_avg": 10.84,
            "equity": 371689,
            "current_ratio": 683.96,
            "debt_ratio": 12.47,
            "inventory_turnover_ratio": 8.3,
            "account_receivable_turnover_ratio": 0.36,
            "reinvestment_rate": 22.14,
            "research_to_sale_ratio": 51.08,
            "price_fair": 0,
            "eps_avg_yearly": 0,
            "eps_latest_yearly": 0,
            "eps_growth_yearly": 0
        },
        "20122": {
            "year_quarter": 20122,
            "year": 2012,
            "quarter": 2,
            "eps": -0.49,
            "eps_growth_year": -430.47,
            "eps_4q": -0.71,
            "eps_4q_growth_year": -150.23,
            "roe": -5.42,
            "roe_4q": -7.46,
            "gross_profit": 50880,
            "gross_margin": 51.34,
            "gross_margin_4q_avg": 50.08,
            "net_income": -19309,
            "revenue": 99099,
            "common_shares": 346330,
            "book_valuer_per_share": 9.66,
            "book_valuer_per_share_4q_avg": 10.59,
            "equity": 340451,
            "current_ratio": 475.12,
            "debt_ratio": 17.93,
            "inventory_turnover_ratio": 6.8,
            "account_receivable_turnover_ratio": 0.52,
            "reinvestment_rate": 10.54,
            "research_to_sale_ratio": 39.05,
            "price_fair": 0,
            "eps_avg_yearly": 0,
            "eps_latest_yearly": 0,
            "eps_growth_yearly": 0
        },
        "20123": {
            "year_quarter": 20123,
            "year": 2012,
            "quarter": 3,
            "eps": -0.13,
            "eps_growth_year": null,
            "eps_4q": -0.84,
            "eps_4q_growth_year": -153.06,
            "roe": -1.33,
            "roe_4q": -8.780000000000001,
            "gross_profit": 68574,
            "gross_margin": 53.17,
            "gross_margin_4q_avg": 51.9,
            "net_income": -4498,
            "revenue": 128979,
            "common_shares": 346330,
            "book_valuer_per_share": 9.52,
            "book_valuer_per_share_4q_avg": 10.29,
            "equity": 335520,
            "current_ratio": 550.48,
            "debt_ratio": 14.43,
            "inventory_turnover_ratio": 8.67,
            "account_receivable_turnover_ratio": 0.66,
            "reinvestment_rate": 46.84,
            "research_to_sale_ratio": 26.03,
            "price_fair": 0,
            "eps_avg_yearly": 0,
            "eps_latest_yearly": 0,
            "eps_growth_yearly": 0
        },
        "20124": {
            "year_quarter": 20124,
            "year": 2012,
            "quarter": 4,
            "eps": 1.89,
            "eps_growth_year": 160.29,
            "eps_4q": 0.32,
            "eps_4q_growth_year": 31.67,
            "roe": 18.21,
            "roe_4q": 2.980000000000002,
            "gross_profit": 141957,
            "gross_margin": 60.98,
            "gross_margin_4q_avg": 53.25,
            "net_income": 67212,
            "revenue": 232799,
            "common_shares": 346330,
            "book_valuer_per_share": 11.4,
            "book_valuer_per_share_4q_avg": 10.27,
            "equity": 402472,
            "current_ratio": 412.62,
            "debt_ratio": 20.43,
            "inventory_turnover_ratio": 14.04,
            "account_receivable_turnover_ratio": 0.95,
            "reinvestment_rate": null,
            "research_to_sale_ratio": 17.36,
            "price_fair": 0,
            "eps_avg_yearly": 0,
            "eps_latest_yearly": 0,
            "eps_growth_yearly": 0
        },
        "20131": {
            "year_quarter": 20131,
            "year": 2013,
            "quarter": 1,
            "eps": -0.9,
            "eps_growth_year": null,
            "eps_4q": 0.36,
            "eps_4q_growth_year": null,
            "roe": -8.07,
            "roe_4q": 3.3900000000000006,
            "gross_profit": 47182,
            "gross_margin": 49.34,
            "gross_margin_4q_avg": 53.71,
            "net_income": -31000,
            "revenue": 95627,
            "common_shares": 346330,
            "book_valuer_per_share": 10.33,
            "book_valuer_per_share_4q_avg": 10.23,
            "equity": 365992,
            "current_ratio": 653.69,
            "debt_ratio": 12.5,
            "inventory_turnover_ratio": 7.42,
            "account_receivable_turnover_ratio": 0.38,
            "reinvestment_rate": 324.14,
            "research_to_sale_ratio": 51.66,
            "price_fair": 0,
            "eps_avg_yearly": 0,
            "eps_latest_yearly": 0,
            "eps_growth_yearly": 0
        },
        "20132": {
            "year_quarter": 20132,
            "year": 2013,
            "quarter": 2,
            "eps": -0.34,
            "eps_growth_year": null,
            "eps_4q": 0.52,
            "eps_4q_growth_year": null,
            "roe": -3.11,
            "roe_4q": 5.700000000000001,
            "gross_profit": 63118,
            "gross_margin": 53.68,
            "gross_margin_4q_avg": 54.29,
            "net_income": -10984,
            "revenue": 117586,
            "common_shares": 346330,
            "book_valuer_per_share": 9.59,
            "book_valuer_per_share_4q_avg": 10.21,
            "equity": 340993,
            "current_ratio": 400.82,
            "debt_ratio": 28.82,
            "inventory_turnover_ratio": 7.2,
            "account_receivable_turnover_ratio": 0.52,
            "reinvestment_rate": 815.07,
            "research_to_sale_ratio": 45.19,
            "price_fair": 0,
            "eps_avg_yearly": 0,
            "eps_latest_yearly": 0,
            "eps_growth_yearly": 0
        },
        "20133": {
            "year_quarter": 20133,
            "year": 2013,
            "quarter": 3,
            "eps": -0.31,
            "eps_growth_year": null,
            "eps_4q": 0.34,
            "eps_4q_growth_year": null,
            "roe": -2.86,
            "roe_4q": 4.170000000000002,
            "gross_profit": 61622,
            "gross_margin": 46.41,
            "gross_margin_4q_avg": 52.6,
            "net_income": -9581,
            "revenue": 132772,
            "common_shares": 346330,
            "book_valuer_per_share": 9.24,
            "book_valuer_per_share_4q_avg": 10.14,
            "equity": 330168,
            "current_ratio": 327.82,
            "debt_ratio": 32.39,
            "inventory_turnover_ratio": 8.21,
            "account_receivable_turnover_ratio": 0.55,
            "reinvestment_rate": 1989.8,
            "research_to_sale_ratio": 33.25,
            "price_fair": 0,
            "eps_avg_yearly": 0,
            "eps_latest_yearly": 0,
            "eps_growth_yearly": 0
        },
        "20134": {
            "year_quarter": 20134,
            "year": 2013,
            "quarter": 4,
            "eps": 0.46,
            "eps_growth_year": -75.53,
            "eps_4q": -1.09,
            "eps_4q_growth_year": -437.26,
            "roe": 4.43,
            "roe_4q": -9.61,
            "gross_profit": 86084,
            "gross_margin": 41.61,
            "gross_margin_4q_avg": 47.76,
            "net_income": 14979,
            "revenue": 206890,
            "common_shares": 346330,
            "book_valuer_per_share": 9.72,
            "book_valuer_per_share_4q_avg": 9.72,
            "equity": 345629,
            "current_ratio": 255.18,
            "debt_ratio": 38.08,
            "inventory_turnover_ratio": 18.27,
            "account_receivable_turnover_ratio": 0.77,
            "reinvestment_rate": null,
            "research_to_sale_ratio": 25.06,
            "price_fair": 0,
            "eps_avg_yearly": 0,
            "eps_latest_yearly": 0,
            "eps_growth_yearly": 0
        },
        "20141": {
            "year_quarter": 20141,
            "year": 2014,
            "quarter": 1,
            "eps": -0.42,
            "eps_growth_year": null,
            "eps_4q": -0.61,
            "eps_4q_growth_year": -268.54,
            "roe": -4.3,
            "roe_4q": -5.84,
            "gross_profit": 61081,
            "gross_margin": 57.62,
            "gross_margin_4q_avg": 49.83,
            "net_income": -14574,
            "revenue": 106008,
            "common_shares": 346330,
            "book_valuer_per_share": 9.31,
            "book_valuer_per_share_4q_avg": 9.47,
            "equity": 331929,
            "current_ratio": 424.71,
            "debt_ratio": 27.46,
            "inventory_turnover_ratio": 11.84,
            "account_receivable_turnover_ratio": 0.46,
            "reinvestment_rate": 521.25,
            "research_to_sale_ratio": 50.61,
            "price_fair": 0,
            "eps_avg_yearly": 0,
            "eps_latest_yearly": 0,
            "eps_growth_yearly": 0
        },
        "20142": {
            "year_quarter": 20142,
            "year": 2014,
            "quarter": 2,
            "eps": -0.13,
            "eps_growth_year": null,
            "eps_4q": -0.4,
            "eps_4q_growth_year": -178.03,
            "roe": -1.27,
            "roe_4q": -4,
            "gross_profit": 61255,
            "gross_margin": 49.76,
            "gross_margin_4q_avg": 48.85,
            "net_income": -4194,
            "revenue": 123105,
            "common_shares": 346330,
            "book_valuer_per_share": 9.16,
            "book_valuer_per_share_4q_avg": 9.36,
            "equity": 327060,
            "current_ratio": 313.33,
            "debt_ratio": 32.63,
            "inventory_turnover_ratio": 18.72,
            "account_receivable_turnover_ratio": 0.64,
            "reinvestment_rate": 359.8,
            "research_to_sale_ratio": 35.51,
            "price_fair": 0,
            "eps_avg_yearly": 0,
            "eps_latest_yearly": 0,
            "eps_growth_yearly": 0
        },
        "20143": {
            "year_quarter": 20143,
            "year": 2014,
            "quarter": 3,
            "eps": 0.56,
            "eps_growth_year": null,
            "eps_4q": 0.47,
            "eps_4q_growth_year": 39.38,
            "roe": 5.86,
            "roe_4q": 4.72,
            "gross_profit": 84784,
            "gross_margin": 55.46,
            "gross_margin_4q_avg": 51.11,
            "net_income": 19804,
            "revenue": 152888,
            "common_shares": 346330,
            "book_valuer_per_share": 9.76,
            "book_valuer_per_share_4q_avg": 9.49,
            "equity": 348529,
            "current_ratio": 301.5,
            "debt_ratio": 33.15,
            "inventory_turnover_ratio": 22.87,
            "account_receivable_turnover_ratio": 0.66,
            "reinvestment_rate": 198.06,
            "research_to_sale_ratio": 28.5,
            "price_fair": 0,
            "eps_avg_yearly": 0,
            "eps_latest_yearly": 0,
            "eps_growth_yearly": 0
        },
        "20144": {
            "year_quarter": 20144,
            "year": 2014,
            "quarter": 4,
            "eps": 0.56,
            "eps_growth_year": 22.23,
            "eps_4q": 0.57,
            "eps_4q_growth_year": null,
            "roe": 5.66,
            "roe_4q": 5.95,
            "gross_profit": 103850,
            "gross_margin": 47.85,
            "gross_margin_4q_avg": 52.67,
            "net_income": 20366,
            "revenue": 217033,
            "common_shares": 346330,
            "book_valuer_per_share": 10.39,
            "book_valuer_per_share_4q_avg": 9.66,
            "equity": 371730,
            "current_ratio": 271.77,
            "debt_ratio": 35.56,
            "inventory_turnover_ratio": 45.85,
            "account_receivable_turnover_ratio": 0.84,
            "reinvestment_rate": 6094.45,
            "research_to_sale_ratio": 27.73,
            "price_fair": 22.4,
            "eps_avg_yearly": 2.24,
            "eps_latest_yearly": 2.24,
            "eps_growth_yearly": 0
        },
        "20151": {
            "year_quarter": 20151,
            "year": 2015,
            "quarter": 1,
            "eps": -0.4,
            "eps_growth_year": null,
            "eps_4q": 0.59,
            "eps_4q_growth_year": null,
            "roe": -4.04,
            "roe_4q": 6.210000000000001,
            "gross_profit": 59829,
            "gross_margin": 53.69,
            "gross_margin_4q_avg": 51.69,
            "net_income": -14704,
            "revenue": 111435,
            "common_shares": 346330,
            "book_valuer_per_share": 9.96,
            "book_valuer_per_share_4q_avg": 9.82,
            "equity": 355833,
            "current_ratio": 378.39,
            "debt_ratio": 28.58,
            "inventory_turnover_ratio": 25.77,
            "account_receivable_turnover_ratio": 0.5,
            "reinvestment_rate": 1073.32,
            "research_to_sale_ratio": 43.66,
            "price_fair": 22.4,
            "eps_avg_yearly": 2.24,
            "eps_latest_yearly": 2.24,
            "eps_growth_yearly": 0
        },
        "20152": {
            "year_quarter": 20152,
            "year": 2015,
            "quarter": 2,
            "eps": 0.29,
            "eps_growth_year": null,
            "eps_4q": 1.01,
            "eps_4q_growth_year": null,
            "roe": 3,
            "roe_4q": 10.48,
            "gross_profit": 74581,
            "gross_margin": 52.2,
            "gross_margin_4q_avg": 52.3,
            "net_income": 10682,
            "revenue": 142879,
            "common_shares": 346330,
            "book_valuer_per_share": 9.95,
            "book_valuer_per_share_4q_avg": 10.02,
            "equity": 356141,
            "current_ratio": 328.01,
            "debt_ratio": 31.19,
            "inventory_turnover_ratio": 38.04,
            "account_receivable_turnover_ratio": 0.69,
            "reinvestment_rate": 716.55,
            "research_to_sale_ratio": 30.19,
            "price_fair": 22.4,
            "eps_avg_yearly": 2.24,
            "eps_latest_yearly": 2.24,
            "eps_growth_yearly": 0
        },
        "20153": {
            "year_quarter": 20153,
            "year": 2015,
            "quarter": 3,
            "eps": 0.45,
            "eps_growth_year": -19.64,
            "eps_4q": 0.91,
            "eps_4q_growth_year": 93.83,
            "roe": 4.33,
            "roe_4q": 8.95,
            "gross_profit": 83625,
            "gross_margin": 51.67,
            "gross_margin_4q_avg": 51.35,
            "net_income": 15846,
            "revenue": 161834,
            "common_shares": 346330,
            "book_valuer_per_share": 10.48,
            "book_valuer_per_share_4q_avg": 10.2,
            "equity": 375490,
            "current_ratio": 332.49,
            "debt_ratio": 30.89,
            "inventory_turnover_ratio": 45.03,
            "account_receivable_turnover_ratio": 0.66,
            "reinvestment_rate": 340.57,
            "research_to_sale_ratio": 27.77,
            "price_fair": 70.7,
            "eps_avg_yearly": 2.02,
            "eps_latest_yearly": 1.8,
            "eps_growth_yearly": 110.34
        },
        "20154": {
            "year_quarter": 20154,
            "year": 2015,
            "quarter": 4,
            "eps": 0.54,
            "eps_growth_year": -3.66,
            "eps_4q": 0.89,
            "eps_4q_growth_year": 55.3,
            "roe": 5.05,
            "roe_4q": 8.34,
            "gross_profit": 130482,
            "gross_margin": 53.92,
            "gross_margin_4q_avg": 52.87,
            "net_income": 19368,
            "revenue": 242008,
            "common_shares": 346330,
            "book_valuer_per_share": 10.93,
            "book_valuer_per_share_4q_avg": 10.33,
            "equity": 391904,
            "current_ratio": 265.86,
            "debt_ratio": 36.95,
            "inventory_turnover_ratio": 68.53,
            "account_receivable_turnover_ratio": 0.89,
            "reinvestment_rate": 413.39,
            "research_to_sale_ratio": 28.5,
            "price_fair": 72.33,
            "eps_avg_yearly": 2.07,
            "eps_latest_yearly": 2.16,
            "eps_growth_yearly": 100.23
        },
        "20161": {
            "year_quarter": 20161,
            "year": 2016,
            "quarter": 1,
            "eps": -0.51,
            "eps_growth_year": null,
            "eps_4q": 0.78,
            "eps_4q_growth_year": 30.92,
            "roe": -4.89,
            "roe_4q": 7.49,
            "gross_profit": 62266,
            "gross_margin": 50.13,
            "gross_margin_4q_avg": 51.98,
            "net_income": -18684,
            "revenue": 124211,
            "common_shares": 346330,
            "book_valuer_per_share": 10.42,
            "book_valuer_per_share_4q_avg": 10.45,
            "equity": 372850,
            "current_ratio": 398.39,
            "debt_ratio": 27.89,
            "inventory_turnover_ratio": 38.46,
            "account_receivable_turnover_ratio": 0.53,
            "reinvestment_rate": 225.6,
            "research_to_sale_ratio": 39.95,
            "price_fair": 72.33,
            "eps_avg_yearly": 2.07,
            "eps_latest_yearly": 2.16,
            "eps_growth_yearly": 100.23
        },
        "20162": {
            "year_quarter": 20162,
            "year": 2016,
            "quarter": 2,
            "eps": 0.15,
            "eps_growth_year": -48.28,
            "eps_4q": 0.64,
            "eps_4q_growth_year": -36.44,
            "roe": 1.62,
            "roe_4q": 6.11,
            "gross_profit": 69022,
            "gross_margin": 47.81,
            "gross_margin_4q_avg": 50.88,
            "net_income": 5847,
            "revenue": 144375,
            "common_shares": 346330,
            "book_valuer_per_share": 9.78,
            "book_valuer_per_share_4q_avg": 10.4,
            "equity": 350969,
            "current_ratio": 227.9,
            "debt_ratio": 41.33,
            "inventory_turnover_ratio": 47.77,
            "account_receivable_turnover_ratio": 0.7,
            "reinvestment_rate": 153.94,
            "research_to_sale_ratio": 27.99,
            "price_fair": 72.33,
            "eps_avg_yearly": 2.07,
            "eps_latest_yearly": 2.16,
            "eps_growth_yearly": 100.23
        },
        "20163": {
            "year_quarter": 20163,
            "year": 2016,
            "quarter": 3,
            "eps": 0.59,
            "eps_growth_year": 31.11,
            "eps_4q": 0.78,
            "eps_4q_growth_year": -14.16,
            "roe": 5.44,
            "roe_4q": 7.220000000000001,
            "gross_profit": 92449,
            "gross_margin": 54.55,
            "gross_margin_4q_avg": 51.6,
            "net_income": 19572,
            "revenue": 169471,
            "common_shares": 346330,
            "book_valuer_per_share": 10.3,
            "book_valuer_per_share_4q_avg": 10.36,
            "equity": 368514,
            "current_ratio": 258.2,
            "debt_ratio": 37.56,
            "inventory_turnover_ratio": 49.71,
            "account_receivable_turnover_ratio": 0.69,
            "reinvestment_rate": 85.41,
            "research_to_sale_ratio": 26.16,
            "price_fair": 74.9,
            "eps_avg_yearly": 2.14,
            "eps_latest_yearly": 2.36,
            "eps_growth_yearly": 368.51
        },
        "20164": {
            "year_quarter": 20164,
            "year": 2016,
            "quarter": 4,
            "eps": 0.69,
            "eps_growth_year": 26.33,
            "eps_4q": 0.92,
            "eps_4q_growth_year": 4.02,
            "roe": 5.95,
            "roe_4q": 8.120000000000001,
            "gross_profit": 118608,
            "gross_margin": 50.23,
            "gross_margin_4q_avg": 50.68,
            "net_income": 22528,
            "revenue": 236138,
            "common_shares": 346330,
            "book_valuer_per_share": 10.93,
            "book_valuer_per_share_4q_avg": 10.36,
            "equity": 389221,
            "current_ratio": 239.95,
            "debt_ratio": 39.64,
            "inventory_turnover_ratio": 76.24,
            "account_receivable_turnover_ratio": 0.88,
            "reinvestment_rate": 158.11,
            "research_to_sale_ratio": 32.78,
            "price_fair": 79.24,
            "eps_avg_yearly": 2.26,
            "eps_latest_yearly": 2.76,
            "eps_growth_yearly": 308.36
        },
        "20171": {
            "year_quarter": 20171,
            "year": 2017,
            "quarter": 1,
            "eps": -0.7,
            "eps_growth_year": null,
            "eps_4q": 0.73,
            "eps_4q_growth_year": -6.54,
            "roe": -6.32,
            "roe_4q": 6.69,
            "gross_profit": 59841,
            "gross_margin": 50.23,
            "gross_margin_4q_avg": 50.71,
            "net_income": -23697,
            "revenue": 119139,
            "common_shares": 346330,
            "book_valuer_per_share": 10.12,
            "book_valuer_per_share_4q_avg": 10.28,
            "equity": 361221,
            "current_ratio": 295.1,
            "debt_ratio": 33.73,
            "inventory_turnover_ratio": 66,
            "account_receivable_turnover_ratio": 0.51,
            "reinvestment_rate": 130.88,
            "research_to_sale_ratio": 44.74,
            "price_fair": 79.24,
            "eps_avg_yearly": 2.26,
            "eps_latest_yearly": 2.76,
            "eps_growth_yearly": 308.36
        },
        "20172": {
            "year_quarter": 20172,
            "year": 2017,
            "quarter": 2,
            "eps": 0.18,
            "eps_growth_year": 20,
            "eps_4q": 0.75,
            "eps_4q_growth_year": 17.25,
            "roe": 1.37,
            "roe_4q": 6.44,
            "gross_profit": 79223,
            "gross_margin": 50.67,
            "gross_margin_4q_avg": 51.42,
            "net_income": 4897,
            "revenue": 156347,
            "common_shares": 346330,
            "book_valuer_per_share": 9.72,
            "book_valuer_per_share_4q_avg": 10.27,
            "equity": 354230,
            "current_ratio": 251.53,
            "debt_ratio": 38.15,
            "inventory_turnover_ratio": 105.79,
            "account_receivable_turnover_ratio": 0.73,
            "reinvestment_rate": -19.23,
            "research_to_sale_ratio": 28.43,
            "price_fair": 79.24,
            "eps_avg_yearly": 2.26,
            "eps_latest_yearly": 2.76,
            "eps_growth_yearly": 308.36
        },
        "20173": {
            "year_quarter": 20173,
            "year": 2017,
            "quarter": 3,
            "eps": 1.09,
            "eps_growth_year": 84.75,
            "eps_4q": 1.26,
            "eps_4q_growth_year": 61.66,
            "roe": 10.88,
            "roe_4q": 11.879999999999999,
            "gross_profit": 108101,
            "gross_margin": 56.89,
            "gross_margin_4q_avg": 52.01,
            "net_income": 40812,
            "revenue": 190026,
            "common_shares": 346330,
            "book_valuer_per_share": 10.84,
            "book_valuer_per_share_4q_avg": 10.4,
            "equity": 396093,
            "current_ratio": 286.12,
            "debt_ratio": 34.32,
            "inventory_turnover_ratio": 79.81,
            "account_receivable_turnover_ratio": 0.75,
            "reinvestment_rate": -15.08,
            "research_to_sale_ratio": 20.2,
            "price_fair": 91.47,
            "eps_avg_yearly": 2.61,
            "eps_latest_yearly": 4.36,
            "eps_growth_yearly": 594.01
        },
        "20174": {
            "year_quarter": 20174,
            "year": 2017,
            "quarter": 4,
            "eps": 0.37,
            "eps_growth_year": -45.91,
            "eps_4q": 0.94,
            "eps_4q_growth_year": 2.27,
            "roe": 3.11,
            "roe_4q": 9.04,
            "gross_profit": 118850,
            "gross_margin": 50.49,
            "gross_margin_4q_avg": 52.07,
            "net_income": 12501,
            "revenue": 235381,
            "common_shares": 346330,
            "book_valuer_per_share": 11.22,
            "book_valuer_per_share_4q_avg": 10.48,
            "equity": 408463,
            "current_ratio": 226.39,
            "debt_ratio": 41.15,
            "inventory_turnover_ratio": 34.09,
            "account_receivable_turnover_ratio": 0.83,
            "reinvestment_rate": -11.2,
            "research_to_sale_ratio": 28.98,
            "price_fair": 85.8,
            "eps_avg_yearly": 2.45,
            "eps_latest_yearly": 1.48,
            "eps_growth_yearly": 471.4
        },
        "20181": {
            "year_quarter": 20181,
            "year": 2018,
            "quarter": 1,
            "eps": -0.55,
            "eps_growth_year": null,
            "eps_4q": 1.09,
            "eps_4q_growth_year": 49.96,
            "roe": -5.49,
            "roe_4q": 9.870000000000001,
            "gross_profit": 56837,
            "gross_margin": 42.87,
            "gross_margin_4q_avg": 50.23,
            "net_income": -21840,
            "revenue": 132582,
            "common_shares": 346330,
            "book_valuer_per_share": 10.69,
            "book_valuer_per_share_4q_avg": 10.62,
            "equity": 387371,
            "current_ratio": 304.3,
            "debt_ratio": 32.33,
            "inventory_turnover_ratio": 23.95,
            "account_receivable_turnover_ratio": 0.73,
            "reinvestment_rate": -15.13,
            "research_to_sale_ratio": 34.75,
            "price_fair": 85.8,
            "eps_avg_yearly": 2.45,
            "eps_latest_yearly": 1.48,
            "eps_growth_yearly": 471.4
        },
        "20182": {
            "year_quarter": 20182,
            "year": 2018,
            "quarter": 2,
            "eps": 0.5,
            "eps_growth_year": 177.78,
            "eps_4q": 1.41,
            "eps_4q_growth_year": 87.32,
            "roe": 4.27,
            "roe_4q": 12.77,
            "gross_profit": 87933,
            "gross_margin": 51.7,
            "gross_margin_4q_avg": 50.49,
            "net_income": 16240,
            "revenue": 170085,
            "common_shares": 346330,
            "book_valuer_per_share": 10.37,
            "book_valuer_per_share_4q_avg": 10.78,
            "equity": 373360,
            "current_ratio": 254.59,
            "debt_ratio": 36.81,
            "inventory_turnover_ratio": 120.02,
            "account_receivable_turnover_ratio": 2.19,
            "reinvestment_rate": -9.63,
            "research_to_sale_ratio": 24.71,
            "price_fair": 85.8,
            "eps_avg_yearly": 2.45,
            "eps_latest_yearly": 1.48,
            "eps_growth_yearly": 471.4
        },
        "20183": {
            "year_quarter": 20183,
            "year": 2018,
            "quarter": 3,
            "eps": 1,
            "eps_growth_year": -8.26,
            "eps_4q": 1.32,
            "eps_4q_growth_year": 4.84,
            "roe": 9.22,
            "roe_4q": 11.11,
            "gross_profit": 118855,
            "gross_margin": 56.87,
            "gross_margin_4q_avg": 50.48,
            "net_income": 36017,
            "revenue": 208988,
            "common_shares": 346330,
            "book_valuer_per_share": 11.33,
            "book_valuer_per_share_4q_avg": 10.9,
            "equity": 408169,
            "current_ratio": 262.33,
            "debt_ratio": 35.19,
            "inventory_turnover_ratio": 109.45,
            "account_receivable_turnover_ratio": 2.12,
            "reinvestment_rate": -11.02,
            "research_to_sale_ratio": 23.28,
            "price_fair": 92.58,
            "eps_avg_yearly": 2.65,
            "eps_latest_yearly": 4,
            "eps_growth_yearly": 462.48
        },
        "20184": {
            "year_quarter": 20184,
            "year": 2018,
            "quarter": 4,
            "eps": 0.82,
            "eps_growth_year": 120.64,
            "eps_4q": 1.77,
            "eps_4q_growth_year": 87.55,
            "roe": 7.84,
            "roe_4q": 15.840000000000002,
            "gross_profit": 135246,
            "gross_margin": 49.23,
            "gross_margin_4q_avg": 50.17,
            "net_income": 33350,
            "revenue": 274743,
            "common_shares": 346330,
            "book_valuer_per_share": 12.09,
            "book_valuer_per_share_4q_avg": 11.12,
            "equity": 442236,
            "current_ratio": 243.05,
            "debt_ratio": 37.98,
            "inventory_turnover_ratio": 137.37,
            "account_receivable_turnover_ratio": 1.98,
            "reinvestment_rate": -9,
            "research_to_sale_ratio": 24.8,
            "price_fair": 97.13,
            "eps_avg_yearly": 2.78,
            "eps_latest_yearly": 3.28,
            "eps_growth_yearly": 453.48
        },
        "20191": {
            "year_quarter": 20191,
            "year": 2019,
            "quarter": 1,
            "eps": 0.31,
            "eps_growth_year": null,
            "eps_4q": 2.63,
            "eps_4q_growth_year": 141.33,
            "roe": 2.09,
            "roe_4q": 23.419999999999998,
            "gross_profit": 89698,
            "gross_margin": 49.78,
            "gross_margin_4q_avg": 51.9,
            "net_income": 9334,
            "revenue": 180201,
            "common_shares": 346330,
            "book_valuer_per_share": 12.42,
            "book_valuer_per_share_4q_avg": 11.55,
            "equity": 452138,
            "current_ratio": 302.84,
            "debt_ratio": 33.67,
            "inventory_turnover_ratio": 72.61,
            "account_receivable_turnover_ratio": 1.55,
            "reinvestment_rate": -7.83,
            "research_to_sale_ratio": 24.03,
            "price_fair": 91.16,
            "eps_avg_yearly": 2.6,
            "eps_latest_yearly": 1.24,
            "eps_growth_yearly": 375.45
        },
        "20192": {
            "year_quarter": 20192,
            "year": 2019,
            "quarter": 2,
            "eps": 0.48,
            "eps_growth_year": -4,
            "eps_4q": 2.62,
            "eps_4q_growth_year": 85.36,
            "roe": 3.67,
            "roe_4q": 22.82,
            "gross_profit": 97484,
            "gross_margin": 48.66,
            "gross_margin_4q_avg": 51.14,
            "net_income": 15883,
            "revenue": 200331,
            "common_shares": 346330,
            "book_valuer_per_share": 11.39,
            "book_valuer_per_share_4q_avg": 11.81,
            "equity": 413680,
            "current_ratio": 230.91,
            "debt_ratio": 41.37,
            "inventory_turnover_ratio": 58.75,
            "account_receivable_turnover_ratio": 3.13,
            "reinvestment_rate": -8.34,
            "research_to_sale_ratio": 22.01,
            "price_fair": 88.76,
            "eps_avg_yearly": 2.54,
            "eps_latest_yearly": 1.92,
            "eps_growth_yearly": 359.84
        },
        "20193": {
            "year_quarter": 20193,
            "year": 2019,
            "quarter": 3,
            "eps": 0.92,
            "eps_growth_year": -8,
            "eps_4q": 2.54,
            "eps_4q_growth_year": 92.36,
            "roe": 7.73,
            "roe_4q": 21.33,
            "gross_profit": 123869,
            "gross_margin": 54.31,
            "gross_margin_4q_avg": 50.5,
            "net_income": 33238,
            "revenue": 228083,
            "common_shares": 346330,
            "book_valuer_per_share": 12.29,
            "book_valuer_per_share_4q_avg": 12.05,
            "equity": 445768,
            "current_ratio": 252.91,
            "debt_ratio": 38.57,
            "inventory_turnover_ratio": 12.91,
            "account_receivable_turnover_ratio": 2.47,
            "reinvestment_rate": -7.12,
            "research_to_sale_ratio": 24.21,
            "price_fair": 95.34,
            "eps_avg_yearly": 2.72,
            "eps_latest_yearly": 3.68,
            "eps_growth_yearly": 374.44
        },
        "20194": {
            "year_quarter": 20194,
            "year": 2019,
            "quarter": 4,
            "eps": 0.76,
            "eps_growth_year": -6.91,
            "eps_4q": 2.48,
            "eps_4q_growth_year": 40.33,
            "roe": 6.63,
            "roe_4q": 20.12,
            "gross_profit": 141972,
            "gross_margin": 43.11,
            "gross_margin_4q_avg": 48.97,
            "net_income": 30494,
            "revenue": 329337,
            "common_shares": 346330,
            "book_valuer_per_share": 13.01,
            "book_valuer_per_share_4q_avg": 12.28,
            "equity": 474581,
            "current_ratio": 214.54,
            "debt_ratio": 43.85,
            "inventory_turnover_ratio": 10.34,
            "account_receivable_turnover_ratio": 2.27,
            "reinvestment_rate": -5.48,
            "research_to_sale_ratio": 20.41,
            "price_fair": 98.42,
            "eps_avg_yearly": 2.81,
            "eps_latest_yearly": 3.04,
            "eps_growth_yearly": 359.48
        },
        "20201": {
            "year_quarter": 20201,
            "year": 2020,
            "quarter": 1,
            "eps": 0.11,
            "eps_growth_year": -64.52,
            "eps_4q": 2.27,
            "eps_4q_growth_year": -13.66,
            "roe": 0.7,
            "roe_4q": 18.73,
            "gross_profit": 86788,
            "gross_margin": 51.31,
            "gross_margin_4q_avg": 49.35,
            "net_income": 3336,
            "revenue": 169149,
            "common_shares": 346330,
            "book_valuer_per_share": 13.06,
            "book_valuer_per_share_4q_avg": 12.44,
            "equity": 474098,
            "current_ratio": 292.91,
            "debt_ratio": 33.71,
            "inventory_turnover_ratio": 3.74,
            "account_receivable_turnover_ratio": 1.4,
            "reinvestment_rate": -5.3,
            "research_to_sale_ratio": 29.19,
            "price_fair": 90.87,
            "eps_avg_yearly": 2.6,
            "eps_latest_yearly": 0.44,
            "eps_growth_yearly": 295.7
        },
        "20202": {
            "year_quarter": 20202,
            "year": 2020,
            "quarter": 2,
            "eps": 0.4,
            "eps_growth_year": -16.67,
            "eps_4q": 2.19,
            "eps_4q_growth_year": -16.11,
            "roe": 3.48,
            "roe_4q": 18.54,
            "gross_profit": 90749,
            "gross_margin": 42.85,
            "gross_margin_4q_avg": 47.9,
            "net_income": 15397,
            "revenue": 211795,
            "common_shares": 346330,
            "book_valuer_per_share": 11.27,
            "book_valuer_per_share_4q_avg": 12.41,
            "equity": 411809,
            "current_ratio": 213.38,
            "debt_ratio": 43.25,
            "inventory_turnover_ratio": 5.27,
            "account_receivable_turnover_ratio": 2.91,
            "reinvestment_rate": -7.78,
            "research_to_sale_ratio": 18.15,
            "price_fair": 87.97,
            "eps_avg_yearly": 2.51,
            "eps_latest_yearly": 1.6,
            "eps_growth_yearly": 358.94
        },
        "20203": {
            "year_quarter": 20203,
            "year": 2020,
            "quarter": 3,
            "eps": 1.47,
            "eps_growth_year": 59.78,
            "eps_4q": 2.75,
            "eps_4q_growth_year": 8.26,
            "roe": 11.65,
            "roe_4q": 22.46,
            "gross_profit": 134606,
            "gross_margin": 47.05,
            "gross_margin_4q_avg": 46.08,
            "net_income": 50982,
            "revenue": 286064,
            "common_shares": 346330,
            "book_valuer_per_share": 12.77,
            "book_valuer_per_share_4q_avg": 12.53,
            "equity": 463403,
            "current_ratio": 223.8,
            "debt_ratio": 41.33,
            "inventory_turnover_ratio": 6.56,
            "account_receivable_turnover_ratio": 3.58,
            "reinvestment_rate": -6.73,
            "research_to_sale_ratio": 14.26,
            "price_fair": 98.23,
            "eps_avg_yearly": 2.81,
            "eps_latest_yearly": 5.88,
            "eps_growth_yearly": 350.33
        },
        "20204": {
            "year_quarter": 20204,
            "year": 2020,
            "quarter": 4,
            "eps": 1.22,
            "eps_growth_year": 60.06,
            "eps_4q": 3.2,
            "eps_4q_growth_year": 29.23,
            "roe": 9.23,
            "roe_4q": 25.060000000000002,
            "gross_profit": 151532,
            "gross_margin": 44.35,
            "gross_margin_4q_avg": 46.39,
            "net_income": 44907,
            "revenue": 341636,
            "common_shares": 346330,
            "book_valuer_per_share": 14.02,
            "book_valuer_per_share_4q_avg": 12.78,
            "equity": 509194,
            "current_ratio": 227.79,
            "debt_ratio": 40.7,
            "inventory_turnover_ratio": 8.35,
            "account_receivable_turnover_ratio": 3.16,
            "reinvestment_rate": -7.61,
            "research_to_sale_ratio": 17.82,
            "price_fair": 104.42,
            "eps_avg_yearly": 2.98,
            "eps_latest_yearly": 4.88,
            "eps_growth_yearly": 339.01
        },
        "20211": {
            "year_quarter": 20211,
            "year": 2021,
            "quarter": 1,
            "eps": 0.38,
            "eps_growth_year": 245.45,
            "eps_4q": 3.48,
            "eps_4q_growth_year": 53.2,
            "roe": 2.53,
            "roe_4q": 26.89,
            "gross_profit": 96076,
            "gross_margin": 46.42,
            "gross_margin_4q_avg": 45.17,
            "net_income": 13067,
            "revenue": 206960,
            "common_shares": 346330,
            "book_valuer_per_share": 14.41,
            "book_valuer_per_share_4q_avg": 13.12,
            "equity": 522059,
            "current_ratio": 290.4,
            "debt_ratio": 32.94,
            "inventory_turnover_ratio": 5.61,
            "account_receivable_turnover_ratio": 2.07,
            "reinvestment_rate": -5.43,
            "research_to_sale_ratio": 22.46,
            "price_fair": 100.48,
            "eps_avg_yearly": 2.87,
            "eps_latest_yearly": 1.52,
            "eps_growth_yearly": 291.74
        },
        "20212": {
            "year_quarter": 20212,
            "year": 2021,
            "quarter": 2,
            "eps": 0.3,
            "eps_growth_year": -25,
            "eps_4q": 3.38,
            "eps_4q_growth_year": 54.06,
            "roe": 1.95,
            "roe_4q": 25.36,
            "gross_profit": 89656,
            "gross_margin": 41.33,
            "gross_margin_4q_avg": 44.79,
            "net_income": 10254,
            "revenue": 216907,
            "common_shares": 346330,
            "book_valuer_per_share": 14.71,
            "book_valuer_per_share_4q_avg": 13.98,
            "equity": 530268,
            "current_ratio": 358.31,
            "debt_ratio": 27.87,
            "inventory_turnover_ratio": 6.9,
            "account_receivable_turnover_ratio": 2.97,
            "reinvestment_rate": -5.8,
            "research_to_sale_ratio": 19.75,
            "price_fair": 96.3,
            "eps_avg_yearly": 2.75,
            "eps_latest_yearly": 1.2,
            "eps_growth_yearly": 264.89
        },
        "20213": {
            "year_quarter": 20213,
            "year": 2021,
            "quarter": 3,
            "eps": 0.96,
            "eps_growth_year": -34.69,
            "eps_4q": 2.87,
            "eps_4q_growth_year": 4.47,
            "roe": 6.9,
            "roe_4q": 20.61,
            "gross_profit": 111903,
            "gross_margin": 45.17,
            "gross_margin_4q_avg": 44.32,
            "net_income": 33998,
            "revenue": 247750,
            "common_shares": 346330,
            "book_valuer_per_share": 12.9,
            "book_valuer_per_share_4q_avg": 14.01,
            "equity": 455355,
            "current_ratio": 315.31,
            "debt_ratio": 30.3,
            "inventory_turnover_ratio": 6.67,
            "account_receivable_turnover_ratio": 3.24,
            "reinvestment_rate": -2.34,
            "research_to_sale_ratio": 17.09,
            "price_fair": 95,
            "eps_avg_yearly": 2.71,
            "eps_latest_yearly": 3.84,
            "eps_growth_yearly": 183.3
        },
        "20214": {
            "year_quarter": 20214,
            "year": 2021,
            "quarter": 4,
            "eps": 1.04,
            "eps_growth_year": -15.1,
            "eps_4q": 2.68,
            "eps_4q_growth_year": -16.24,
            "roe": 7.78,
            "roe_4q": 19.16,
            "gross_profit": 151765,
            "gross_margin": 45.67,
            "gross_margin_4q_avg": 44.65,
            "net_income": 36949,
            "revenue": 332296,
            "common_shares": 346330,
            "book_valuer_per_share": 13.99,
            "book_valuer_per_share_4q_avg": 14,
            "equity": 494238,
            "current_ratio": 236.93,
            "debt_ratio": 39.02,
            "inventory_turnover_ratio": 11.71,
            "account_receivable_turnover_ratio": 2.9,
            "reinvestment_rate": -2.29,
            "research_to_sale_ratio": 21.69,
            "price_fair": 101.7,
            "eps_avg_yearly": 2.91,
            "eps_latest_yearly": 4.16,
            "eps_growth_yearly": 204.56
        },
        "20221": {
            "year_quarter": 20221,
            "year": 2022,
            "quarter": 1,
            "eps": 0.04,
            "eps_growth_year": -89.47,
            "eps_4q": 2.34,
            "eps_4q_growth_year": -32.77,
            "roe": 0.18,
            "roe_4q": 16.81,
            "gross_profit": 82366,
            "gross_margin": 49.5,
            "gross_margin_4q_avg": 45.42,
            "net_income": 869,
            "revenue": 166406,
            "common_shares": 346330,
            "book_valuer_per_share": 14.1,
            "book_valuer_per_share_4q_avg": 13.93,
            "equity": 497580,
            "current_ratio": 344.08,
            "debt_ratio": 29.05,
            "inventory_turnover_ratio": 5.23,
            "account_receivable_turnover_ratio": 1.49,
            "reinvestment_rate": -1.47,
            "research_to_sale_ratio": 31.66,
            "price_fair": 95.29,
            "eps_avg_yearly": 2.72,
            "eps_latest_yearly": 0.16,
            "eps_growth_yearly": 165.28
        },
        "20222": {
            "year_quarter": 20222,
            "year": 2022,
            "quarter": 2,
            "eps": 0.6,
            "eps_growth_year": 100,
            "eps_4q": 2.64,
            "eps_4q_growth_year": -21.96,
            "roe": 4.56,
            "roe_4q": 19.42,
            "gross_profit": 87499,
            "gross_margin": 44.15,
            "gross_margin_4q_avg": 46.12,
            "net_income": 21177,
            "revenue": 198168,
            "common_shares": 346330,
            "book_valuer_per_share": 12.19,
            "book_valuer_per_share_4q_avg": 13.3,
            "equity": 430559,
            "current_ratio": 241.16,
            "debt_ratio": 37.58,
            "inventory_turnover_ratio": 4.2,
            "account_receivable_turnover_ratio": 3.49,
            "reinvestment_rate": -2.64,
            "research_to_sale_ratio": 19.2,
            "price_fair": 94.59,
            "eps_avg_yearly": 2.7,
            "eps_latest_yearly": 2.4,
            "eps_growth_yearly": 504.95
        },
        "20223": {
            "year_quarter": 20223,
            "year": 2022,
            "quarter": 3,
            "eps": 1.22,
            "eps_growth_year": 27.08,
            "eps_4q": 2.9,
            "eps_4q_growth_year": 0.94,
            "roe": 9.6,
            "roe_4q": 22.12,
            "gross_profit": 124980,
            "gross_margin": 49.61,
            "gross_margin_4q_avg": 47.23,
            "net_income": 43477,
            "revenue": 251915,
            "common_shares": 346330,
            "book_valuer_per_share": 13.45,
            "book_valuer_per_share_4q_avg": 13.43,
            "equity": 475160,
            "current_ratio": 289.56,
            "debt_ratio": 33.17,
            "inventory_turnover_ratio": 2.87,
            "account_receivable_turnover_ratio": 3.68,
            "reinvestment_rate": -3.98,
            "research_to_sale_ratio": 18.09,
            "price_fair": 96.51,
            "eps_avg_yearly": 2.76,
            "eps_latest_yearly": 4.88,
            "eps_growth_yearly": 505.78
        },
        "20224": {
            "year_quarter": 20224,
            "year": 2022,
            "quarter": 4,
            "eps": 0.94,
            "eps_growth_year": -9.17,
            "eps_4q": 2.8,
            "eps_4q_growth_year": 4.33,
            "roe": 6.82,
            "roe_4q": 21.16,
            "gross_profit": 155683,
            "gross_margin": 43.31,
            "gross_margin_4q_avg": 46.64,
            "net_income": 33765,
            "revenue": 359484,
            "common_shares": 346330,
            "book_valuer_per_share": 14.55,
            "book_valuer_per_share_4q_avg": 13.57,
            "equity": 514422,
            "current_ratio": 219.63,
            "debt_ratio": 41.07,
            "inventory_turnover_ratio": 3.59,
            "account_receivable_turnover_ratio": 2.85,
            "reinvestment_rate": -3.18,
            "research_to_sale_ratio": 20.62,
            "price_fair": 97.56,
            "eps_avg_yearly": 2.79,
            "eps_latest_yearly": 3.76,
            "eps_growth_yearly": 504.54
        },
        "20231": {
            "year_quarter": 20231,
            "year": 2023,
            "quarter": 1,
            "eps": -0.15,
            "eps_growth_year": -475,
            "eps_4q": 2.61,
            "eps_4q_growth_year": 11.33,
            "roe": -1.01,
            "roe_4q": 19.97,
            "gross_profit": 74280,
            "gross_margin": 50.04,
            "gross_margin_4q_avg": 46.78,
            "net_income": -4714,
            "revenue": 148440,
            "common_shares": 346330,
            "book_valuer_per_share": 11.84,
            "book_valuer_per_share_4q_avg": 13.01,
            "equity": 421043,
            "current_ratio": 205.7,
            "debt_ratio": 42.4,
            "inventory_turnover_ratio": 1.38,
            "account_receivable_turnover_ratio": 1.4,
            "reinvestment_rate": -3.36,
            "research_to_sale_ratio": 34.98,
            "price_fair": 101.17,
            "eps_avg_yearly": 2.89,
            "eps_latest_yearly": 3.76,
            "eps_growth_yearly": 554.77
        }
    },
    "months": {
        "2003-03": {
            "month": "2003-03",
            "price": "31.07",
            "revenue": 15952
        },
        "2003-04": {
            "month": "2003-04",
            "price": "29.28",
            "revenue": 14512
        },
        "2003-05": {
            "month": "2003-05",
            "price": "28.64",
            "revenue": 20705
        },
        "2003-06": {
            "month": "2003-06",
            "price": "31.40",
            "revenue": 31395
        },
        "2003-07": {
            "month": "2003-07",
            "price": "31.71",
            "revenue": 17650
        },
        "2003-08": {
            "month": "2003-08",
            "price": "26.69",
            "revenue": 20616
        },
        "2003-09": {
            "month": "2003-09",
            "price": "25.03",
            "revenue": 17720
        },
        "2003-10": {
            "month": "2003-10",
            "price": "26.05",
            "revenue": 23485
        },
        "2003-11": {
            "month": "2003-11",
            "price": "26.02",
            "revenue": 29408
        },
        "2003-12": {
            "month": "2003-12",
            "price": "26.47",
            "revenue": 53542
        },
        "2004-01": {
            "month": "2004-01",
            "price": "27.23",
            "revenue": 18699
        },
        "2004-02": {
            "month": "2004-02",
            "price": "28.58",
            "revenue": 12589
        },
        "2004-03": {
            "month": "2004-03",
            "price": "33.40",
            "revenue": 18535
        },
        "2004-04": {
            "month": "2004-04",
            "price": "35.51",
            "revenue": 22648
        },
        "2004-05": {
            "month": "2004-05",
            "price": "27.55",
            "revenue": 16437
        },
        "2004-06": {
            "month": "2004-06",
            "price": "24.41",
            "revenue": 22340
        },
        "2004-07": {
            "month": "2004-07",
            "price": "21.08",
            "revenue": 13868
        },
        "2004-08": {
            "month": "2004-08",
            "price": "17.64",
            "revenue": 16245
        },
        "2004-09": {
            "month": "2004-09",
            "price": "16.68",
            "revenue": 25778
        },
        "2004-10": {
            "month": "2004-10",
            "price": "15.10",
            "revenue": 29799
        },
        "2004-11": {
            "month": "2004-11",
            "price": "14.55",
            "revenue": 36074
        },
        "2004-12": {
            "month": "2004-12",
            "price": "14.61",
            "revenue": 100145
        },
        "2005-01": {
            "month": "2005-01",
            "price": "15.41",
            "revenue": 13134
        },
        "2005-02": {
            "month": "2005-02",
            "price": "15.52",
            "revenue": 9297
        },
        "2005-03": {
            "month": "2005-03",
            "price": "16.64",
            "revenue": 20284
        },
        "2005-04": {
            "month": "2005-04",
            "price": "19.62",
            "revenue": 9651
        },
        "2005-05": {
            "month": "2005-05",
            "price": "19.81",
            "revenue": 19629
        },
        "2005-06": {
            "month": "2005-06",
            "price": "21.91",
            "revenue": 27174
        },
        "2005-07": {
            "month": "2005-07",
            "price": "24.94",
            "revenue": 28983
        },
        "2005-08": {
            "month": "2005-08",
            "price": "25.69",
            "revenue": 26877
        },
        "2005-09": {
            "month": "2005-09",
            "price": "26.00",
            "revenue": 41025
        },
        "2005-10": {
            "month": "2005-10",
            "price": "23.41",
            "revenue": 26914
        },
        "2005-11": {
            "month": "2005-11",
            "price": "21.18",
            "revenue": 46397
        },
        "2005-12": {
            "month": "2005-12",
            "price": "20.72",
            "revenue": 158411
        },
        "2006-01": {
            "month": "2006-01",
            "price": "21.99",
            "revenue": 17554
        },
        "2006-02": {
            "month": "2006-02",
            "price": "20.93",
            "revenue": 11599
        },
        "2006-03": {
            "month": "2006-03",
            "price": "20.68",
            "revenue": 22971
        },
        "2006-04": {
            "month": "2006-04",
            "price": "21.96",
            "revenue": 12888
        },
        "2006-05": {
            "month": "2006-05",
            "price": "23.42",
            "revenue": 19922
        },
        "2006-06": {
            "month": "2006-06",
            "price": "21.52",
            "revenue": 39454
        },
        "2006-07": {
            "month": "2006-07",
            "price": "21.28",
            "revenue": 32486
        },
        "2006-08": {
            "month": "2006-08",
            "price": "20.69",
            "revenue": 28745
        },
        "2006-09": {
            "month": "2006-09",
            "price": "20.82",
            "revenue": 44479
        },
        "2006-10": {
            "month": "2006-10",
            "price": "21.24",
            "revenue": 54292
        },
        "2006-11": {
            "month": "2006-11",
            "price": "24.25",
            "revenue": 50250
        },
        "2006-12": {
            "month": "2006-12",
            "price": "30.10",
            "revenue": 141543
        },
        "2007-01": {
            "month": "2007-01",
            "price": "38.16",
            "revenue": 11572
        },
        "2007-02": {
            "month": "2007-02",
            "price": "36.59",
            "revenue": 6726
        },
        "2007-03": {
            "month": "2007-03",
            "price": "35.17",
            "revenue": 18292
        },
        "2007-04": {
            "month": "2007-04",
            "price": "35.54",
            "revenue": 22434
        },
        "2007-05": {
            "month": "2007-05",
            "price": "32.98",
            "revenue": 18320
        },
        "2007-06": {
            "month": "2007-06",
            "price": "34.54",
            "revenue": 44686
        },
        "2007-07": {
            "month": "2007-07",
            "price": "37.87",
            "revenue": 27879
        },
        "2007-08": {
            "month": "2007-08",
            "price": "33.37",
            "revenue": 34237
        },
        "2007-09": {
            "month": "2007-09",
            "price": "29.32",
            "revenue": 47768
        },
        "2007-10": {
            "month": "2007-10",
            "price": "28.37",
            "revenue": 36017
        },
        "2007-11": {
            "month": "2007-11",
            "price": "24.88",
            "revenue": 36176
        },
        "2007-12": {
            "month": "2007-12",
            "price": "22.49",
            "revenue": 161888
        },
        "2008-01": {
            "month": "2008-01",
            "price": "20.14",
            "revenue": 19701
        },
        "2008-02": {
            "month": "2008-02",
            "price": "19.93",
            "revenue": 9992
        },
        "2008-03": {
            "month": "2008-03",
            "price": "21.09",
            "revenue": 24921
        },
        "2008-04": {
            "month": "2008-04",
            "price": "23.56",
            "revenue": 22057
        },
        "2008-05": {
            "month": "2008-05",
            "price": "23.65",
            "revenue": 26803
        },
        "2008-06": {
            "month": "2008-06",
            "price": "21.80",
            "revenue": 36771
        },
        "2008-07": {
            "month": "2008-07",
            "price": "19.63",
            "revenue": 27432
        },
        "2008-08": {
            "month": "2008-08",
            "price": "18.07",
            "revenue": 38010
        },
        "2008-09": {
            "month": "2008-09",
            "price": "16.63",
            "revenue": 57767
        },
        "2008-10": {
            "month": "2008-10",
            "price": "14.00",
            "revenue": 46044
        },
        "2008-11": {
            "month": "2008-11",
            "price": "12.01",
            "revenue": 56043
        },
        "2008-12": {
            "month": "2008-12",
            "price": "11.97",
            "revenue": 169277
        },
        "2009-01": {
            "month": "2009-01",
            "price": "12.39",
            "revenue": 22679
        },
        "2009-02": {
            "month": "2009-02",
            "price": "11.95",
            "revenue": 22979
        },
        "2009-03": {
            "month": "2009-03",
            "price": "13.16",
            "revenue": 21771
        },
        "2009-04": {
            "month": "2009-04",
            "price": "14.52",
            "revenue": 26139
        },
        "2009-05": {
            "month": "2009-05",
            "price": "15.34",
            "revenue": 39697
        },
        "2009-06": {
            "month": "2009-06",
            "price": "17.65",
            "revenue": 39867
        },
        "2009-07": {
            "month": "2009-07",
            "price": "18.12",
            "revenue": 40216
        },
        "2009-08": {
            "month": "2009-08",
            "price": "17.45",
            "revenue": 44551
        },
        "2009-09": {
            "month": "2009-09",
            "price": "19.69",
            "revenue": 42276
        },
        "2009-10": {
            "month": "2009-10",
            "price": "20.85",
            "revenue": 43795
        },
        "2009-11": {
            "month": "2009-11",
            "price": "20.11",
            "revenue": 50333
        },
        "2009-12": {
            "month": "2009-12",
            "price": "20.61",
            "revenue": 95383
        },
        "2010-01": {
            "month": "2010-01",
            "price": "19.75",
            "revenue": 22839
        },
        "2010-02": {
            "month": "2010-02",
            "price": "18.84",
            "revenue": 26807
        },
        "2010-03": {
            "month": "2010-03",
            "price": "22.42",
            "revenue": 29609
        },
        "2010-04": {
            "month": "2010-04",
            "price": "27.50",
            "revenue": 30636
        },
        "2010-05": {
            "month": "2010-05",
            "price": "22.83",
            "revenue": 30007
        },
        "2010-06": {
            "month": "2010-06",
            "price": "22.63",
            "revenue": 35724
        },
        "2010-07": {
            "month": "2010-07",
            "price": "21.92",
            "revenue": 28164
        },
        "2010-08": {
            "month": "2010-08",
            "price": "21.76",
            "revenue": 40061
        },
        "2010-09": {
            "month": "2010-09",
            "price": "21.90",
            "revenue": 37441
        },
        "2010-10": {
            "month": "2010-10",
            "price": "21.43",
            "revenue": 51604
        },
        "2010-11": {
            "month": "2010-11",
            "price": "20.83",
            "revenue": 61946
        },
        "2010-12": {
            "month": "2010-12",
            "price": "21.02",
            "revenue": 129341
        },
        "2011-01": {
            "month": "2011-01",
            "price": "20.19",
            "revenue": 27050
        },
        "2011-02": {
            "month": "2011-02",
            "price": "19.75",
            "revenue": 22564
        },
        "2011-03": {
            "month": "2011-03",
            "price": "20.09",
            "revenue": 47827
        },
        "2011-04": {
            "month": "2011-04",
            "price": "20.32",
            "revenue": 25961
        },
        "2011-05": {
            "month": "2011-05",
            "price": "18.82",
            "revenue": 74047
        },
        "2011-06": {
            "month": "2011-06",
            "price": "19.04",
            "revenue": 59247
        },
        "2011-07": {
            "month": "2011-07",
            "price": "18.97",
            "revenue": 38547
        },
        "2011-08": {
            "month": "2011-08",
            "price": "17.73",
            "revenue": 37716
        },
        "2011-09": {
            "month": "2011-09",
            "price": "17.32",
            "revenue": 53248
        },
        "2011-10": {
            "month": "2011-10",
            "price": "16.82",
            "revenue": 40025
        },
        "2011-11": {
            "month": "2011-11",
            "price": "17.25",
            "revenue": 38212
        },
        "2011-12": {
            "month": "2011-12",
            "price": "16.67",
            "revenue": 108482
        },
        "2012-01": {
            "month": "2012-01",
            "price": "16.57",
            "revenue": 18231
        },
        "2012-02": {
            "month": "2012-02",
            "price": "16.41",
            "revenue": 28905
        },
        "2012-03": {
            "month": "2012-03",
            "price": "16.53",
            "revenue": 40876
        },
        "2012-04": {
            "month": "2012-04",
            "price": "17.01",
            "revenue": 27251
        },
        "2012-05": {
            "month": "2012-05",
            "price": "16.62",
            "revenue": 29005
        },
        "2012-06": {
            "month": "2012-06",
            "price": "15.41",
            "revenue": 40305
        },
        "2012-07": {
            "month": "2012-07",
            "price": "14.65",
            "revenue": 39866
        },
        "2012-08": {
            "month": "2012-08",
            "price": "14.59",
            "revenue": 41103
        },
        "2012-09": {
            "month": "2012-09",
            "price": "14.47",
            "revenue": 42130
        },
        "2012-10": {
            "month": "2012-10",
            "price": "14.22",
            "revenue": 48537
        },
        "2012-11": {
            "month": "2012-11",
            "price": "13.22",
            "revenue": 49804
        },
        "2012-12": {
            "month": "2012-12",
            "price": "12.96",
            "revenue": 128382
        },
        "2013-01": {
            "month": "2013-01",
            "price": "12.93",
            "revenue": 27880
        },
        "2013-02": {
            "month": "2013-02",
            "price": "12.55",
            "revenue": 30314
        },
        "2013-03": {
            "month": "2013-03",
            "price": "12.62",
            "revenue": 37385
        },
        "2013-04": {
            "month": "2013-04",
            "price": "13.48",
            "revenue": 36511
        },
        "2013-05": {
            "month": "2013-05",
            "price": "13.16",
            "revenue": 41387
        },
        "2013-06": {
            "month": "2013-06",
            "price": "12.40",
            "revenue": 39782
        },
        "2013-07": {
            "month": "2013-07",
            "price": "12.16",
            "revenue": 43813
        },
        "2013-08": {
            "month": "2013-08",
            "price": "14.49",
            "revenue": 42465
        },
        "2013-09": {
            "month": "2013-09",
            "price": "13.30",
            "revenue": 46461
        },
        "2013-10": {
            "month": "2013-10",
            "price": "13.18",
            "revenue": 46806
        },
        "2013-11": {
            "month": "2013-11",
            "price": "12.92",
            "revenue": 53995
        },
        "2013-12": {
            "month": "2013-12",
            "price": "13.11",
            "revenue": 107609
        },
        "2014-01": {
            "month": "2014-01",
            "price": "14.01",
            "revenue": 36252
        },
        "2014-02": {
            "month": "2014-02",
            "price": "14.29",
            "revenue": 30691
        },
        "2014-03": {
            "month": "2014-03",
            "price": "14.33",
            "revenue": 39083
        },
        "2014-04": {
            "month": "2014-04",
            "price": "15.81",
            "revenue": 39479
        },
        "2014-05": {
            "month": "2014-05",
            "price": "15.49",
            "revenue": 42935
        },
        "2014-06": {
            "month": "2014-06",
            "price": "16.05",
            "revenue": 41639
        },
        "2014-07": {
            "month": "2014-07",
            "price": "15.22",
            "revenue": 44260
        },
        "2014-08": {
            "month": "2014-08",
            "price": "15.12",
            "revenue": 49748
        },
        "2014-09": {
            "month": "2014-09",
            "price": "15.29",
            "revenue": 60224
        },
        "2014-10": {
            "month": "2014-10",
            "price": "15.13",
            "revenue": 50557
        },
        "2014-11": {
            "month": "2014-11",
            "price": "18.28",
            "revenue": 54509
        },
        "2014-12": {
            "month": "2014-12",
            "price": "23.56",
            "revenue": 111217
        },
        "2015-01": {
            "month": "2015-01",
            "price": "21.09",
            "revenue": 35304
        },
        "2015-02": {
            "month": "2015-02",
            "price": "19.00",
            "revenue": 33751
        },
        "2015-03": {
            "month": "2015-03",
            "price": "21.60",
            "revenue": 42292
        },
        "2015-04": {
            "month": "2015-04",
            "price": "24.78",
            "revenue": 43894
        },
        "2015-05": {
            "month": "2015-05",
            "price": "21.21",
            "revenue": 43789
        },
        "2015-06": {
            "month": "2015-06",
            "price": "21.29",
            "revenue": 55147
        },
        "2015-07": {
            "month": "2015-07",
            "price": "20.52",
            "revenue": 53544
        },
        "2015-08": {
            "month": "2015-08",
            "price": "19.15",
            "revenue": 51829
        },
        "2015-09": {
            "month": "2015-09",
            "price": "18.64",
            "revenue": 60276
        },
        "2015-10": {
            "month": "2015-10",
            "price": "18.26",
            "revenue": 59442
        },
        "2015-11": {
            "month": "2015-11",
            "price": "18.97",
            "revenue": 56847
        },
        "2015-12": {
            "month": "2015-12",
            "price": "19.38",
            "revenue": 122239
        },
        "2016-01": {
            "month": "2016-01",
            "price": "18.96",
            "revenue": 42260
        },
        "2016-02": {
            "month": "2016-02",
            "price": "19.17",
            "revenue": 36077
        },
        "2016-03": {
            "month": "2016-03",
            "price": "20.00",
            "revenue": 45944
        },
        "2016-04": {
            "month": "2016-04",
            "price": "21.04",
            "revenue": 36669
        },
        "2016-05": {
            "month": "2016-05",
            "price": "19.91",
            "revenue": 56073
        },
        "2016-06": {
            "month": "2016-06",
            "price": "19.62",
            "revenue": 52251
        },
        "2016-07": {
            "month": "2016-07",
            "price": "19.09",
            "revenue": 59651
        },
        "2016-08": {
            "month": "2016-08",
            "price": "18.52",
            "revenue": 53649
        },
        "2016-09": {
            "month": "2016-09",
            "price": "18.32",
            "revenue": 56044
        },
        "2016-10": {
            "month": "2016-10",
            "price": "17.40",
            "revenue": 54003
        },
        "2016-11": {
            "month": "2016-11",
            "price": "17.16",
            "revenue": 71097
        },
        "2016-12": {
            "month": "2016-12",
            "price": "16.97",
            "revenue": 110406
        },
        "2017-01": {
            "month": "2017-01",
            "price": "17.96",
            "revenue": 34799
        },
        "2017-02": {
            "month": "2017-02",
            "price": "18.74",
            "revenue": 40252
        },
        "2017-03": {
            "month": "2017-03",
            "price": "22.93",
            "revenue": 43277
        },
        "2017-04": {
            "month": "2017-04",
            "price": "23.51",
            "revenue": 44996
        },
        "2017-05": {
            "month": "2017-05",
            "price": "23.78",
            "revenue": 48729
        },
        "2017-06": {
            "month": "2017-06",
            "price": "26.10",
            "revenue": 64028
        },
        "2017-07": {
            "month": "2017-07",
            "price": "25.90",
            "revenue": 69851
        },
        "2017-08": {
            "month": "2017-08",
            "price": "24.70",
            "revenue": 62716
        },
        "2017-09": {
            "month": "2017-09",
            "price": "24.77",
            "revenue": 57485
        },
        "2017-10": {
            "month": "2017-10",
            "price": "24.65",
            "revenue": 55959
        },
        "2017-11": {
            "month": "2017-11",
            "price": "24.28",
            "revenue": 65789
        },
        "2017-12": {
            "month": "2017-12",
            "price": "26.02",
            "revenue": 113713
        },
        "2018-01": {
            "month": "2018-01",
            "price": "25.70",
            "revenue": 44089
        },
        "2018-02": {
            "month": "2018-02",
            "price": "24.95",
            "revenue": 36404
        },
        "2018-03": {
            "month": "2018-03",
            "price": "24.38",
            "revenue": 52109
        },
        "2018-04": {
            "month": "2018-04",
            "price": "24.56",
            "revenue": 50586
        },
        "2018-05": {
            "month": "2018-05",
            "price": "24.89",
            "revenue": 52920
        },
        "2018-06": {
            "month": "2018-06",
            "price": "23.94",
            "revenue": 66411
        },
        "2018-07": {
            "month": "2018-07",
            "price": "23.05",
            "revenue": 75305
        },
        "2018-08": {
            "month": "2018-08",
            "price": "23.09",
            "revenue": 67105
        },
        "2018-09": {
            "month": "2018-09",
            "price": "23.10",
            "revenue": 64207
        },
        "2018-10": {
            "month": "2018-10",
            "price": "22.86",
            "revenue": 78179
        },
        "2018-11": {
            "month": "2018-11",
            "price": "23.85",
            "revenue": 72952
        },
        "2018-12": {
            "month": "2018-12",
            "price": "24.81",
            "revenue": 125526
        },
        "2019-01": {
            "month": "2019-01",
            "price": "25.08",
            "revenue": 57604
        },
        "2019-02": {
            "month": "2019-02",
            "price": "25.52",
            "revenue": 49619
        },
        "2019-03": {
            "month": "2019-03",
            "price": "28.07",
            "revenue": 70002
        },
        "2019-04": {
            "month": "2019-04",
            "price": "30.77",
            "revenue": 54647
        },
        "2019-05": {
            "month": "2019-05",
            "price": "29.81",
            "revenue": 62461
        },
        "2019-06": {
            "month": "2019-06",
            "price": "28.68",
            "revenue": 85893
        },
        "2019-07": {
            "month": "2019-07",
            "price": "28.86",
            "revenue": 76349
        },
        "2019-08": {
            "month": "2019-08",
            "price": "28.66",
            "revenue": 72646
        },
        "2019-09": {
            "month": "2019-09",
            "price": "30.71",
            "revenue": 78737
        },
        "2019-10": {
            "month": "2019-10",
            "price": "31.72",
            "revenue": 88180
        },
        "2019-11": {
            "month": "2019-11",
            "price": "32.76",
            "revenue": 84530
        },
        "2019-12": {
            "month": "2019-12",
            "price": "33.94",
            "revenue": 143911
        },
        "2020-01": {
            "month": "2020-01",
            "price": "38.03",
            "revenue": 47344
        },
        "2020-02": {
            "month": "2020-02",
            "price": "48.47",
            "revenue": 55433
        },
        "2020-03": {
            "month": "2020-03",
            "price": "49.94",
            "revenue": 66774
        },
        "2020-04": {
            "month": "2020-04",
            "price": "58.46",
            "revenue": 64024
        },
        "2020-05": {
            "month": "2020-05",
            "price": "50.06",
            "revenue": 61412
        },
        "2020-06": {
            "month": "2020-06",
            "price": "48.78",
            "revenue": 86073
        },
        "2020-07": {
            "month": "2020-07",
            "price": "49.15",
            "revenue": 92701
        },
        "2020-08": {
            "month": "2020-08",
            "price": "46.57",
            "revenue": 82264
        },
        "2020-09": {
            "month": "2020-09",
            "price": "43.90",
            "revenue": 111990
        },
        "2020-10": {
            "month": "2020-10",
            "price": "44.29",
            "revenue": 92245
        },
        "2020-11": {
            "month": "2020-11",
            "price": "49.22",
            "revenue": 104188
        },
        "2020-12": {
            "month": "2020-12",
            "price": "52.04",
            "revenue": 150627
        },
        "2021-01": {
            "month": "2021-01",
            "price": "52.76",
            "revenue": 74602
        },
        "2021-02": {
            "month": "2021-02",
            "price": "55.62",
            "revenue": 67632
        },
        "2021-03": {
            "month": "2021-03",
            "price": "58.95",
            "revenue": 64364
        },
        "2021-04": {
            "month": "2021-04",
            "price": "69.99",
            "revenue": 68538
        },
        "2021-05": {
            "month": "2021-05",
            "price": "58.10",
            "revenue": 63554
        },
        "2021-06": {
            "month": "2021-06",
            "price": "57.77",
            "revenue": 85370
        },
        "2021-07": {
            "month": "2021-07",
            "price": "57.02",
            "revenue": 87552
        },
        "2021-08": {
            "month": "2021-08",
            "price": "55.63",
            "revenue": 86639
        },
        "2021-09": {
            "month": "2021-09",
            "price": "50.80",
            "revenue": 75731
        },
        "2021-10": {
            "month": "2021-10",
            "price": "47.66",
            "revenue": 78506
        },
        "2021-11": {
            "month": "2021-11",
            "price": "47.17",
            "revenue": 81079
        },
        "2021-12": {
            "month": "2021-12",
            "price": "46.66",
            "revenue": 172175
        },
        "2022-01": {
            "month": "2022-01",
            "price": "47.41",
            "revenue": 46505
        },
        "2022-02": {
            "month": "2022-02",
            "price": "48.36",
            "revenue": 47810
        },
        "2022-03": {
            "month": "2022-03",
            "price": "48.89",
            "revenue": 70152
        },
        "2022-04": {
            "month": "2022-04",
            "price": "47.33",
            "revenue": 52226
        },
        "2022-05": {
            "month": "2022-05",
            "price": "46.29",
            "revenue": 62610
        },
        "2022-06": {
            "month": "2022-06",
            "price": "46.71",
            "revenue": 85103
        },
        "2022-07": {
            "month": "2022-07",
            "price": "45.85",
            "revenue": 86951
        },
        "2022-08": {
            "month": "2022-08",
            "price": "40.51",
            "revenue": 77346
        },
        "2022-09": {
            "month": "2022-09",
            "price": "38.31",
            "revenue": 87622
        },
        "2022-10": {
            "month": "2022-10",
            "price": "36.19",
            "revenue": 71471
        },
        "2022-11": {
            "month": "2022-11",
            "price": "35.59",
            "revenue": 94798
        },
        "2022-12": {
            "month": "2022-12",
            "price": "37.15",
            "revenue": 198337
        },
        "2023-01": {
            "month": "2023-01",
            "price": "40.04",
            "revenue": 45495
        },
        "2023-02": {
            "month": "2023-02",
            "price": "47.57",
            "revenue": 49398
        },
        "2023-03": {
            "month": "2023-03",
            "price": "51.09",
            "revenue": 53570
        },
        "2023-04": {
            "month": "2023-04",
            "price": "49.40",
            "revenue": 72602
        },
        "2023-05": {
            "month": "2023-05",
            "price": "48.24",
            "revenue": 81672
        }
    }
}
