{
    "summary": {
        "stock_name": "亞昕",
        "stock_id": "5213",
        "category": "建材營造",
        "main_business": "住宅及大樓開發租售",
        "website_url": "http://www.yeashin.com.tw",
        "ceo": "姚政岳",
        "pe_ratio": 32,
        "report_year_from": 2001,
        "report_year_to": 2023,
        "age": 23,
        "eps_negative_percentage": 9,
        "eps_growth_avg": {
            "last_all": 1.75,
            "last_2y": -10.8,
            "last_4y": -3.18,
            "last_8y": 6.1,
            "last_12y": -1.93,
            "last_16y": 4.54,
            "last_20y": -0.64,
            "at_2006_last_3y": -44.66,
            "at_2007_last_3y": -55.05,
            "at_2008_last_3y": -34.2,
            "at_2009_last_3y": 10.54,
            "at_2010_last_3y": 25.57,
            "at_2011_last_3y": 20.06,
            "at_2012_last_3y": 26.19,
            "at_2013_last_3y": 12.63,
            "at_2014_last_3y": -20.01,
            "at_2015_last_3y": -3.45,
            "at_2016_last_3y": -8.34,
            "at_2017_last_3y": 4.33,
            "at_2018_last_3y": 17.7,
            "at_2019_last_3y": -11.69,
            "at_2020_last_3y": 26.64,
            "at_2021_last_3y": -11.95,
            "at_2022_last_3y": -13.07,
            "at_2023_last_3y": 16.9,
            "at_2024_last_3y": 16.9,
            "at_2006_last_all": -14.06,
            "at_2007_last_all": -13.07,
            "at_2008_last_all": -22.11,
            "at_2009_last_all": -1.76,
            "at_2010_last_all": 8.59,
            "at_2011_last_all": 3.49,
            "at_2012_last_all": -0.65,
            "at_2013_last_all": 3.99,
            "at_2014_last_all": -1.81,
            "at_2015_last_all": 1.18,
            "at_2016_last_all": -3.01,
            "at_2017_last_all": 4.09,
            "at_2018_last_all": 3.39,
            "at_2019_last_all": -2.04,
            "at_2020_last_all": 3.96,
            "at_2021_last_all": 0.52,
            "at_2022_last_all": -0.07,
            "at_2023_last_all": 1.75,
            "at_2024_last_all": 1.75
        },
        "latest_eps": 1.11,
        "latest_price": 35.95,
        "latest_roe": 4.91,
        "latest_gross_margin": 34.89,
        "latest_equity": 11182278,
        "latest_revenue": 2343163,
        "latest_gross_profit": 817426,
        "latest_net_income": 550007,
        "latest_debt_ratio": 79.44,
        "latest_current_ratio": 143.84,
        "latest_account_receivable_turnover_ratio": 14.92,
        "latest_inventory_turnover_ratio": 0.04,
        "latest_reinvestment_rate": -13.87,
        "latest_research_to_sale_ratio": null
    },
    "eps_dividends": {
        "2001": {
            "cash": 0,
            "stock": 3,
            "eps": 0.7
        },
        "2002": {
            "cash": 0,
            "stock": 1,
            "eps": 1.03
        },
        "2003": {
            "cash": 0,
            "stock": 0.5,
            "eps": 1.14
        },
        "2004": {
            "cash": 0.21,
            "stock": 0.52,
            "eps": -2.93
        },
        "2005": {
            "cash": 0,
            "stock": 0,
            "eps": -4.62
        },
        "2006": {
            "cash": 0,
            "stock": 0,
            "eps": 3.76
        },
        "2007": {
            "cash": 0,
            "stock": 0,
            "eps": 3.38
        },
        "2008": {
            "cash": 0,
            "stock": 2.5,
            "eps": 1.41
        },
        "2009": {
            "cash": 0,
            "stock": 1.01,
            "eps": 3.99
        },
        "2010": {
            "cash": 0,
            "stock": 2.7,
            "eps": 6.81
        },
        "2011": {
            "cash": 0.7,
            "stock": 4,
            "eps": 4.62
        },
        "2012": {
            "cash": 1.25,
            "stock": 1.25,
            "eps": 3.06
        },
        "2013": {
            "cash": 0.6,
            "stock": 0.8,
            "eps": 4.46
        },
        "2014": {
            "cash": 1.25,
            "stock": 0.25,
            "eps": 1.79
        },
        "2015": {
            "cash": 1.1,
            "stock": 0,
            "eps": 2.4
        },
        "2016": {
            "cash": 1.2,
            "stock": 0,
            "eps": 1.12
        },
        "2017": {
            "cash": 0.5,
            "stock": 0,
            "eps": 2.2
        },
        "2018": {
            "cash": 1,
            "stock": 0,
            "eps": 2.06
        },
        "2019": {
            "cash": 2,
            "stock": 0,
            "eps": 0.34
        },
        "2020": {
            "cash": 0,
            "stock": 0,
            "eps": 1.76
        },
        "2021": {
            "cash": 2,
            "stock": 0,
            "eps": 0.74
        },
        "2022": {
            "cash": 1,
            "stock": 1,
            "eps": 0.66
        },
        "2023": {
            "cash": 0.73,
            "stock": 0.7,
            "eps": 0.9
        },
        "2024": {
            "cash": 1.65,
            "stock": 0.6,
            "eps": 0
        }
    },
    "dividends": {
        "2001-04-25": {
            "cash": 0,
            "stock": 3
        },
        "2002-05-22": {
            "cash": 0,
            "stock": 1
        },
        "2003-06-27": {
            "cash": 0,
            "stock": 0.5
        },
        "2004-03-19": {
            "cash": 0.21,
            "stock": 0.52
        },
        "2008-04-14": {
            "cash": 0,
            "stock": 2.5
        },
        "2009-04-28": {
            "cash": 0,
            "stock": 1.01
        },
        "2010-03-30": {
            "cash": 0,
            "stock": 2.7
        },
        "2011-04-25": {
            "cash": 0.7,
            "stock": 4
        },
        "2012-06-18": {
            "cash": 1.25,
            "stock": 1.25
        },
        "2013-06-19": {
            "cash": 0.6,
            "stock": 0.8
        },
        "2014-08-22": {
            "cash": 1.25,
            "stock": 0.25
        },
        "2015-08-31": {
            "cash": 1.1,
            "stock": 0
        },
        "2016-08-10": {
            "cash": 1.2,
            "stock": 0
        },
        "2017-08-18": {
            "cash": 0.5,
            "stock": 0
        },
        "2018-08-10": {
            "cash": 1,
            "stock": 0
        },
        "2019-07-19": {
            "cash": 2,
            "stock": 0
        },
        "2021-08-17": {
            "cash": 2,
            "stock": 0
        },
        "2022-07-25": {
            "cash": 1,
            "stock": 1
        },
        "2023-08-15": {
            "cash": 0.73,
            "stock": 0.7
        },
        "2024-03-05": {
            "cash": 1.65,
            "stock": 0.6
        }
    },
    "prices": {
        "200101": "無",
        "200102": "無",
        "200103": "無",
        "200104": "無",
        "200105": "無",
        "200106": "無",
        "200107": "無",
        "200108": "無",
        "200109": "無",
        "200110": "無",
        "200111": "無",
        "200112": "無",
        "200201": "無",
        "200202": "無",
        "200203": "無",
        "200204": "無",
        "200205": "無",
        "200206": "無",
        "200207": "無",
        "200208": "無",
        "200209": "無",
        "200210": "無",
        "200211": "無",
        "200212": "無",
        "200301": "無",
        "200302": "無",
        "200303": "無",
        "200304": "16.64",
        "200305": "14.49",
        "200306": "17.34",
        "200307": "17.40",
        "200308": "14.75",
        "200309": "13.90",
        "200310": "13.77",
        "200311": "13.62",
        "200312": "15.09",
        "200401": "15.49",
        "200402": "15.88",
        "200403": "15.12",
        "200404": "14.75",
        "200405": "14.90",
        "200406": "13.99",
        "200407": "9.20",
        "200408": "8.15",
        "200409": "6.86",
        "200410": "5.90",
        "200411": "5.50",
        "200412": "4.10",
        "200501": "4.00",
        "200502": "3.99",
        "200503": "4.24",
        "200504": "3.84",
        "200505": "3.63",
        "200506": "4.16",
        "200507": "4.33",
        "200508": "4.03",
        "200509": "3.51",
        "200510": "4.16",
        "200511": "4.34",
        "200512": "4.12",
        "200601": "5.46",
        "200602": "5.13",
        "200603": "4.77",
        "200604": "4.14",
        "200605": "4.33",
        "200606": "4.05",
        "200607": "4.53",
        "200608": "4.61",
        "200609": "6.63",
        "200610": "17.86",
        "200611": "24.66",
        "200612": "25.97",
        "200701": "29.37",
        "200702": "26.96",
        "200703": "28.89",
        "200704": "26.48",
        "200705": "26.02",
        "200706": "25.67",
        "200707": "26.05",
        "200708": "24.66",
        "200709": "24.48",
        "200710": "27.55",
        "200711": "22.62",
        "200712": "18.02",
        "200801": "18.53",
        "200802": "19.11",
        "200803": "19.04",
        "200804": "24.77",
        "200805": "26.08",
        "200806": "24.76",
        "200807": "20.12",
        "200808": "15.74",
        "200809": "10.39",
        "200810": "8.03",
        "200811": "6.56",
        "200812": "6.66",
        "200901": "6.82",
        "200902": "6.51",
        "200903": "7.31",
        "200904": "10.38",
        "200905": "12.75",
        "200906": "15.74",
        "200907": "33.12",
        "200908": "26.58",
        "200909": "28.71",
        "200910": "35.50",
        "200911": "34.12",
        "200912": "30.82",
        "201001": "34.27",
        "201002": "33.26",
        "201003": "34.23",
        "201004": "36.47",
        "201005": "36.04",
        "201006": "35.12",
        "201007": "35.10",
        "201008": "31.98",
        "201009": "33.66",
        "201010": "32.81",
        "201011": "34.17",
        "201012": "36.49",
        "201101": "41.29",
        "201102": "39.05",
        "201103": "34.63",
        "201104": "37.18",
        "201105": "39.43",
        "201106": "39.74",
        "201107": "42.88",
        "201108": "38.71",
        "201109": "33.54",
        "201110": "24.15",
        "201111": "22.24",
        "201112": "21.15",
        "201201": "20.54",
        "201202": "23.34",
        "201203": "25.63",
        "201204": "23.57",
        "201205": "23.75",
        "201206": "23.08",
        "201207": "23.25",
        "201208": "22.87",
        "201209": "25.76",
        "201210": "23.34",
        "201211": "21.46",
        "201212": "21.81",
        "201301": "25.12",
        "201302": "25.04",
        "201303": "24.96",
        "201304": "26.65",
        "201305": "27.28",
        "201306": "25.99",
        "201307": "25.55",
        "201308": "24.30",
        "201309": "23.29",
        "201310": "22.95",
        "201311": "24.10",
        "201312": "24.21",
        "201401": "23.36",
        "201402": "23.61",
        "201403": "22.99",
        "201404": "22.50",
        "201405": "20.90",
        "201406": "20.31",
        "201407": "19.96",
        "201408": "18.43",
        "201409": "17.76",
        "201410": "17.12",
        "201411": "17.04",
        "201412": "18.71",
        "201501": "17.96",
        "201502": "18.23",
        "201503": "17.96",
        "201504": "18.16",
        "201505": "18.04",
        "201506": "17.44",
        "201507": "16.96",
        "201508": "15.69",
        "201509": "16.17",
        "201510": "15.83",
        "201511": "15.11",
        "201512": "15.01",
        "201601": "14.57",
        "201602": "14.34",
        "201603": "14.90",
        "201604": "14.99",
        "201605": "14.18",
        "201606": "14.10",
        "201607": "13.91",
        "201608": "13.57",
        "201609": "13.75",
        "201610": "13.07",
        "201611": "12.86",
        "201612": "13.00",
        "201701": "12.95",
        "201702": "13.63",
        "201703": "14.05",
        "201704": "13.90",
        "201705": "13.91",
        "201706": "13.87",
        "201707": "14.08",
        "201708": "13.98",
        "201709": "14.80",
        "201710": "15.67",
        "201711": "16.84",
        "201712": "17.01",
        "201801": "18.48",
        "201802": "16.94",
        "201803": "17.07",
        "201804": "18.36",
        "201805": "18.32",
        "201806": "22.81",
        "201807": "20.76",
        "201808": "19.19",
        "201809": "18.30",
        "201810": "16.77",
        "201811": "15.32",
        "201812": "16.22",
        "201901": "15.65",
        "201902": "16.03",
        "201903": "19.54",
        "201904": "19.50",
        "201905": "18.80",
        "201906": "18.80",
        "201907": "16.84",
        "201908": "17.29",
        "201909": "17.48",
        "201910": "17.01",
        "201911": "17.06",
        "201912": "17.54",
        "202001": "18.20",
        "202002": "16.34",
        "202003": "14.53",
        "202004": "14.51",
        "202005": "14.88",
        "202006": "14.92",
        "202007": "14.98",
        "202008": "14.93",
        "202009": "14.96",
        "202010": "15.22",
        "202011": "16.25",
        "202012": "16.85",
        "202101": "16.63",
        "202102": "17.25",
        "202103": "21.42",
        "202104": "23.77",
        "202105": "23.04",
        "202106": "22.48",
        "202107": "23.07",
        "202108": "20.25",
        "202109": "20.58",
        "202110": "20.84",
        "202111": "22.08",
        "202112": "22.92",
        "202201": "22.62",
        "202202": "22.91",
        "202203": "23.84",
        "202204": "23.87",
        "202205": "23.35",
        "202206": "23.36",
        "202207": "22.60",
        "202208": "22.15",
        "202209": "22.17",
        "202210": "21.54",
        "202211": "22.45",
        "202212": "22.31",
        "202301": "21.83",
        "202302": "23.14",
        "202303": "24.17",
        "202304": "26.89",
        "202305": "27.13",
        "202306": "26.84",
        "202307": "25.07",
        "202308": "25.65",
        "202309": "26.19",
        "202310": "26.24",
        "202311": "29.30",
        "202312": "33.92"
    },
    "quarters": {
        "20011": {
            "year_quarter": 20011,
            "year": 2001,
            "quarter": 1,
            "eps": null,
            "eps_growth_year": null,
            "eps_4q": null,
            "eps_4q_growth_year": null,
            "roe": null,
            "roe_4q": 0,
            "gross_profit": null,
            "gross_margin": null,
            "gross_margin_4q_avg": 0,
            "net_income": null,
            "net_income_4q": null,
            "revenue": null,
            "revenue_4q": null,
            "common_shares": null,
            "book_valuer_per_share": null,
            "book_valuer_per_share_4q_avg": 0,
            "equity": null,
            "current_ratio": null,
            "debt_ratio": null,
            "inventory_turnover_ratio": null,
            "account_receivable_turnover_ratio": null,
            "reinvestment_rate": null,
            "research_to_sale_ratio": null,
            "price_fair": 0,
            "eps_avg_yearly": 0,
            "eps_latest_yearly": 0,
            "eps_growth_yearly": 0
        },
        "20012": {
            "year_quarter": 20012,
            "year": 2001,
            "quarter": 2,
            "eps": null,
            "eps_growth_year": null,
            "eps_4q": null,
            "eps_4q_growth_year": null,
            "roe": null,
            "roe_4q": 0,
            "gross_profit": null,
            "gross_margin": null,
            "gross_margin_4q_avg": 0,
            "net_income": null,
            "net_income_4q": null,
            "revenue": null,
            "revenue_4q": null,
            "common_shares": null,
            "book_valuer_per_share": null,
            "book_valuer_per_share_4q_avg": 0,
            "equity": null,
            "current_ratio": null,
            "debt_ratio": null,
            "inventory_turnover_ratio": null,
            "account_receivable_turnover_ratio": null,
            "reinvestment_rate": null,
            "research_to_sale_ratio": null,
            "price_fair": 0,
            "eps_avg_yearly": 0,
            "eps_latest_yearly": 0,
            "eps_growth_yearly": 0
        },
        "20013": {
            "year_quarter": 20013,
            "year": 2001,
            "quarter": 3,
            "eps": -0.02,
            "eps_growth_year": null,
            "eps_4q": null,
            "eps_4q_growth_year": null,
            "roe": -0.18,
            "roe_4q": -0.18,
            "gross_profit": 10158,
            "gross_margin": 32.16,
            "gross_margin_4q_avg": 10.72,
            "net_income": -648,
            "net_income_4q": null,
            "revenue": 31590,
            "revenue_4q": null,
            "common_shares": 320000,
            "book_valuer_per_share": 11.01,
            "book_valuer_per_share_4q_avg": 3.67,
            "equity": 352307,
            "current_ratio": 298.9,
            "debt_ratio": 15.76,
            "inventory_turnover_ratio": 28.73,
            "account_receivable_turnover_ratio": null,
            "reinvestment_rate": null,
            "research_to_sale_ratio": null,
            "price_fair": 0,
            "eps_avg_yearly": 0,
            "eps_latest_yearly": 0,
            "eps_growth_yearly": 0
        },
        "20014": {
            "year_quarter": 20014,
            "year": 2001,
            "quarter": 4,
            "eps": 0.72,
            "eps_growth_year": null,
            "eps_4q": null,
            "eps_4q_growth_year": null,
            "roe": 5.37,
            "roe_4q": 5.19,
            "gross_profit": 37195,
            "gross_margin": 23.93,
            "gross_margin_4q_avg": 14.02,
            "net_income": 19448,
            "net_income_4q": null,
            "revenue": 155447,
            "revenue_4q": null,
            "common_shares": 320000,
            "book_valuer_per_share": 11.62,
            "book_valuer_per_share_4q_avg": 5.66,
            "equity": 371755,
            "current_ratio": 221.19,
            "debt_ratio": 24.64,
            "inventory_turnover_ratio": 67.79,
            "account_receivable_turnover_ratio": null,
            "reinvestment_rate": null,
            "research_to_sale_ratio": null,
            "price_fair": 0,
            "eps_avg_yearly": 0,
            "eps_latest_yearly": 0,
            "eps_growth_yearly": 0
        },
        "20021": {
            "year_quarter": 20021,
            "year": 2002,
            "quarter": 1,
            "eps": 0.04,
            "eps_growth_year": null,
            "eps_4q": null,
            "eps_4q_growth_year": null,
            "roe": 0.33,
            "roe_4q": 5.5200000000000005,
            "gross_profit": 12100,
            "gross_margin": 36.35,
            "gross_margin_4q_avg": 23.11,
            "net_income": 1236,
            "net_income_4q": null,
            "revenue": 33287,
            "revenue_4q": null,
            "common_shares": 320000,
            "book_valuer_per_share": 11.66,
            "book_valuer_per_share_4q_avg": 8.57,
            "equity": 372991,
            "current_ratio": 354.28,
            "debt_ratio": 13.61,
            "inventory_turnover_ratio": 3.48,
            "account_receivable_turnover_ratio": null,
            "reinvestment_rate": null,
            "research_to_sale_ratio": null,
            "price_fair": 0.48,
            "eps_avg_yearly": 0.16,
            "eps_latest_yearly": 0.16,
            "eps_growth_yearly": -377.78
        },
        "20022": {
            "year_quarter": 20022,
            "year": 2002,
            "quarter": 2,
            "eps": 0.23,
            "eps_growth_year": null,
            "eps_4q": 0.81,
            "eps_4q_growth_year": null,
            "roe": 2.12,
            "roe_4q": 7.640000000000001,
            "gross_profit": 18598,
            "gross_margin": 26.55,
            "gross_margin_4q_avg": 29.75,
            "net_income": 7977,
            "net_income_4q": null,
            "revenue": 70043,
            "revenue_4q": null,
            "common_shares": 353000,
            "book_valuer_per_share": 10.76,
            "book_valuer_per_share_4q_avg": 11.26,
            "equity": 379693,
            "current_ratio": 334.41,
            "debt_ratio": 15.14,
            "inventory_turnover_ratio": 5.46,
            "account_receivable_turnover_ratio": null,
            "reinvestment_rate": null,
            "research_to_sale_ratio": null,
            "price_fair": 18.9,
            "eps_avg_yearly": 0.54,
            "eps_latest_yearly": 0.92,
            "eps_growth_yearly": 761.11
        },
        "20023": {
            "year_quarter": 20023,
            "year": 2002,
            "quarter": 3,
            "eps": 0.23,
            "eps_growth_year": null,
            "eps_4q": 1.05,
            "eps_4q_growth_year": null,
            "roe": 2.08,
            "roe_4q": 9.9,
            "gross_profit": 22667,
            "gross_margin": 25.22,
            "gross_margin_4q_avg": 28.01,
            "net_income": 7998,
            "net_income_4q": null,
            "revenue": 89894,
            "revenue_4q": null,
            "common_shares": 353000,
            "book_valuer_per_share": 11.02,
            "book_valuer_per_share_4q_avg": 11.27,
            "equity": 389059,
            "current_ratio": 321.49,
            "debt_ratio": 16.21,
            "inventory_turnover_ratio": 12.07,
            "account_receivable_turnover_ratio": null,
            "reinvestment_rate": null,
            "research_to_sale_ratio": null,
            "price_fair": 23.33,
            "eps_avg_yearly": 0.67,
            "eps_latest_yearly": 0.92,
            "eps_growth_yearly": 507.41
        },
        "20024": {
            "year_quarter": 20024,
            "year": 2002,
            "quarter": 4,
            "eps": 0.53,
            "eps_growth_year": -26.39,
            "eps_4q": 1.02,
            "eps_4q_growth_year": null,
            "roe": 4.68,
            "roe_4q": 9.209999999999999,
            "gross_profit": 35731,
            "gross_margin": 29.35,
            "gross_margin_4q_avg": 29.37,
            "net_income": 18605,
            "net_income_4q": null,
            "revenue": 121734,
            "revenue_4q": null,
            "common_shares": 353000,
            "book_valuer_per_share": 11.49,
            "book_valuer_per_share_4q_avg": 11.23,
            "equity": 405523,
            "current_ratio": 263.48,
            "debt_ratio": 21.1,
            "inventory_turnover_ratio": 52.14,
            "account_receivable_turnover_ratio": null,
            "reinvestment_rate": null,
            "research_to_sale_ratio": null,
            "price_fair": 36.05,
            "eps_avg_yearly": 1.03,
            "eps_latest_yearly": 2.12,
            "eps_growth_yearly": 510.99
        },
        "20031": {
            "year_quarter": 20031,
            "year": 2003,
            "quarter": 1,
            "eps": 0,
            "eps_growth_year": -100,
            "eps_4q": 0.98,
            "eps_4q_growth_year": null,
            "roe": 0.02,
            "roe_4q": 8.899999999999999,
            "gross_profit": 15054,
            "gross_margin": 18.07,
            "gross_margin_4q_avg": 24.8,
            "net_income": 72,
            "net_income_4q": null,
            "revenue": 83299,
            "revenue_4q": null,
            "common_shares": 353000,
            "book_valuer_per_share": 11.49,
            "book_valuer_per_share_4q_avg": 11.19,
            "equity": 405589,
            "current_ratio": 311.02,
            "debt_ratio": 17.34,
            "inventory_turnover_ratio": 16.74,
            "account_receivable_turnover_ratio": null,
            "reinvestment_rate": null,
            "research_to_sale_ratio": null,
            "price_fair": 36.05,
            "eps_avg_yearly": 1.03,
            "eps_latest_yearly": 2.12,
            "eps_growth_yearly": 510.99
        },
        "20032": {
            "year_quarter": 20032,
            "year": 2003,
            "quarter": 2,
            "eps": 0.05,
            "eps_growth_year": -78.26,
            "eps_4q": 0.79,
            "eps_4q_growth_year": -2.32,
            "roe": 0.46,
            "roe_4q": 7.24,
            "gross_profit": 14326,
            "gross_margin": 22.98,
            "gross_margin_4q_avg": 23.91,
            "net_income": 1805,
            "net_income_4q": null,
            "revenue": 62348,
            "revenue_4q": null,
            "common_shares": 353000,
            "book_valuer_per_share": 10.91,
            "book_valuer_per_share_4q_avg": 11.23,
            "equity": 385071,
            "current_ratio": 195.39,
            "debt_ratio": 29.56,
            "inventory_turnover_ratio": 7.3,
            "account_receivable_turnover_ratio": null,
            "reinvestment_rate": null,
            "research_to_sale_ratio": null,
            "price_fair": 36.05,
            "eps_avg_yearly": 1.03,
            "eps_latest_yearly": 2.12,
            "eps_growth_yearly": 510.99
        },
        "20033": {
            "year_quarter": 20033,
            "year": 2003,
            "quarter": 3,
            "eps": 0.01,
            "eps_growth_year": -95.65,
            "eps_4q": 0.56,
            "eps_4q_growth_year": -46.99,
            "roe": 0.06,
            "roe_4q": 5.22,
            "gross_profit": 14899,
            "gross_margin": 25.57,
            "gross_margin_4q_avg": 23.99,
            "net_income": 232,
            "net_income_4q": null,
            "revenue": 58273,
            "revenue_4q": null,
            "common_shares": 370650,
            "book_valuer_per_share": 10.37,
            "book_valuer_per_share_4q_avg": 11.07,
            "equity": 384455,
            "current_ratio": 219.85,
            "debt_ratio": 24.14,
            "inventory_turnover_ratio": 6.6,
            "account_receivable_turnover_ratio": null,
            "reinvestment_rate": null,
            "research_to_sale_ratio": null,
            "price_fair": 29.12,
            "eps_avg_yearly": 0.83,
            "eps_latest_yearly": 0.04,
            "eps_growth_yearly": 344.79
        },
        "20034": {
            "year_quarter": 20034,
            "year": 2003,
            "quarter": 4,
            "eps": 1.08,
            "eps_growth_year": 103.77,
            "eps_4q": 1.14,
            "eps_4q_growth_year": 11.43,
            "roe": 10.04,
            "roe_4q": 10.58,
            "gross_profit": 64593,
            "gross_margin": 30.62,
            "gross_margin_4q_avg": 24.31,
            "net_income": 40024,
            "net_income_4q": null,
            "revenue": 210925,
            "revenue_4q": null,
            "common_shares": 370650,
            "book_valuer_per_share": 11.14,
            "book_valuer_per_share_4q_avg": 10.98,
            "equity": 412942,
            "current_ratio": 183.85,
            "debt_ratio": 34.19,
            "inventory_turnover_ratio": 35.12,
            "account_receivable_turnover_ratio": null,
            "reinvestment_rate": null,
            "research_to_sale_ratio": null,
            "price_fair": 49.47,
            "eps_avg_yearly": 1.41,
            "eps_latest_yearly": 4.32,
            "eps_growth_yearly": 7420.66
        },
        "20041": {
            "year_quarter": 20041,
            "year": 2004,
            "quarter": 1,
            "eps": -0.2,
            "eps_growth_year": null,
            "eps_4q": 0.94,
            "eps_4q_growth_year": -4.19,
            "roe": -1.78,
            "roe_4q": 8.780000000000001,
            "gross_profit": 6975,
            "gross_margin": 10.12,
            "gross_margin_4q_avg": 22.32,
            "net_income": -7376,
            "net_income_4q": null,
            "revenue": 68894,
            "revenue_4q": null,
            "common_shares": 370650,
            "book_valuer_per_share": 11.18,
            "book_valuer_per_share_4q_avg": 10.9,
            "equity": 414567,
            "current_ratio": 404.36,
            "debt_ratio": 44.03,
            "inventory_turnover_ratio": 12.7,
            "account_receivable_turnover_ratio": null,
            "reinvestment_rate": null,
            "research_to_sale_ratio": null,
            "price_fair": 49.47,
            "eps_avg_yearly": 1.41,
            "eps_latest_yearly": 4.32,
            "eps_growth_yearly": 7420.66
        },
        "20042": {
            "year_quarter": 20042,
            "year": 2004,
            "quarter": 2,
            "eps": -0.01,
            "eps_growth_year": -120,
            "eps_4q": 0.88,
            "eps_4q_growth_year": 11.11,
            "roe": -0.09,
            "roe_4q": 8.229999999999999,
            "gross_profit": 15806,
            "gross_margin": 9.58,
            "gross_margin_4q_avg": 18.97,
            "net_income": -358,
            "net_income_4q": null,
            "revenue": 164959,
            "revenue_4q": null,
            "common_shares": 371012,
            "book_valuer_per_share": 10.96,
            "book_valuer_per_share_4q_avg": 10.91,
            "equity": 406473,
            "current_ratio": 422.48,
            "debt_ratio": 43.5,
            "inventory_turnover_ratio": 32.28,
            "account_receivable_turnover_ratio": null,
            "reinvestment_rate": null,
            "research_to_sale_ratio": null,
            "price_fair": 49.47,
            "eps_avg_yearly": 1.41,
            "eps_latest_yearly": 4.32,
            "eps_growth_yearly": 7420.66
        },
        "20043": {
            "year_quarter": 20043,
            "year": 2004,
            "quarter": 3,
            "eps": -0.28,
            "eps_growth_year": -2900,
            "eps_4q": 0.58,
            "eps_4q_growth_year": 4.14,
            "roe": -2.73,
            "roe_4q": 5.4399999999999995,
            "gross_profit": 6236,
            "gross_margin": 16.38,
            "gross_margin_4q_avg": 16.68,
            "net_income": -10698,
            "net_income_4q": null,
            "revenue": 38071,
            "revenue_4q": null,
            "common_shares": 371012,
            "book_valuer_per_share": 10.17,
            "book_valuer_per_share_4q_avg": 10.86,
            "equity": 377393,
            "current_ratio": 348.31,
            "debt_ratio": 46.17,
            "inventory_turnover_ratio": 7.16,
            "account_receivable_turnover_ratio": null,
            "reinvestment_rate": null,
            "research_to_sale_ratio": null,
            "price_fair": 49.47,
            "eps_avg_yearly": 1.41,
            "eps_latest_yearly": 4.32,
            "eps_growth_yearly": 7420.66
        },
        "20044": {
            "year_quarter": 20044,
            "year": 2004,
            "quarter": 4,
            "eps": -2.44,
            "eps_growth_year": -325.93,
            "eps_4q": -2.92,
            "eps_4q_growth_year": -356.84,
            "roe": -28.53,
            "roe_4q": -33.13,
            "gross_profit": 14823,
            "gross_margin": 14.49,
            "gross_margin_4q_avg": 12.64,
            "net_income": -93736,
            "net_income_4q": null,
            "revenue": 102304,
            "revenue_4q": null,
            "common_shares": 393166,
            "book_valuer_per_share": 7.12,
            "book_valuer_per_share_4q_avg": 9.86,
            "equity": 279767,
            "current_ratio": 411.08,
            "debt_ratio": 50.13,
            "inventory_turnover_ratio": 12.39,
            "account_receivable_turnover_ratio": null,
            "reinvestment_rate": null,
            "research_to_sale_ratio": null,
            "price_fair": 49.47,
            "eps_avg_yearly": 1.41,
            "eps_latest_yearly": 4.32,
            "eps_growth_yearly": 7420.66
        },
        "20051": {
            "year_quarter": 20051,
            "year": 2005,
            "quarter": 1,
            "eps": -1.42,
            "eps_growth_year": null,
            "eps_4q": -4.2,
            "eps_4q_growth_year": -546.28,
            "roe": -22.13,
            "roe_4q": -53.48,
            "gross_profit": 4130,
            "gross_margin": 18.53,
            "gross_margin_4q_avg": 14.75,
            "net_income": -53581,
            "net_income_4q": null,
            "revenue": 22285,
            "revenue_4q": null,
            "common_shares": 393166,
            "book_valuer_per_share": 5.2,
            "book_valuer_per_share_4q_avg": 8.36,
            "equity": 204551,
            "current_ratio": 496.69,
            "debt_ratio": 54.79,
            "inventory_turnover_ratio": 2.96,
            "account_receivable_turnover_ratio": null,
            "reinvestment_rate": null,
            "research_to_sale_ratio": null,
            "price_fair": 49.47,
            "eps_avg_yearly": 1.41,
            "eps_latest_yearly": 4.32,
            "eps_growth_yearly": 7420.66
        },
        "20052": {
            "year_quarter": 20052,
            "year": 2005,
            "quarter": 2,
            "eps": -0.13,
            "eps_growth_year": null,
            "eps_4q": -4.14,
            "eps_4q_growth_year": -572.83,
            "roe": -2.48,
            "roe_4q": -55.87,
            "gross_profit": 13310,
            "gross_margin": 35.22,
            "gross_margin_4q_avg": 21.16,
            "net_income": -4942,
            "net_income_4q": null,
            "revenue": 37787,
            "revenue_4q": null,
            "common_shares": 393166,
            "book_valuer_per_share": 4.93,
            "book_valuer_per_share_4q_avg": 6.86,
            "equity": 193654,
            "current_ratio": 678.97,
            "debt_ratio": 54.89,
            "inventory_turnover_ratio": 4.22,
            "account_receivable_turnover_ratio": null,
            "reinvestment_rate": null,
            "research_to_sale_ratio": null,
            "price_fair": 49.47,
            "eps_avg_yearly": 1.41,
            "eps_latest_yearly": 4.32,
            "eps_growth_yearly": 7420.66
        },
        "20053": {
            "year_quarter": 20053,
            "year": 2005,
            "quarter": 3,
            "eps": 0.29,
            "eps_growth_year": null,
            "eps_4q": -3.7,
            "eps_4q_growth_year": -735.36,
            "roe": 5.55,
            "roe_4q": -47.59,
            "gross_profit": 25216,
            "gross_margin": 25.07,
            "gross_margin_4q_avg": 23.33,
            "net_income": 11073,
            "net_income_4q": null,
            "revenue": 100563,
            "revenue_4q": null,
            "common_shares": 393166,
            "book_valuer_per_share": 5.22,
            "book_valuer_per_share_4q_avg": 5.62,
            "equity": 205385,
            "current_ratio": 87.46,
            "debt_ratio": 54.84,
            "inventory_turnover_ratio": 13,
            "account_receivable_turnover_ratio": null,
            "reinvestment_rate": null,
            "research_to_sale_ratio": null,
            "price_fair": 49.47,
            "eps_avg_yearly": 1.41,
            "eps_latest_yearly": 4.32,
            "eps_growth_yearly": 7420.66
        },
        "20054": {
            "year_quarter": 20054,
            "year": 2005,
            "quarter": 4,
            "eps": -3.36,
            "eps_growth_year": null,
            "eps_4q": -4.61,
            "eps_4q_growth_year": null,
            "roe": -70.16,
            "roe_4q": -89.22,
            "gross_profit": 8128,
            "gross_margin": 12.47,
            "gross_margin_4q_avg": 22.82,
            "net_income": -126927,
            "net_income_4q": null,
            "revenue": 65175,
            "revenue_4q": null,
            "common_shares": 593166,
            "book_valuer_per_share": 2.64,
            "book_valuer_per_share_4q_avg": 4.5,
            "equity": 156462,
            "current_ratio": 96.39,
            "debt_ratio": 65.23,
            "inventory_turnover_ratio": 14.15,
            "account_receivable_turnover_ratio": null,
            "reinvestment_rate": null,
            "research_to_sale_ratio": null,
            "price_fair": 49.47,
            "eps_avg_yearly": 1.41,
            "eps_latest_yearly": 4.32,
            "eps_growth_yearly": 7420.66
        },
        "20061": {
            "year_quarter": 20061,
            "year": 2006,
            "quarter": 1,
            "eps": -0.38,
            "eps_growth_year": null,
            "eps_4q": -2.46,
            "eps_4q_growth_year": null,
            "roe": -15.14,
            "roe_4q": -82.23,
            "gross_profit": 191,
            "gross_margin": 2.74,
            "gross_margin_4q_avg": 18.88,
            "net_income": -22021,
            "net_income_4q": null,
            "revenue": 6971,
            "revenue_4q": null,
            "common_shares": 593166,
            "book_valuer_per_share": 2.27,
            "book_valuer_per_share_4q_avg": 3.77,
            "equity": 134441,
            "current_ratio": 95.37,
            "debt_ratio": 86.05,
            "inventory_turnover_ratio": 0.02,
            "account_receivable_turnover_ratio": null,
            "reinvestment_rate": null,
            "research_to_sale_ratio": null,
            "price_fair": 58.24,
            "eps_avg_yearly": 1.66,
            "eps_latest_yearly": 4.32,
            "eps_growth_yearly": 8980.35
        },
        "20062": {
            "year_quarter": 20062,
            "year": 2006,
            "quarter": 2,
            "eps": -0.23,
            "eps_growth_year": null,
            "eps_4q": -2.55,
            "eps_4q_growth_year": null,
            "roe": -10.41,
            "roe_4q": -90.16,
            "gross_profit": -2267,
            "gross_margin": -25.26,
            "gross_margin_4q_avg": 3.76,
            "net_income": -13302,
            "net_income_4q": null,
            "revenue": 8974,
            "revenue_4q": null,
            "common_shares": 593166,
            "book_valuer_per_share": 2.04,
            "book_valuer_per_share_4q_avg": 3.04,
            "equity": 121138,
            "current_ratio": 108.4,
            "debt_ratio": 88.33,
            "inventory_turnover_ratio": 0.02,
            "account_receivable_turnover_ratio": null,
            "reinvestment_rate": null,
            "research_to_sale_ratio": null,
            "price_fair": 64.75,
            "eps_avg_yearly": 1.85,
            "eps_latest_yearly": 4.32,
            "eps_growth_yearly": 10750.43
        },
        "20063": {
            "year_quarter": 20063,
            "year": 2006,
            "quarter": 3,
            "eps": 4.24,
            "eps_growth_year": 1362.07,
            "eps_4q": -6.36,
            "eps_4q_growth_year": null,
            "roe": 42.26,
            "roe_4q": -53.45,
            "gross_profit": 319,
            "gross_margin": 5.31,
            "gross_margin_4q_avg": -1.19,
            "net_income": 64913,
            "net_income_4q": null,
            "revenue": 6004,
            "revenue_4q": null,
            "common_shares": 157166,
            "book_valuer_per_share": 11.84,
            "book_valuer_per_share_4q_avg": 4.7,
            "equity": 186052,
            "current_ratio": 101.6,
            "debt_ratio": 84.75,
            "inventory_turnover_ratio": 0.01,
            "account_receivable_turnover_ratio": null,
            "reinvestment_rate": null,
            "research_to_sale_ratio": null,
            "price_fair": 75.6,
            "eps_avg_yearly": 2.16,
            "eps_latest_yearly": 4.32,
            "eps_growth_yearly": 14333.91
        },
        "20064": {
            "year_quarter": 20064,
            "year": 2006,
            "quarter": 4,
            "eps": 0.13,
            "eps_growth_year": null,
            "eps_4q": 1.79,
            "eps_4q_growth_year": null,
            "roe": 0.29,
            "roe_4q": 17,
            "gross_profit": 1204,
            "gross_margin": 29.93,
            "gross_margin_4q_avg": 3.18,
            "net_income": 2317,
            "net_income_4q": null,
            "revenue": 4023,
            "revenue_4q": null,
            "common_shares": 497742,
            "book_valuer_per_share": 12.24,
            "book_valuer_per_share_4q_avg": 7.1,
            "equity": 1412842,
            "current_ratio": 121.84,
            "debt_ratio": 74.55,
            "inventory_turnover_ratio": 0,
            "account_receivable_turnover_ratio": null,
            "reinvestment_rate": null,
            "research_to_sale_ratio": null,
            "price_fair": 56.93,
            "eps_avg_yearly": 1.63,
            "eps_latest_yearly": 0.52,
            "eps_growth_yearly": 14030.75
        },
        "20071": {
            "year_quarter": 20071,
            "year": 2007,
            "quarter": 1,
            "eps": 0.01,
            "eps_growth_year": null,
            "eps_4q": 1.66,
            "eps_4q_growth_year": null,
            "roe": 0.03,
            "roe_4q": 32.17,
            "gross_profit": 1878,
            "gross_margin": 76.25,
            "gross_margin_4q_avg": 21.56,
            "net_income": 327,
            "net_income_4q": null,
            "revenue": 2463,
            "revenue_4q": null,
            "common_shares": 502630,
            "book_valuer_per_share": 12.3,
            "book_valuer_per_share_4q_avg": 9.61,
            "equity": 618280,
            "current_ratio": 113.8,
            "debt_ratio": 66.21,
            "inventory_turnover_ratio": 0,
            "account_receivable_turnover_ratio": null,
            "reinvestment_rate": null,
            "research_to_sale_ratio": null,
            "price_fair": 43.05,
            "eps_avg_yearly": 1.23,
            "eps_latest_yearly": 0.04,
            "eps_growth_yearly": 10430.76
        },
        "20072": {
            "year_quarter": 20072,
            "year": 2007,
            "quarter": 2,
            "eps": -0.34,
            "eps_growth_year": null,
            "eps_4q": 0.86,
            "eps_4q_growth_year": null,
            "roe": -2.42,
            "roe_4q": 40.16,
            "gross_profit": 1909,
            "gross_margin": 77.54,
            "gross_margin_4q_avg": 47.26,
            "net_income": -16990,
            "net_income_4q": null,
            "revenue": 2462,
            "revenue_4q": null,
            "common_shares": 591281,
            "book_valuer_per_share": 13.26,
            "book_valuer_per_share_4q_avg": 12.41,
            "equity": 784315,
            "current_ratio": 126.75,
            "debt_ratio": 64.42,
            "inventory_turnover_ratio": 0,
            "account_receivable_turnover_ratio": null,
            "reinvestment_rate": null,
            "research_to_sale_ratio": null,
            "price_fair": 43.05,
            "eps_avg_yearly": 1.23,
            "eps_latest_yearly": 0.04,
            "eps_growth_yearly": 10430.76
        },
        "20073": {
            "year_quarter": 20073,
            "year": 2007,
            "quarter": 3,
            "eps": 1.69,
            "eps_growth_year": -60.14,
            "eps_4q": 1.42,
            "eps_4q_growth_year": null,
            "roe": 10.75,
            "roe_4q": 8.649999999999999,
            "gross_profit": 124211,
            "gross_margin": 21.57,
            "gross_margin_4q_avg": 51.32,
            "net_income": 89129,
            "net_income_4q": null,
            "revenue": 575759,
            "revenue_4q": null,
            "common_shares": 587452,
            "book_valuer_per_share": 14.87,
            "book_valuer_per_share_4q_avg": 13.17,
            "equity": 873444,
            "current_ratio": 128.21,
            "debt_ratio": 65.39,
            "inventory_turnover_ratio": 0.28,
            "account_receivable_turnover_ratio": null,
            "reinvestment_rate": null,
            "research_to_sale_ratio": null,
            "price_fair": 56.93,
            "eps_avg_yearly": 1.63,
            "eps_latest_yearly": 0.04,
            "eps_growth_yearly": 14014.34
        },
        "20074": {
            "year_quarter": 20074,
            "year": 2007,
            "quarter": 4,
            "eps": 2.02,
            "eps_growth_year": 1453.85,
            "eps_4q": 3.35,
            "eps_4q_growth_year": 87.36,
            "roe": 8.03,
            "roe_4q": 16.39,
            "gross_profit": 127923,
            "gross_margin": 31.32,
            "gross_margin_4q_avg": 51.67,
            "net_income": 109723,
            "net_income_4q": null,
            "revenue": 408491,
            "revenue_4q": null,
            "common_shares": 627452,
            "book_valuer_per_share": 16.43,
            "book_valuer_per_share_4q_avg": 14.22,
            "equity": 1858650,
            "current_ratio": 120.37,
            "debt_ratio": 78.57,
            "inventory_turnover_ratio": 0.06,
            "account_receivable_turnover_ratio": null,
            "reinvestment_rate": null,
            "research_to_sale_ratio": null,
            "price_fair": 8.64,
            "eps_avg_yearly": 2.88,
            "eps_latest_yearly": 8.08,
            "eps_growth_yearly": -226.29
        },
        "20081": {
            "year_quarter": 20081,
            "year": 2008,
            "quarter": 1,
            "eps": 0.08,
            "eps_growth_year": 700,
            "eps_4q": 1.15,
            "eps_4q_growth_year": -30.99,
            "roe": -0.7,
            "roe_4q": 15.659999999999998,
            "gross_profit": 41883,
            "gross_margin": 29.48,
            "gross_margin_4q_avg": 39.98,
            "net_income": -13037,
            "net_income_4q": null,
            "revenue": 142052,
            "revenue_4q": null,
            "common_shares": 627452,
            "book_valuer_per_share": 16.51,
            "book_valuer_per_share_4q_avg": 15.27,
            "equity": 1845613,
            "current_ratio": 120.95,
            "debt_ratio": 78.11,
            "inventory_turnover_ratio": 0.01,
            "account_receivable_turnover_ratio": null,
            "reinvestment_rate": null,
            "research_to_sale_ratio": null,
            "price_fair": 6.72,
            "eps_avg_yearly": 2.24,
            "eps_latest_yearly": 0.32,
            "eps_growth_yearly": -265.75
        },
        "20082": {
            "year_quarter": 20082,
            "year": 2008,
            "quarter": 2,
            "eps": 0.37,
            "eps_growth_year": null,
            "eps_4q": 12277.6,
            "eps_4q_growth_year": 1435522.85,
            "roe": -0,
            "roe_4q": 18.08,
            "gross_profit": 104462,
            "gross_margin": 26.5,
            "gross_margin_4q_avg": 27.22,
            "net_income": -7,
            "net_income_4q": null,
            "revenue": 394194,
            "revenue_4q": null,
            "common_shares": 627452,
            "book_valuer_per_share": 16.81,
            "book_valuer_per_share_4q_avg": 16.16,
            "equity": 1889454,
            "current_ratio": 120.29,
            "debt_ratio": 77.63,
            "inventory_turnover_ratio": 0.04,
            "account_receivable_turnover_ratio": null,
            "reinvestment_rate": null,
            "research_to_sale_ratio": null,
            "price_fair": 73.08,
            "eps_avg_yearly": 2.09,
            "eps_latest_yearly": 1.48,
            "eps_growth_yearly": 77.4
        },
        "20083": {
            "year_quarter": 20083,
            "year": 2008,
            "quarter": 3,
            "eps": 0.44,
            "eps_growth_year": -73.96,
            "eps_4q": 10.19,
            "eps_4q_growth_year": 618.79,
            "roe": 0.4,
            "roe_4q": 7.7299999999999995,
            "gross_profit": 88007,
            "gross_margin": 31.13,
            "gross_margin_4q_avg": 29.61,
            "net_income": 7657,
            "net_income_4q": null,
            "revenue": 282669,
            "revenue_4q": null,
            "common_shares": 784315,
            "book_valuer_per_share": 13.88,
            "book_valuer_per_share_4q_avg": 15.91,
            "equity": 1897547,
            "current_ratio": 118.9,
            "debt_ratio": 78.44,
            "inventory_turnover_ratio": 0.03,
            "account_receivable_turnover_ratio": null,
            "reinvestment_rate": null,
            "research_to_sale_ratio": null,
            "price_fair": 71.17,
            "eps_avg_yearly": 2.03,
            "eps_latest_yearly": 1.76,
            "eps_growth_yearly": 77.11
        },
        "20084": {
            "year_quarter": 20084,
            "year": 2008,
            "quarter": 4,
            "eps": 0.52,
            "eps_growth_year": -74.26,
            "eps_4q": 0.43,
            "eps_4q_growth_year": -87.11,
            "roe": 6.64,
            "roe_4q": 6.34,
            "gross_profit": 261381,
            "gross_margin": 21.75,
            "gross_margin_4q_avg": 27.22,
            "net_income": 130563,
            "net_income_4q": null,
            "revenue": 1201697,
            "revenue_4q": null,
            "common_shares": 784315,
            "book_valuer_per_share": 14.42,
            "book_valuer_per_share_4q_avg": 15.41,
            "equity": 2033016,
            "current_ratio": 121.56,
            "debt_ratio": 77.34,
            "inventory_turnover_ratio": 0.13,
            "account_receivable_turnover_ratio": 107.25,
            "reinvestment_rate": 149.45,
            "research_to_sale_ratio": null,
            "price_fair": 71.4,
            "eps_avg_yearly": 2.04,
            "eps_latest_yearly": 2.08,
            "eps_growth_yearly": 76.48
        },
        "20091": {
            "year_quarter": 20091,
            "year": 2009,
            "quarter": 1,
            "eps": 0.4,
            "eps_growth_year": 400,
            "eps_4q": 2.71,
            "eps_4q_growth_year": 137.03,
            "roe": 0.98,
            "roe_4q": 8.02,
            "gross_profit": 71567,
            "gross_margin": 30.68,
            "gross_margin_4q_avg": 27.52,
            "net_income": 19953,
            "net_income_4q": null,
            "revenue": 233271,
            "revenue_4q": null,
            "common_shares": 784315,
            "book_valuer_per_share": 14.82,
            "book_valuer_per_share_4q_avg": 14.98,
            "equity": 2052969,
            "current_ratio": 120.65,
            "debt_ratio": 78.19,
            "inventory_turnover_ratio": 0.02,
            "account_receivable_turnover_ratio": 7.77,
            "reinvestment_rate": 104.49,
            "research_to_sale_ratio": null,
            "price_fair": 69.48,
            "eps_avg_yearly": 1.99,
            "eps_latest_yearly": 1.6,
            "eps_growth_yearly": 55.38
        },
        "20092": {
            "year_quarter": 20092,
            "year": 2009,
            "quarter": 2,
            "eps": 1.06,
            "eps_growth_year": 186.49,
            "eps_4q": 0.63,
            "eps_4q_growth_year": -99.99,
            "roe": 14.58,
            "roe_4q": 22.599999999999998,
            "gross_profit": 481906,
            "gross_margin": 14.69,
            "gross_margin_4q_avg": 24.56,
            "net_income": 318833,
            "net_income_4q": null,
            "revenue": 3279889,
            "revenue_4q": null,
            "common_shares": 1028433,
            "book_valuer_per_share": 13.11,
            "book_valuer_per_share_4q_avg": 14.06,
            "equity": 2320298,
            "current_ratio": 137.62,
            "debt_ratio": 67.88,
            "inventory_turnover_ratio": 0.42,
            "account_receivable_turnover_ratio": 117.16,
            "reinvestment_rate": 32.18,
            "research_to_sale_ratio": null,
            "price_fair": 78.24,
            "eps_avg_yearly": 2.24,
            "eps_latest_yearly": 4.24,
            "eps_growth_yearly": 122.56
        },
        "20093": {
            "year_quarter": 20093,
            "year": 2009,
            "quarter": 3,
            "eps": 0.83,
            "eps_growth_year": 88.64,
            "eps_4q": 1.69,
            "eps_4q_growth_year": -83.39,
            "roe": 4.79,
            "roe_4q": 26.990000000000002,
            "gross_profit": 188104,
            "gross_margin": 28.48,
            "gross_margin_4q_avg": 23.9,
            "net_income": 113969,
            "net_income_4q": null,
            "revenue": 660510,
            "revenue_4q": null,
            "common_shares": 1028433,
            "book_valuer_per_share": 13.85,
            "book_valuer_per_share_4q_avg": 14.05,
            "equity": 2434267,
            "current_ratio": 133.69,
            "debt_ratio": 70.45,
            "inventory_turnover_ratio": 0.08,
            "account_receivable_turnover_ratio": 32.31,
            "reinvestment_rate": 41.5,
            "research_to_sale_ratio": null,
            "price_fair": 82.04,
            "eps_avg_yearly": 2.34,
            "eps_latest_yearly": 3.32,
            "eps_growth_yearly": 101.63
        },
        "20094": {
            "year_quarter": 20094,
            "year": 2009,
            "quarter": 4,
            "eps": 1.7,
            "eps_growth_year": 226.92,
            "eps_4q": 3.46,
            "eps_4q_growth_year": 699.31,
            "roe": 10.19,
            "roe_4q": 30.540000000000003,
            "gross_profit": 396275,
            "gross_margin": 24.29,
            "gross_margin_4q_avg": 24.54,
            "net_income": 258553,
            "net_income_4q": null,
            "revenue": 1631205,
            "revenue_4q": null,
            "common_shares": 1028433,
            "book_valuer_per_share": 15.51,
            "book_valuer_per_share_4q_avg": 14.32,
            "equity": 2640195,
            "current_ratio": 134.59,
            "debt_ratio": 72.1,
            "inventory_turnover_ratio": 0.17,
            "account_receivable_turnover_ratio": 17.5,
            "reinvestment_rate": 40.64,
            "research_to_sale_ratio": null,
            "price_fair": 96.22,
            "eps_avg_yearly": 2.75,
            "eps_latest_yearly": 6.8,
            "eps_growth_yearly": 130.51
        },
        "20101": {
            "year_quarter": 20101,
            "year": 2010,
            "quarter": 1,
            "eps": 3,
            "eps_growth_year": 650,
            "eps_4q": 5.62,
            "eps_4q_growth_year": 107.05,
            "roe": 12.08,
            "roe_4q": 41.64,
            "gross_profit": 417299,
            "gross_margin": 37.02,
            "gross_margin_4q_avg": 26.12,
            "net_income": 354967,
            "net_income_4q": null,
            "revenue": 1127104,
            "revenue_4q": null,
            "common_shares": 1178433,
            "book_valuer_per_share": 19.53,
            "book_valuer_per_share_4q_avg": 15.5,
            "equity": 3237799,
            "current_ratio": 145.79,
            "debt_ratio": 66.59,
            "inventory_turnover_ratio": 0.09,
            "account_receivable_turnover_ratio": 9.91,
            "reinvestment_rate": 44.17,
            "research_to_sale_ratio": null,
            "price_fair": 123.2,
            "eps_avg_yearly": 3.52,
            "eps_latest_yearly": 12,
            "eps_growth_yearly": 145.12
        },
        "20102": {
            "year_quarter": 20102,
            "year": 2010,
            "quarter": 2,
            "eps": 0.39,
            "eps_growth_year": -63.21,
            "eps_4q": 4.24,
            "eps_4q_growth_year": 569.3,
            "roe": 2.16,
            "roe_4q": 29.22,
            "gross_profit": 183059,
            "gross_margin": 33.62,
            "gross_margin_4q_avg": 30.85,
            "net_income": 70402,
            "net_income_4q": null,
            "revenue": 544500,
            "revenue_4q": null,
            "common_shares": 1178433,
            "book_valuer_per_share": 20.03,
            "book_valuer_per_share_4q_avg": 17.23,
            "equity": 3279875,
            "current_ratio": 139.62,
            "debt_ratio": 71.75,
            "inventory_turnover_ratio": 0.04,
            "account_receivable_turnover_ratio": 10.89,
            "reinvestment_rate": 28.49,
            "research_to_sale_ratio": null,
            "price_fair": 117.92,
            "eps_avg_yearly": 3.37,
            "eps_latest_yearly": 1.56,
            "eps_growth_yearly": 107.19
        },
        "20103": {
            "year_quarter": 20103,
            "year": 2010,
            "quarter": 3,
            "eps": 3.27,
            "eps_growth_year": 294.43,
            "eps_4q": 6.98,
            "eps_4q_growth_year": 312.01,
            "roe": 17.01,
            "roe_4q": 41.44,
            "gross_profit": 724777,
            "gross_margin": 39.98,
            "gross_margin_4q_avg": 33.73,
            "net_income": 620058,
            "net_income_4q": null,
            "revenue": 1812992,
            "revenue_4q": null,
            "common_shares": 1496610,
            "book_valuer_per_share": 19.19,
            "book_valuer_per_share_4q_avg": 18.57,
            "equity": 4011200,
            "current_ratio": 137.07,
            "debt_ratio": 72.66,
            "inventory_turnover_ratio": 0.1,
            "account_receivable_turnover_ratio": 31.18,
            "reinvestment_rate": 25.14,
            "research_to_sale_ratio": null,
            "price_fair": 142.2,
            "eps_avg_yearly": 4.06,
            "eps_latest_yearly": 13.08,
            "eps_growth_yearly": 310.52
        },
        "20104": {
            "year_quarter": 20104,
            "year": 2010,
            "quarter": 4,
            "eps": 0.15,
            "eps_growth_year": -91.05,
            "eps_4q": 5.68,
            "eps_4q_growth_year": 64.43,
            "roe": 1.49,
            "roe_4q": 32.74,
            "gross_profit": 205827,
            "gross_margin": 30.64,
            "gross_margin_4q_avg": 35.32,
            "net_income": 62384,
            "net_income_4q": null,
            "revenue": 671650,
            "revenue_4q": null,
            "common_shares": 1596610,
            "book_valuer_per_share": 19.82,
            "book_valuer_per_share_4q_avg": 19.64,
            "equity": 4336129,
            "current_ratio": 151.38,
            "debt_ratio": 69.41,
            "inventory_turnover_ratio": 0.04,
            "account_receivable_turnover_ratio": 9.5,
            "reinvestment_rate": 56.12,
            "research_to_sale_ratio": null,
            "price_fair": 142.4,
            "eps_avg_yearly": 4.07,
            "eps_latest_yearly": 0.6,
            "eps_growth_yearly": 310.96
        },
        "20111": {
            "year_quarter": 20111,
            "year": 2011,
            "quarter": 1,
            "eps": 4.27,
            "eps_growth_year": 42.33,
            "eps_4q": 7.85,
            "eps_4q_growth_year": 39.65,
            "roe": 14.06,
            "roe_4q": 34.72,
            "gross_profit": 818076,
            "gross_margin": 31.14,
            "gross_margin_4q_avg": 33.85,
            "net_income": 656206,
            "net_income_4q": null,
            "revenue": 2627470,
            "revenue_4q": null,
            "common_shares": 1596934,
            "book_valuer_per_share": 24.09,
            "book_valuer_per_share_4q_avg": 20.78,
            "equity": 4995513,
            "current_ratio": 151.15,
            "debt_ratio": 68.83,
            "inventory_turnover_ratio": 0.15,
            "account_receivable_turnover_ratio": 45.85,
            "reinvestment_rate": 43.1,
            "research_to_sale_ratio": null,
            "price_fair": 185,
            "eps_avg_yearly": 5.29,
            "eps_latest_yearly": 17.08,
            "eps_growth_yearly": 1122.09
        },
        "20112": {
            "year_quarter": 20112,
            "year": 2011,
            "quarter": 2,
            "eps": 0.1,
            "eps_growth_year": -74.35,
            "eps_4q": 5.44,
            "eps_4q_growth_year": 28.33,
            "roe": 0.18,
            "roe_4q": 32.74,
            "gross_profit": 112107,
            "gross_margin": 39.74,
            "gross_margin_4q_avg": 35.38,
            "net_income": 8974,
            "net_income_4q": null,
            "revenue": 282109,
            "revenue_4q": null,
            "common_shares": 1598551,
            "book_valuer_per_share": 23.54,
            "book_valuer_per_share_4q_avg": 21.66,
            "equity": 4898058,
            "current_ratio": 143.84,
            "debt_ratio": 68.59,
            "inventory_turnover_ratio": 0.01,
            "account_receivable_turnover_ratio": 7.22,
            "reinvestment_rate": 41.89,
            "research_to_sale_ratio": null,
            "price_fair": 173.6,
            "eps_avg_yearly": 4.96,
            "eps_latest_yearly": 0.4,
            "eps_growth_yearly": 1021.24
        },
        "20113": {
            "year_quarter": 20113,
            "year": 2011,
            "quarter": 3,
            "eps": 0.05,
            "eps_growth_year": -98.45,
            "eps_4q": 3.02,
            "eps_4q_growth_year": -56.78,
            "roe": 0.1,
            "roe_4q": 15.83,
            "gross_profit": 112231,
            "gross_margin": 31.99,
            "gross_margin_4q_avg": 33.38,
            "net_income": 5028,
            "net_income_4q": null,
            "revenue": 350843,
            "revenue_4q": null,
            "common_shares": 1816163,
            "book_valuer_per_share": 24.56,
            "book_valuer_per_share_4q_avg": 23,
            "equity": 5588503,
            "current_ratio": 150.72,
            "debt_ratio": 65.34,
            "inventory_turnover_ratio": 0.02,
            "account_receivable_turnover_ratio": 8.9,
            "reinvestment_rate": 43.08,
            "research_to_sale_ratio": null,
            "price_fair": 163.19,
            "eps_avg_yearly": 4.66,
            "eps_latest_yearly": 0.2,
            "eps_growth_yearly": 944.91
        },
        "20114": {
            "year_quarter": 20114,
            "year": 2011,
            "quarter": 4,
            "eps": 0.2,
            "eps_growth_year": 28.37,
            "eps_4q": 3.16,
            "eps_4q_growth_year": -44.35,
            "roe": 0.39,
            "roe_4q": 14.73,
            "gross_profit": 138375,
            "gross_margin": 38.38,
            "gross_margin_4q_avg": 35.31,
            "net_income": 21820,
            "net_income_4q": null,
            "revenue": 360532,
            "revenue_4q": null,
            "common_shares": 2454936,
            "book_valuer_per_share": 18.31,
            "book_valuer_per_share_4q_avg": 22.63,
            "equity": 5519238,
            "current_ratio": 144.48,
            "debt_ratio": 66.56,
            "inventory_turnover_ratio": 0.02,
            "account_receivable_turnover_ratio": 9.47,
            "reinvestment_rate": 30.51,
            "research_to_sale_ratio": null,
            "price_fair": 147.26,
            "eps_avg_yearly": 4.21,
            "eps_latest_yearly": 0.8,
            "eps_growth_yearly": 1015.03
        },
        "20121": {
            "year_quarter": 20121,
            "year": 2012,
            "quarter": 1,
            "eps": 0.44,
            "eps_growth_year": -89.7,
            "eps_4q": 0.78,
            "eps_4q_growth_year": -90.08,
            "roe": 1.59,
            "roe_4q": 2.2600000000000002,
            "gross_profit": 203032,
            "gross_margin": 37.54,
            "gross_margin_4q_avg": 36.91,
            "net_income": 88592,
            "net_income_4q": null,
            "revenue": 540905,
            "revenue_4q": null,
            "common_shares": 2429936,
            "book_valuer_per_share": 18.74,
            "book_valuer_per_share_4q_avg": 21.29,
            "equity": 5592085,
            "current_ratio": 144.56,
            "debt_ratio": 66.5,
            "inventory_turnover_ratio": 0.02,
            "account_receivable_turnover_ratio": 14.17,
            "reinvestment_rate": 28.83,
            "research_to_sale_ratio": null,
            "price_fair": 150.41,
            "eps_avg_yearly": 4.3,
            "eps_latest_yearly": 1.76,
            "eps_growth_yearly": 1069.04
        },
        "20122": {
            "year_quarter": 20122,
            "year": 2012,
            "quarter": 2,
            "eps": 1.18,
            "eps_growth_year": 1079.44,
            "eps_4q": 1.79,
            "eps_4q_growth_year": -67.12,
            "roe": 5.53,
            "roe_4q": 7.609999999999999,
            "gross_profit": 436571,
            "gross_margin": 44.69,
            "gross_margin_4q_avg": 38.15,
            "net_income": 309331,
            "net_income_4q": null,
            "revenue": 976922,
            "revenue_4q": null,
            "common_shares": 2429936,
            "book_valuer_per_share": 18.81,
            "book_valuer_per_share_4q_avg": 20.11,
            "equity": 5600798,
            "current_ratio": 142.96,
            "debt_ratio": 67.05,
            "inventory_turnover_ratio": 0.04,
            "account_receivable_turnover_ratio": 29.42,
            "reinvestment_rate": 14.22,
            "research_to_sale_ratio": null,
            "price_fair": 157.5,
            "eps_avg_yearly": 4.5,
            "eps_latest_yearly": 4.72,
            "eps_growth_yearly": 1020.46
        },
        "20123": {
            "year_quarter": 20123,
            "year": 2012,
            "quarter": 3,
            "eps": 0.03,
            "eps_growth_year": -38.06,
            "eps_4q": 1.75,
            "eps_4q_growth_year": -41.86,
            "roe": -0.03,
            "roe_4q": 7.4799999999999995,
            "gross_profit": 94372,
            "gross_margin": 24.32,
            "gross_margin_4q_avg": 36.23,
            "net_income": -1909,
            "net_income_4q": null,
            "revenue": 388052,
            "revenue_4q": null,
            "common_shares": 2764548,
            "book_valuer_per_share": 16.79,
            "book_valuer_per_share_4q_avg": 18.16,
            "equity": 5666488,
            "current_ratio": 144.61,
            "debt_ratio": 67.39,
            "inventory_turnover_ratio": 0.02,
            "account_receivable_turnover_ratio": 11.81,
            "reinvestment_rate": 13.69,
            "research_to_sale_ratio": null,
            "price_fair": 153.91,
            "eps_avg_yearly": 4.4,
            "eps_latest_yearly": 0.12,
            "eps_growth_yearly": 991.37
        },
        "20124": {
            "year_quarter": 20124,
            "year": 2012,
            "quarter": 4,
            "eps": 1.41,
            "eps_growth_year": 619.94,
            "eps_4q": 2.75,
            "eps_4q_growth_year": -12.96,
            "roe": 7.64,
            "roe_4q": 14.73,
            "gross_profit": 632589,
            "gross_margin": 41.31,
            "gross_margin_4q_avg": 36.97,
            "net_income": 452305,
            "net_income_4q": null,
            "revenue": 1531317,
            "revenue_4q": null,
            "common_shares": 3260263,
            "book_valuer_per_share": 19.18,
            "book_valuer_per_share_4q_avg": 18.38,
            "equity": 6169827,
            "current_ratio": 159.88,
            "debt_ratio": 67.24,
            "inventory_turnover_ratio": 0.06,
            "account_receivable_turnover_ratio": 17.99,
            "reinvestment_rate": 86.96,
            "research_to_sale_ratio": null,
            "price_fair": 161.7,
            "eps_avg_yearly": 4.62,
            "eps_latest_yearly": 5.64,
            "eps_growth_yearly": 2136.82
        },
        "20131": {
            "year_quarter": 20131,
            "year": 2013,
            "quarter": 1,
            "eps": 2.44,
            "eps_growth_year": 454.55,
            "eps_4q": 4.79,
            "eps_4q_growth_year": 515.22,
            "roe": 13.33,
            "roe_4q": 26.47,
            "gross_profit": 1075309,
            "gross_margin": 34.16,
            "gross_margin_4q_avg": 36.12,
            "net_income": 808040,
            "net_income_4q": null,
            "revenue": 3148176,
            "revenue_4q": null,
            "common_shares": 3359265,
            "book_valuer_per_share": 17.95,
            "book_valuer_per_share_4q_avg": 18.18,
            "equity": 5952722,
            "current_ratio": 172.73,
            "debt_ratio": 63.26,
            "inventory_turnover_ratio": 0.14,
            "account_receivable_turnover_ratio": 8.68,
            "reinvestment_rate": -6.33,
            "research_to_sale_ratio": null,
            "price_fair": 179.55,
            "eps_avg_yearly": 5.13,
            "eps_latest_yearly": 9.76,
            "eps_growth_yearly": 2160.86
        },
        "20132": {
            "year_quarter": 20132,
            "year": 2013,
            "quarter": 2,
            "eps": 0.42,
            "eps_growth_year": -64.4,
            "eps_4q": 3.93,
            "eps_4q_growth_year": 119.86,
            "roe": 2.5,
            "roe_4q": 23.439999999999998,
            "gross_profit": 310107,
            "gross_margin": 45.36,
            "gross_margin_4q_avg": 36.29,
            "net_income": 148900,
            "net_income_4q": null,
            "revenue": 683659,
            "revenue_4q": null,
            "common_shares": 3625604,
            "book_valuer_per_share": 16.54,
            "book_valuer_per_share_4q_avg": 17.62,
            "equity": 5954484,
            "current_ratio": 181.29,
            "debt_ratio": 65.17,
            "inventory_turnover_ratio": 0.03,
            "account_receivable_turnover_ratio": 2.18,
            "reinvestment_rate": -3.01,
            "research_to_sale_ratio": null,
            "price_fair": 173.95,
            "eps_avg_yearly": 4.97,
            "eps_latest_yearly": 1.68,
            "eps_growth_yearly": 2098.91
        },
        "20133": {
            "year_quarter": 20133,
            "year": 2013,
            "quarter": 3,
            "eps": 1.2,
            "eps_growth_year": 3721.29,
            "eps_4q": 5.08,
            "eps_4q_growth_year": 189.96,
            "roe": 7.15,
            "roe_4q": 30.62,
            "gross_profit": 627948,
            "gross_margin": 51.51,
            "gross_margin_4q_avg": 43.09,
            "net_income": 443090,
            "net_income_4q": null,
            "revenue": 1219161,
            "revenue_4q": null,
            "common_shares": 3647134,
            "book_valuer_per_share": 17.74,
            "book_valuer_per_share_4q_avg": 17.85,
            "equity": 6434667,
            "current_ratio": 171.47,
            "debt_ratio": 64.87,
            "inventory_turnover_ratio": 0.04,
            "account_receivable_turnover_ratio": 14.7,
            "reinvestment_rate": -2.63,
            "research_to_sale_ratio": null,
            "price_fair": 177.19,
            "eps_avg_yearly": 5.06,
            "eps_latest_yearly": 4.8,
            "eps_growth_yearly": 2150.76
        },
        "20134": {
            "year_quarter": 20134,
            "year": 2013,
            "quarter": 4,
            "eps": 0.4,
            "eps_growth_year": -71.77,
            "eps_4q": 4.17,
            "eps_4q_growth_year": 51.65,
            "roe": 1.97,
            "roe_4q": 24.950000000000003,
            "gross_profit": 139399,
            "gross_margin": 13.27,
            "gross_margin_4q_avg": 36.08,
            "net_income": 129407,
            "net_income_4q": null,
            "revenue": 1050752,
            "revenue_4q": null,
            "common_shares": 3694981,
            "book_valuer_per_share": 18.16,
            "book_valuer_per_share_4q_avg": 17.6,
            "equity": 6702031,
            "current_ratio": 182.96,
            "debt_ratio": 66.71,
            "inventory_turnover_ratio": 0.06,
            "account_receivable_turnover_ratio": 15.38,
            "reinvestment_rate": 11.75,
            "research_to_sale_ratio": null,
            "price_fair": 165.81,
            "eps_avg_yearly": 4.74,
            "eps_latest_yearly": 1.6,
            "eps_growth_yearly": 2107.89
        },
        "20141": {
            "year_quarter": 20141,
            "year": 2014,
            "quarter": 1,
            "eps": -0.19,
            "eps_growth_year": -107.79,
            "eps_4q": 1.77,
            "eps_4q_growth_year": -63,
            "roe": -1,
            "roe_4q": 10.620000000000001,
            "gross_profit": 54445,
            "gross_margin": 22.13,
            "gross_margin_4q_avg": 33.07,
            "net_income": -66572,
            "net_income_4q": null,
            "revenue": 246049,
            "revenue_4q": null,
            "common_shares": 3695181,
            "book_valuer_per_share": 17.96,
            "book_valuer_per_share_4q_avg": 17.6,
            "equity": 6634126,
            "current_ratio": 172.4,
            "debt_ratio": 71.68,
            "inventory_turnover_ratio": 0.01,
            "account_receivable_turnover_ratio": 13.44,
            "reinvestment_rate": 16.63,
            "research_to_sale_ratio": null,
            "price_fair": 148.87,
            "eps_avg_yearly": 4.25,
            "eps_latest_yearly": 1.6,
            "eps_growth_yearly": 2228.02
        },
        "20142": {
            "year_quarter": 20142,
            "year": 2014,
            "quarter": 2,
            "eps": 0.22,
            "eps_growth_year": -47.62,
            "eps_4q": 1.49,
            "eps_4q_growth_year": -62.07,
            "roe": 1.31,
            "roe_4q": 9.43,
            "gross_profit": 80384,
            "gross_margin": 15.42,
            "gross_margin_4q_avg": 25.58,
            "net_income": 87406,
            "net_income_4q": null,
            "revenue": 521371,
            "revenue_4q": null,
            "common_shares": 3986464,
            "book_valuer_per_share": 16.72,
            "book_valuer_per_share_4q_avg": 17.65,
            "equity": 6673934,
            "current_ratio": 154.99,
            "debt_ratio": 72.56,
            "inventory_turnover_ratio": 0.02,
            "account_receivable_turnover_ratio": 19.15,
            "reinvestment_rate": 38.76,
            "research_to_sale_ratio": null,
            "price_fair": 155.6,
            "eps_avg_yearly": 4.45,
            "eps_latest_yearly": 1.6,
            "eps_growth_yearly": 2412.03
        },
        "20143": {
            "year_quarter": 20143,
            "year": 2014,
            "quarter": 3,
            "eps": -0.05,
            "eps_growth_year": -104.17,
            "eps_4q": 0.35,
            "eps_4q_growth_year": -93.06,
            "roe": -0.09,
            "roe_4q": 2.19,
            "gross_profit": 8567,
            "gross_margin": 21.85,
            "gross_margin_4q_avg": 18.17,
            "net_income": -6205,
            "net_income_4q": null,
            "revenue": 39205,
            "revenue_4q": null,
            "common_shares": 3986464,
            "book_valuer_per_share": 16.7,
            "book_valuer_per_share_4q_avg": 17.39,
            "equity": 6679145,
            "current_ratio": 152.19,
            "debt_ratio": 73.73,
            "inventory_turnover_ratio": 0,
            "account_receivable_turnover_ratio": 0.91,
            "reinvestment_rate": 50.41,
            "research_to_sale_ratio": null,
            "price_fair": 132.35,
            "eps_avg_yearly": 3.78,
            "eps_latest_yearly": 1.6,
            "eps_growth_yearly": 2370.35
        },
        "20144": {
            "year_quarter": 20144,
            "year": 2014,
            "quarter": 4,
            "eps": 1.81,
            "eps_growth_year": 355.57,
            "eps_4q": 1.79,
            "eps_4q_growth_year": -57.05,
            "roe": 9.98,
            "roe_4q": 10.200000000000001,
            "gross_profit": 670388,
            "gross_margin": 47.54,
            "gross_margin_4q_avg": 26.74,
            "net_income": 690680,
            "net_income_4q": null,
            "revenue": 1410106,
            "revenue_4q": null,
            "common_shares": 3911464,
            "book_valuer_per_share": 18.5,
            "book_valuer_per_share_4q_avg": 17.47,
            "equity": 7165766,
            "current_ratio": 154.56,
            "debt_ratio": 72.17,
            "inventory_turnover_ratio": 0.04,
            "account_receivable_turnover_ratio": 8.54,
            "reinvestment_rate": 33.01,
            "research_to_sale_ratio": null,
            "price_fair": 141.63,
            "eps_avg_yearly": 4.05,
            "eps_latest_yearly": 1.6,
            "eps_growth_yearly": 2599.68
        },
        "20151": {
            "year_quarter": 20151,
            "year": 2015,
            "quarter": 1,
            "eps": 1.55,
            "eps_growth_year": null,
            "eps_4q": 3.54,
            "eps_4q_growth_year": 99.51,
            "roe": 7.92,
            "roe_4q": 19.119999999999997,
            "gross_profit": 796763,
            "gross_margin": 39.88,
            "gross_margin_4q_avg": 31.17,
            "net_income": 589908,
            "net_income_4q": null,
            "revenue": 1997818,
            "revenue_4q": null,
            "common_shares": 3827184,
            "book_valuer_per_share": 20.02,
            "book_valuer_per_share_4q_avg": 17.99,
            "equity": 7733547,
            "current_ratio": 169.98,
            "debt_ratio": 69.82,
            "inventory_turnover_ratio": 0.06,
            "account_receivable_turnover_ratio": 10.11,
            "reinvestment_rate": 33.44,
            "research_to_sale_ratio": null,
            "price_fair": 109.9,
            "eps_avg_yearly": 3.14,
            "eps_latest_yearly": 6.2,
            "eps_growth_yearly": 1679.34
        },
        "20152": {
            "year_quarter": 20152,
            "year": 2015,
            "quarter": 2,
            "eps": -0.03,
            "eps_growth_year": -113.64,
            "eps_4q": 3.29,
            "eps_4q_growth_year": 120.48,
            "roe": -0.16,
            "roe_4q": 17.650000000000002,
            "gross_profit": 125429,
            "gross_margin": 30.06,
            "gross_margin_4q_avg": 34.83,
            "net_income": -12116,
            "net_income_4q": null,
            "revenue": 417273,
            "revenue_4q": null,
            "common_shares": 3819784,
            "book_valuer_per_share": 18.87,
            "book_valuer_per_share_4q_avg": 18.52,
            "equity": 7357094,
            "current_ratio": 156.06,
            "debt_ratio": 71.41,
            "inventory_turnover_ratio": 0.02,
            "account_receivable_turnover_ratio": 5.12,
            "reinvestment_rate": 0.06,
            "research_to_sale_ratio": null,
            "price_fair": 118.62,
            "eps_avg_yearly": 3.39,
            "eps_latest_yearly": 6.2,
            "eps_growth_yearly": 1867.52
        },
        "20153": {
            "year_quarter": 20153,
            "year": 2015,
            "quarter": 3,
            "eps": -0.22,
            "eps_growth_year": null,
            "eps_4q": 3.12,
            "eps_4q_growth_year": 784.43,
            "roe": -1.19,
            "roe_4q": 16.55,
            "gross_profit": 57168,
            "gross_margin": 31.48,
            "gross_margin_4q_avg": 37.24,
            "net_income": -86697,
            "net_income_4q": null,
            "revenue": 181587,
            "revenue_4q": null,
            "common_shares": 3819784,
            "book_valuer_per_share": 18.6,
            "book_valuer_per_share_4q_avg": 19,
            "equity": 7241277,
            "current_ratio": 153.16,
            "debt_ratio": 72.29,
            "inventory_turnover_ratio": 0.01,
            "account_receivable_turnover_ratio": 4.35,
            "reinvestment_rate": 3.59,
            "research_to_sale_ratio": null,
            "price_fair": 129.78,
            "eps_avg_yearly": 3.71,
            "eps_latest_yearly": 6.2,
            "eps_growth_yearly": 2074.27
        },
        "20154": {
            "year_quarter": 20154,
            "year": 2015,
            "quarter": 4,
            "eps": 1.1,
            "eps_growth_year": -38.95,
            "eps_4q": 2.4,
            "eps_4q_growth_year": 34.08,
            "roe": 5.68,
            "roe_4q": 12.25,
            "gross_profit": 853089,
            "gross_margin": 42.35,
            "gross_margin_4q_avg": 35.94,
            "net_income": 422851,
            "net_income_4q": null,
            "revenue": 2014578,
            "revenue_4q": null,
            "common_shares": 3800904,
            "book_valuer_per_share": 19.67,
            "book_valuer_per_share_4q_avg": 19.29,
            "equity": 7651945,
            "current_ratio": 157.44,
            "debt_ratio": 69.82,
            "inventory_turnover_ratio": 0.06,
            "account_receivable_turnover_ratio": 28.89,
            "reinvestment_rate": 14.06,
            "research_to_sale_ratio": null,
            "price_fair": 141.09,
            "eps_avg_yearly": 4.03,
            "eps_latest_yearly": 6.2,
            "eps_growth_yearly": 2171.41
        },
        "20161": {
            "year_quarter": 20161,
            "year": 2016,
            "quarter": 1,
            "eps": 0.09,
            "eps_growth_year": -94.19,
            "eps_4q": 0.94,
            "eps_4q_growth_year": -73.37,
            "roe": 0.39,
            "roe_4q": 4.719999999999999,
            "gross_profit": 200163,
            "gross_margin": 32.28,
            "gross_margin_4q_avg": 34.04,
            "net_income": 29974,
            "net_income_4q": null,
            "revenue": 619989,
            "revenue_4q": null,
            "common_shares": 3800904,
            "book_valuer_per_share": 19.82,
            "book_valuer_per_share_4q_avg": 19.24,
            "equity": 7874447,
            "current_ratio": 163.32,
            "debt_ratio": 68.97,
            "inventory_turnover_ratio": 0.02,
            "account_receivable_turnover_ratio": 9.25,
            "reinvestment_rate": 15.58,
            "research_to_sale_ratio": null,
            "price_fair": 135.64,
            "eps_avg_yearly": 3.88,
            "eps_latest_yearly": 0.36,
            "eps_growth_yearly": 2077.27
        },
        "20162": {
            "year_quarter": 20162,
            "year": 2016,
            "quarter": 2,
            "eps": -0.32,
            "eps_growth_year": null,
            "eps_4q": 0.66,
            "eps_4q_growth_year": -80.02,
            "roe": -1.97,
            "roe_4q": 2.9099999999999997,
            "gross_profit": 47699,
            "gross_margin": 22.17,
            "gross_margin_4q_avg": 32.07,
            "net_income": -148993,
            "net_income_4q": null,
            "revenue": 215158,
            "revenue_4q": null,
            "common_shares": 3800904,
            "book_valuer_per_share": 18.25,
            "book_valuer_per_share_4q_avg": 19.09,
            "equity": 7245813,
            "current_ratio": 160.01,
            "debt_ratio": 71.56,
            "inventory_turnover_ratio": 0.01,
            "account_receivable_turnover_ratio": 4.79,
            "reinvestment_rate": 21.44,
            "research_to_sale_ratio": null,
            "price_fair": 131.95,
            "eps_avg_yearly": 3.77,
            "eps_latest_yearly": 0.36,
            "eps_growth_yearly": 2252.83
        },
        "20163": {
            "year_quarter": 20163,
            "year": 2016,
            "quarter": 3,
            "eps": -0.26,
            "eps_growth_year": null,
            "eps_4q": 0.62,
            "eps_4q_growth_year": -80.13,
            "roe": -1.44,
            "roe_4q": 2.6599999999999997,
            "gross_profit": 33335,
            "gross_margin": 50.83,
            "gross_margin_4q_avg": 36.91,
            "net_income": -103368,
            "net_income_4q": null,
            "revenue": 65586,
            "revenue_4q": null,
            "common_shares": 3800904,
            "book_valuer_per_share": 17.94,
            "book_valuer_per_share_4q_avg": 18.92,
            "equity": 7129072,
            "current_ratio": 156.32,
            "debt_ratio": 72.74,
            "inventory_turnover_ratio": 0,
            "account_receivable_turnover_ratio": 2,
            "reinvestment_rate": 26.26,
            "research_to_sale_ratio": null,
            "price_fair": 150.2,
            "eps_avg_yearly": 4.29,
            "eps_latest_yearly": 0.36,
            "eps_growth_yearly": 2630.36
        },
        "20164": {
            "year_quarter": 20164,
            "year": 2016,
            "quarter": 4,
            "eps": 1.61,
            "eps_growth_year": 45.89,
            "eps_4q": 1.13,
            "eps_4q_growth_year": -53.14,
            "roe": 8.24,
            "roe_4q": 5.220000000000001,
            "gross_profit": 807879,
            "gross_margin": 34.62,
            "gross_margin_4q_avg": 34.98,
            "net_income": 609445,
            "net_income_4q": null,
            "revenue": 2333248,
            "revenue_4q": null,
            "common_shares": 3800904,
            "book_valuer_per_share": 19.43,
            "book_valuer_per_share_4q_avg": 18.86,
            "equity": 7666418,
            "current_ratio": 163.42,
            "debt_ratio": 70.3,
            "inventory_turnover_ratio": 0.08,
            "account_receivable_turnover_ratio": 137.8,
            "reinvestment_rate": -33.85,
            "research_to_sale_ratio": null,
            "price_fair": 49.15,
            "eps_avg_yearly": 4.07,
            "eps_latest_yearly": 0.36,
            "eps_growth_yearly": 2.09
        },
        "20171": {
            "year_quarter": 20171,
            "year": 2017,
            "quarter": 1,
            "eps": -0.23,
            "eps_growth_year": -355.56,
            "eps_4q": 0.8,
            "eps_4q_growth_year": -14.68,
            "roe": -1.32,
            "roe_4q": 3.5100000000000007,
            "gross_profit": 34576,
            "gross_margin": 27.56,
            "gross_margin_4q_avg": 33.8,
            "net_income": -100418,
            "net_income_4q": null,
            "revenue": 125471,
            "revenue_4q": null,
            "common_shares": 3800904,
            "book_valuer_per_share": 19.15,
            "book_valuer_per_share_4q_avg": 18.69,
            "equity": 7530243,
            "current_ratio": 159.11,
            "debt_ratio": 70.7,
            "inventory_turnover_ratio": 0,
            "account_receivable_turnover_ratio": 7.73,
            "reinvestment_rate": 61.92,
            "research_to_sale_ratio": null,
            "price_fair": 8.78,
            "eps_avg_yearly": 2.93,
            "eps_latest_yearly": 0.36,
            "eps_growth_yearly": -55.94
        },
        "20172": {
            "year_quarter": 20172,
            "year": 2017,
            "quarter": 2,
            "eps": -0.26,
            "eps_growth_year": null,
            "eps_4q": 0.86,
            "eps_4q_growth_year": 30.99,
            "roe": -1.37,
            "roe_4q": 4.109999999999999,
            "gross_profit": 52411,
            "gross_margin": 25.06,
            "gross_margin_4q_avg": 34.52,
            "net_income": -101658,
            "net_income_4q": null,
            "revenue": 209106,
            "revenue_4q": null,
            "common_shares": 3800904,
            "book_valuer_per_share": 18.44,
            "book_valuer_per_share_4q_avg": 18.74,
            "equity": 7262952,
            "current_ratio": 155.98,
            "debt_ratio": 72.49,
            "inventory_turnover_ratio": 0.01,
            "account_receivable_turnover_ratio": 7.67,
            "reinvestment_rate": 67.79,
            "research_to_sale_ratio": null,
            "price_fair": 74.08,
            "eps_avg_yearly": 3.24,
            "eps_latest_yearly": 0.36,
            "eps_growth_yearly": 12.86
        },
        "20173": {
            "year_quarter": 20173,
            "year": 2017,
            "quarter": 3,
            "eps": -0.24,
            "eps_growth_year": null,
            "eps_4q": 0.98,
            "eps_4q_growth_year": 58.53,
            "roe": -1.51,
            "roe_4q": 4.04,
            "gross_profit": 19469,
            "gross_margin": 26.13,
            "gross_margin_4q_avg": 28.34,
            "net_income": -106201,
            "net_income_4q": null,
            "revenue": 74522,
            "revenue_4q": null,
            "common_shares": 3420814,
            "book_valuer_per_share": 19.2,
            "book_valuer_per_share_4q_avg": 19.06,
            "equity": 6808475,
            "current_ratio": 146.6,
            "debt_ratio": 74.89,
            "inventory_turnover_ratio": 0,
            "account_receivable_turnover_ratio": 2.63,
            "reinvestment_rate": 106.96,
            "research_to_sale_ratio": null,
            "price_fair": 8.16,
            "eps_avg_yearly": 2.72,
            "eps_latest_yearly": 0.36,
            "eps_growth_yearly": -230.47
        },
        "20174": {
            "year_quarter": 20174,
            "year": 2017,
            "quarter": 4,
            "eps": 2.93,
            "eps_growth_year": 81.86,
            "eps_4q": 2.12,
            "eps_4q_growth_year": 88.51,
            "roe": 13.38,
            "roe_4q": 9.18,
            "gross_profit": 1231186,
            "gross_margin": 30.06,
            "gross_margin_4q_avg": 27.2,
            "net_income": 993056,
            "net_income_4q": null,
            "revenue": 4095768,
            "revenue_4q": null,
            "common_shares": 3426457,
            "book_valuer_per_share": 22.75,
            "book_valuer_per_share_4q_avg": 19.89,
            "equity": 8034952,
            "current_ratio": 140.15,
            "debt_ratio": 71.04,
            "inventory_turnover_ratio": 0.15,
            "account_receivable_turnover_ratio": 3.21,
            "reinvestment_rate": 58.95,
            "research_to_sale_ratio": null,
            "price_fair": 9.84,
            "eps_avg_yearly": 3.28,
            "eps_latest_yearly": 0.36,
            "eps_growth_yearly": -212.37
        },
        "20181": {
            "year_quarter": 20181,
            "year": 2018,
            "quarter": 1,
            "eps": 2.28,
            "eps_growth_year": null,
            "eps_4q": 4.64,
            "eps_4q_growth_year": 477,
            "roe": 9.16,
            "roe_4q": 19.659999999999997,
            "gross_profit": 1194367,
            "gross_margin": 29.54,
            "gross_margin_4q_avg": 27.7,
            "net_income": 780673,
            "net_income_4q": null,
            "revenue": 4043310,
            "revenue_4q": null,
            "common_shares": 3454297,
            "book_valuer_per_share": 25.09,
            "book_valuer_per_share_4q_avg": 21.37,
            "equity": 9002084,
            "current_ratio": 164.87,
            "debt_ratio": 61.92,
            "inventory_turnover_ratio": 0.18,
            "account_receivable_turnover_ratio": 2.81,
            "reinvestment_rate": 31.82,
            "research_to_sale_ratio": null,
            "price_fair": 15.68,
            "eps_avg_yearly": 5.23,
            "eps_latest_yearly": 9.12,
            "eps_growth_yearly": -171.16
        },
        "20182": {
            "year_quarter": 20182,
            "year": 2018,
            "quarter": 2,
            "eps": -0.08,
            "eps_growth_year": null,
            "eps_4q": 4.7,
            "eps_4q_growth_year": 446.32,
            "roe": -0.38,
            "roe_4q": 20.65,
            "gross_profit": 178757,
            "gross_margin": 25.17,
            "gross_margin_4q_avg": 27.73,
            "net_income": -33212,
            "net_income_4q": null,
            "revenue": 710216,
            "revenue_4q": null,
            "common_shares": 3555124,
            "book_valuer_per_share": 23.54,
            "book_valuer_per_share_4q_avg": 22.65,
            "equity": 8691204,
            "current_ratio": 198.18,
            "debt_ratio": 63.25,
            "inventory_turnover_ratio": 0.04,
            "account_receivable_turnover_ratio": 3.6,
            "reinvestment_rate": 11.27,
            "research_to_sale_ratio": null,
            "price_fair": 15.68,
            "eps_avg_yearly": 5.23,
            "eps_latest_yearly": 9.12,
            "eps_growth_yearly": -171.16
        },
        "20183": {
            "year_quarter": 20183,
            "year": 2018,
            "quarter": 3,
            "eps": 0,
            "eps_growth_year": null,
            "eps_4q": 5.1,
            "eps_4q_growth_year": 418.88,
            "roe": -0.05,
            "roe_4q": 22.11,
            "gross_profit": 120894,
            "gross_margin": 24.48,
            "gross_margin_4q_avg": 27.31,
            "net_income": -4247,
            "net_income_4q": null,
            "revenue": 493760,
            "revenue_4q": null,
            "common_shares": 3453878,
            "book_valuer_per_share": 24.01,
            "book_valuer_per_share_4q_avg": 23.85,
            "equity": 8604738,
            "current_ratio": 197.97,
            "debt_ratio": 63.53,
            "inventory_turnover_ratio": 0.03,
            "account_receivable_turnover_ratio": 6.97,
            "reinvestment_rate": 4.75,
            "research_to_sale_ratio": null,
            "price_fair": 15.68,
            "eps_avg_yearly": 5.23,
            "eps_latest_yearly": 9.12,
            "eps_growth_yearly": -171.16
        },
        "20184": {
            "year_quarter": 20184,
            "year": 2018,
            "quarter": 4,
            "eps": -0.14,
            "eps_growth_year": -104.67,
            "eps_4q": 2.05,
            "eps_4q_growth_year": -3.47,
            "roe": -0.59,
            "roe_4q": 8.14,
            "gross_profit": 81059,
            "gross_margin": 18.01,
            "gross_margin_4q_avg": 24.3,
            "net_income": -50418,
            "net_income_4q": null,
            "revenue": 450138,
            "revenue_4q": null,
            "common_shares": 3461955,
            "book_valuer_per_share": 23.77,
            "book_valuer_per_share_4q_avg": 24.1,
            "equity": 8535029,
            "current_ratio": 196.13,
            "debt_ratio": 63.78,
            "inventory_turnover_ratio": 0.03,
            "account_receivable_turnover_ratio": 6.57,
            "reinvestment_rate": 4.85,
            "research_to_sale_ratio": null,
            "price_fair": 15.68,
            "eps_avg_yearly": 5.23,
            "eps_latest_yearly": 9.12,
            "eps_growth_yearly": -171.16
        },
        "20191": {
            "year_quarter": 20191,
            "year": 2019,
            "quarter": 1,
            "eps": -0.16,
            "eps_growth_year": -107.02,
            "eps_4q": -0.37,
            "eps_4q_growth_year": -108.03,
            "roe": -0.67,
            "roe_4q": -1.69,
            "gross_profit": 52674,
            "gross_margin": 19.77,
            "gross_margin_4q_avg": 21.86,
            "net_income": -56794,
            "net_income_4q": null,
            "revenue": 266450,
            "revenue_4q": null,
            "common_shares": 3461955,
            "book_valuer_per_share": 23.78,
            "book_valuer_per_share_4q_avg": 23.78,
            "equity": 8541483,
            "current_ratio": 185.15,
            "debt_ratio": 64.27,
            "inventory_turnover_ratio": 0.01,
            "account_receivable_turnover_ratio": 6.29,
            "reinvestment_rate": 0.77,
            "research_to_sale_ratio": null,
            "price_fair": 14.22,
            "eps_avg_yearly": 4.74,
            "eps_latest_yearly": 9.12,
            "eps_growth_yearly": -228
        },
        "20192": {
            "year_quarter": 20192,
            "year": 2019,
            "quarter": 2,
            "eps": -0.27,
            "eps_growth_year": null,
            "eps_4q": -0.56,
            "eps_4q_growth_year": -111.95,
            "roe": -1.22,
            "roe_4q": -2.53,
            "gross_profit": 56684,
            "gross_margin": 22,
            "gross_margin_4q_avg": 21.07,
            "net_income": -99605,
            "net_income_4q": null,
            "revenue": 257655,
            "revenue_4q": null,
            "common_shares": 3461955,
            "book_valuer_per_share": 21.46,
            "book_valuer_per_share_4q_avg": 23.26,
            "equity": 7732720,
            "current_ratio": 169.41,
            "debt_ratio": 68.18,
            "inventory_turnover_ratio": 0.01,
            "account_receivable_turnover_ratio": 6.21,
            "reinvestment_rate": 61.7,
            "research_to_sale_ratio": null,
            "price_fair": 14.22,
            "eps_avg_yearly": 4.74,
            "eps_latest_yearly": 9.12,
            "eps_growth_yearly": -228
        },
        "20193": {
            "year_quarter": 20193,
            "year": 2019,
            "quarter": 3,
            "eps": 0.54,
            "eps_growth_year": null,
            "eps_4q": -0.02,
            "eps_4q_growth_year": -100.44,
            "roe": 2.32,
            "roe_4q": -0.16000000000000014,
            "gross_profit": 316675,
            "gross_margin": 40.17,
            "gross_margin_4q_avg": 24.99,
            "net_income": 180219,
            "net_income_4q": null,
            "revenue": 788322,
            "revenue_4q": null,
            "common_shares": 3461955,
            "book_valuer_per_share": 21.68,
            "book_valuer_per_share_4q_avg": 22.67,
            "equity": 7827844,
            "current_ratio": 165.66,
            "debt_ratio": 69.64,
            "inventory_turnover_ratio": 0.03,
            "account_receivable_turnover_ratio": 19.98,
            "reinvestment_rate": 48.35,
            "research_to_sale_ratio": null,
            "price_fair": 14.22,
            "eps_avg_yearly": 4.74,
            "eps_latest_yearly": 9.12,
            "eps_growth_yearly": -228
        },
        "20194": {
            "year_quarter": 20194,
            "year": 2019,
            "quarter": 4,
            "eps": 0.23,
            "eps_growth_year": null,
            "eps_4q": 0.34,
            "eps_4q_growth_year": -83.19,
            "roe": 0.93,
            "roe_4q": 1.3600000000000003,
            "gross_profit": 271475,
            "gross_margin": 28.05,
            "gross_margin_4q_avg": 27.5,
            "net_income": 73122,
            "net_income_4q": null,
            "revenue": 967874,
            "revenue_4q": null,
            "common_shares": 3461955,
            "book_valuer_per_share": 21.88,
            "book_valuer_per_share_4q_avg": 22.2,
            "equity": 7874857,
            "current_ratio": 163.66,
            "debt_ratio": 70.2,
            "inventory_turnover_ratio": 0.04,
            "account_receivable_turnover_ratio": 19.66,
            "reinvestment_rate": 47.85,
            "research_to_sale_ratio": null,
            "price_fair": 10.4,
            "eps_avg_yearly": 3.47,
            "eps_latest_yearly": 0.92,
            "eps_growth_yearly": -228.55
        },
        "20201": {
            "year_quarter": 20201,
            "year": 2020,
            "quarter": 1,
            "eps": -0.05,
            "eps_growth_year": null,
            "eps_4q": 0.45,
            "eps_4q_growth_year": null,
            "roe": -0.3,
            "roe_4q": 1.7300000000000002,
            "gross_profit": 182468,
            "gross_margin": 15.34,
            "gross_margin_4q_avg": 26.39,
            "net_income": -23357,
            "net_income_4q": null,
            "revenue": 1189496,
            "revenue_4q": null,
            "common_shares": 3461955,
            "book_valuer_per_share": 21.7,
            "book_valuer_per_share_4q_avg": 21.68,
            "equity": 7795525,
            "current_ratio": 178.21,
            "debt_ratio": 70.75,
            "inventory_turnover_ratio": 0.06,
            "account_receivable_turnover_ratio": 14.25,
            "reinvestment_rate": 45.47,
            "research_to_sale_ratio": null,
            "price_fair": 15.06,
            "eps_avg_yearly": 5.02,
            "eps_latest_yearly": 0.92,
            "eps_growth_yearly": -159.18
        },
        "20202": {
            "year_quarter": 20202,
            "year": 2020,
            "quarter": 2,
            "eps": -0.07,
            "eps_growth_year": null,
            "eps_4q": 0.65,
            "eps_4q_growth_year": null,
            "roe": -0.41,
            "roe_4q": 2.54,
            "gross_profit": 146309,
            "gross_margin": 18.37,
            "gross_margin_4q_avg": 25.48,
            "net_income": -31844,
            "net_income_4q": null,
            "revenue": 796274,
            "revenue_4q": null,
            "common_shares": 3461955,
            "book_valuer_per_share": 21.68,
            "book_valuer_per_share_4q_avg": 21.74,
            "equity": 7779097,
            "current_ratio": 168.54,
            "debt_ratio": 72.52,
            "inventory_turnover_ratio": 0.03,
            "account_receivable_turnover_ratio": 11.15,
            "reinvestment_rate": 41.26,
            "research_to_sale_ratio": null,
            "price_fair": 15.06,
            "eps_avg_yearly": 5.02,
            "eps_latest_yearly": 0.92,
            "eps_growth_yearly": -159.18
        },
        "20203": {
            "year_quarter": 20203,
            "year": 2020,
            "quarter": 3,
            "eps": 0.11,
            "eps_growth_year": -79.63,
            "eps_4q": 0.22,
            "eps_4q_growth_year": null,
            "roe": 0.49,
            "roe_4q": 0.7100000000000001,
            "gross_profit": 177582,
            "gross_margin": 20.94,
            "gross_margin_4q_avg": 20.68,
            "net_income": 38135,
            "net_income_4q": null,
            "revenue": 848154,
            "revenue_4q": null,
            "common_shares": 3461955,
            "book_valuer_per_share": 21.79,
            "book_valuer_per_share_4q_avg": 21.76,
            "equity": 7840639,
            "current_ratio": 160.76,
            "debt_ratio": 73.5,
            "inventory_turnover_ratio": 0.03,
            "account_receivable_turnover_ratio": 12.7,
            "reinvestment_rate": 31.35,
            "research_to_sale_ratio": null,
            "price_fair": 15.06,
            "eps_avg_yearly": 5.02,
            "eps_latest_yearly": 0.92,
            "eps_growth_yearly": -159.18
        },
        "20204": {
            "year_quarter": 20204,
            "year": 2020,
            "quarter": 4,
            "eps": 1.77,
            "eps_growth_year": 668.24,
            "eps_4q": 1.76,
            "eps_4q_growth_year": 410.82,
            "roe": 7.55,
            "roe_4q": 7.329999999999999,
            "gross_profit": 831568,
            "gross_margin": 30.23,
            "gross_margin_4q_avg": 21.22,
            "net_income": 615101,
            "net_income_4q": null,
            "revenue": 2751040,
            "revenue_4q": null,
            "common_shares": 3461955,
            "book_valuer_per_share": 23.48,
            "book_valuer_per_share_4q_avg": 22.16,
            "equity": 8443992,
            "current_ratio": 153.63,
            "debt_ratio": 75.98,
            "inventory_turnover_ratio": 0.08,
            "account_receivable_turnover_ratio": 4.02,
            "reinvestment_rate": 31.85,
            "research_to_sale_ratio": null,
            "price_fair": 199.73,
            "eps_avg_yearly": 5.71,
            "eps_latest_yearly": 7.08,
            "eps_growth_yearly": 1906
        },
        "20211": {
            "year_quarter": 20211,
            "year": 2021,
            "quarter": 1,
            "eps": 0.83,
            "eps_growth_year": null,
            "eps_4q": 2.64,
            "eps_4q_growth_year": 489.05,
            "roe": 3.34,
            "roe_4q": 10.97,
            "gross_profit": 554567,
            "gross_margin": 24.94,
            "gross_margin_4q_avg": 23.62,
            "net_income": 285840,
            "net_income_4q": null,
            "revenue": 2223551,
            "revenue_4q": null,
            "common_shares": 3462014,
            "book_valuer_per_share": 24.2,
            "book_valuer_per_share_4q_avg": 22.79,
            "equity": 8683647,
            "current_ratio": 157.49,
            "debt_ratio": 74.68,
            "inventory_turnover_ratio": 0.06,
            "account_receivable_turnover_ratio": 2.66,
            "reinvestment_rate": 23.61,
            "research_to_sale_ratio": null,
            "price_fair": 178.85,
            "eps_avg_yearly": 5.11,
            "eps_latest_yearly": 3.32,
            "eps_growth_yearly": 1376.39
        },
        "20212": {
            "year_quarter": 20212,
            "year": 2021,
            "quarter": 2,
            "eps": -0.12,
            "eps_growth_year": null,
            "eps_4q": 2.58,
            "eps_4q_growth_year": 295.83,
            "roe": -0.48,
            "roe_4q": 10.9,
            "gross_profit": 104737,
            "gross_margin": 18.9,
            "gross_margin_4q_avg": 23.75,
            "net_income": -41219,
            "net_income_4q": null,
            "revenue": 554246,
            "revenue_4q": null,
            "common_shares": 3469592,
            "book_valuer_per_share": 23.97,
            "book_valuer_per_share_4q_avg": 23.36,
            "equity": 8632987,
            "current_ratio": 161.81,
            "debt_ratio": 75.99,
            "inventory_turnover_ratio": 0.02,
            "account_receivable_turnover_ratio": 1.64,
            "reinvestment_rate": 19.5,
            "research_to_sale_ratio": null,
            "price_fair": 178.85,
            "eps_avg_yearly": 5.11,
            "eps_latest_yearly": 3.32,
            "eps_growth_yearly": 1376.39
        },
        "20213": {
            "year_quarter": 20213,
            "year": 2021,
            "quarter": 3,
            "eps": -0.04,
            "eps_growth_year": -136.36,
            "eps_4q": 2.43,
            "eps_4q_growth_year": 998.58,
            "roe": -0.16,
            "roe_4q": 10.25,
            "gross_profit": 88481,
            "gross_margin": 52.7,
            "gross_margin_4q_avg": 31.69,
            "net_income": -14029,
            "net_income_4q": null,
            "revenue": 167884,
            "revenue_4q": null,
            "common_shares": 3469592,
            "book_valuer_per_share": 21.98,
            "book_valuer_per_share_4q_avg": 23.41,
            "equity": 8883097,
            "current_ratio": 157.56,
            "debt_ratio": 76.63,
            "inventory_turnover_ratio": 0,
            "account_receivable_turnover_ratio": 0.7,
            "reinvestment_rate": 3.25,
            "research_to_sale_ratio": null,
            "price_fair": 178.85,
            "eps_avg_yearly": 5.11,
            "eps_latest_yearly": 3.32,
            "eps_growth_yearly": 1376.39
        },
        "20214": {
            "year_quarter": 20214,
            "year": 2021,
            "quarter": 4,
            "eps": 0.07,
            "eps_growth_year": -96.3,
            "eps_4q": 0.73,
            "eps_4q_growth_year": -58.55,
            "roe": 0.35,
            "roe_4q": 3.05,
            "gross_profit": 64119,
            "gross_margin": 61.79,
            "gross_margin_4q_avg": 39.58,
            "net_income": 30982,
            "net_income_4q": null,
            "revenue": 103763,
            "revenue_4q": null,
            "common_shares": 3469592,
            "book_valuer_per_share": 22.03,
            "book_valuer_per_share_4q_avg": 23.05,
            "equity": 8906588,
            "current_ratio": 148.93,
            "debt_ratio": 79.25,
            "inventory_turnover_ratio": 0,
            "account_receivable_turnover_ratio": 0.69,
            "reinvestment_rate": -17.91,
            "research_to_sale_ratio": null,
            "price_fair": 178.85,
            "eps_avg_yearly": 5.11,
            "eps_latest_yearly": 3.32,
            "eps_growth_yearly": 1376.39
        },
        "20221": {
            "year_quarter": 20221,
            "year": 2022,
            "quarter": 1,
            "eps": -0.33,
            "eps_growth_year": -139.76,
            "eps_4q": -0.43,
            "eps_4q_growth_year": -116.11,
            "roe": -1.36,
            "roe_4q": -1.6500000000000001,
            "gross_profit": 14826,
            "gross_margin": 26.25,
            "gross_margin_4q_avg": 39.91,
            "net_income": -120705,
            "net_income_4q": null,
            "revenue": 56479,
            "revenue_4q": null,
            "common_shares": 3469721,
            "book_valuer_per_share": 21.86,
            "book_valuer_per_share_4q_avg": 22.46,
            "equity": 8853707,
            "current_ratio": 144.6,
            "debt_ratio": 80.37,
            "inventory_turnover_ratio": 0,
            "account_receivable_turnover_ratio": 0.55,
            "reinvestment_rate": 3.95,
            "research_to_sale_ratio": null,
            "price_fair": 132.07,
            "eps_avg_yearly": 3.77,
            "eps_latest_yearly": 3.32,
            "eps_growth_yearly": 1864.77
        },
        "20222": {
            "year_quarter": 20222,
            "year": 2022,
            "quarter": 2,
            "eps": 0.66,
            "eps_growth_year": null,
            "eps_4q": 0.32,
            "eps_4q_growth_year": -87.74,
            "roe": 2.53,
            "roe_4q": 1.3599999999999997,
            "gross_profit": 523375,
            "gross_margin": 24.34,
            "gross_margin_4q_avg": 41.27,
            "net_income": 235475,
            "net_income_4q": null,
            "revenue": 2150088,
            "revenue_4q": null,
            "common_shares": 4256693,
            "book_valuer_per_share": 19.92,
            "book_valuer_per_share_4q_avg": 21.45,
            "equity": 9727709,
            "current_ratio": 147.95,
            "debt_ratio": 78.77,
            "inventory_turnover_ratio": 0.05,
            "account_receivable_turnover_ratio": 24.06,
            "reinvestment_rate": -5.08,
            "research_to_sale_ratio": null,
            "price_fair": 132.07,
            "eps_avg_yearly": 3.77,
            "eps_latest_yearly": 3.32,
            "eps_growth_yearly": 1864.77
        },
        "20223": {
            "year_quarter": 20223,
            "year": 2022,
            "quarter": 3,
            "eps": 0.07,
            "eps_growth_year": null,
            "eps_4q": 0.42,
            "eps_4q_growth_year": -82.63,
            "roe": 0.08,
            "roe_4q": 1.5999999999999996,
            "gross_profit": 198970,
            "gross_margin": 35.64,
            "gross_margin_4q_avg": 37.01,
            "net_income": 7618,
            "net_income_4q": null,
            "revenue": 558331,
            "revenue_4q": null,
            "common_shares": 4256767,
            "book_valuer_per_share": 20.01,
            "book_valuer_per_share_4q_avg": 20.96,
            "equity": 9744831,
            "current_ratio": 147.87,
            "debt_ratio": 79.58,
            "inventory_turnover_ratio": 0.01,
            "account_receivable_turnover_ratio": 2.65,
            "reinvestment_rate": -5.49,
            "research_to_sale_ratio": null,
            "price_fair": 101.5,
            "eps_avg_yearly": 2.9,
            "eps_latest_yearly": 0.28,
            "eps_growth_yearly": 1309.18
        },
        "20224": {
            "year_quarter": 20224,
            "year": 2022,
            "quarter": 4,
            "eps": 0.26,
            "eps_growth_year": 301.16,
            "eps_4q": 0.63,
            "eps_4q_growth_year": -13.27,
            "roe": 1.04,
            "roe_4q": 2.29,
            "gross_profit": 22751,
            "gross_margin": 13.46,
            "gross_margin_4q_avg": 24.92,
            "net_income": 102128,
            "net_income_4q": null,
            "revenue": 168983,
            "revenue_4q": null,
            "common_shares": 4257060,
            "book_valuer_per_share": 20.35,
            "book_valuer_per_share_4q_avg": 20.54,
            "equity": 9867189,
            "current_ratio": 144.19,
            "debt_ratio": 80.43,
            "inventory_turnover_ratio": 0,
            "account_receivable_turnover_ratio": 0.85,
            "reinvestment_rate": -27.11,
            "research_to_sale_ratio": null,
            "price_fair": 88.48,
            "eps_avg_yearly": 2.53,
            "eps_latest_yearly": 1.04,
            "eps_growth_yearly": 1264.49
        },
        "20231": {
            "year_quarter": 20231,
            "year": 2023,
            "quarter": 1,
            "eps": -0.09,
            "eps_growth_year": null,
            "eps_4q": 0.81,
            "eps_4q_growth_year": null,
            "roe": -0.52,
            "roe_4q": 3.13,
            "gross_profit": 32839,
            "gross_margin": 37.51,
            "gross_margin_4q_avg": 27.74,
            "net_income": -51562,
            "net_income_4q": null,
            "revenue": 87552,
            "revenue_4q": null,
            "common_shares": 4257207,
            "book_valuer_per_share": 20.25,
            "book_valuer_per_share_4q_avg": 20.13,
            "equity": 9810290,
            "current_ratio": 142.18,
            "debt_ratio": 80.97,
            "inventory_turnover_ratio": 0,
            "account_receivable_turnover_ratio": 1.53,
            "reinvestment_rate": -23.36,
            "research_to_sale_ratio": null,
            "price_fair": 88.48,
            "eps_avg_yearly": 2.53,
            "eps_latest_yearly": 1.04,
            "eps_growth_yearly": 1264.49
        },
        "20232": {
            "year_quarter": 20232,
            "year": 2023,
            "quarter": 2,
            "eps": -0.16,
            "eps_growth_year": -124.24,
            "eps_4q": 0.07,
            "eps_4q_growth_year": -77.12,
            "roe": -0.9,
            "roe_4q": -0.2999999999999999,
            "gross_profit": 37587,
            "gross_margin": 28.61,
            "gross_margin_4q_avg": 28.81,
            "net_income": -86788,
            "net_income_4q": null,
            "revenue": 131380,
            "revenue_4q": null,
            "common_shares": 4562204,
            "book_valuer_per_share": 18.04,
            "book_valuer_per_share_4q_avg": 19.66,
            "equity": 9415893,
            "current_ratio": 134.69,
            "debt_ratio": 82.45,
            "inventory_turnover_ratio": 0,
            "account_receivable_turnover_ratio": 3,
            "reinvestment_rate": -21.75,
            "research_to_sale_ratio": null,
            "price_fair": 88.48,
            "eps_avg_yearly": 2.53,
            "eps_latest_yearly": 1.04,
            "eps_growth_yearly": 1264.49
        },
        "20233": {
            "year_quarter": 20233,
            "year": 2023,
            "quarter": 3,
            "eps": 1.15,
            "eps_growth_year": 1542.86,
            "eps_4q": 1.11,
            "eps_4q_growth_year": 163.82,
            "roe": 5.34,
            "roe_4q": 4.959999999999999,
            "gross_profit": 817426,
            "gross_margin": 34.89,
            "gross_margin_4q_avg": 28.62,
            "net_income": 550007,
            "net_income_4q": null,
            "revenue": 2343163,
            "revenue_4q": null,
            "common_shares": 5062204,
            "book_valuer_per_share": 19.75,
            "book_valuer_per_share_4q_avg": 19.6,
            "equity": 11182278,
            "current_ratio": 143.84,
            "debt_ratio": 79.44,
            "inventory_turnover_ratio": 0.04,
            "account_receivable_turnover_ratio": 14.92,
            "reinvestment_rate": -13.87,
            "research_to_sale_ratio": null,
            "price_fair": 88.48,
            "eps_avg_yearly": 2.53,
            "eps_latest_yearly": 1.04,
            "eps_growth_yearly": 1264.49
        }
    },
    "months": {
        "2003-04": {
            "month": "2003-04",
            "price": "16.64",
            "revenue": 8831
        },
        "2003-05": {
            "month": "2003-05",
            "price": "14.49",
            "revenue": 36146
        },
        "2003-06": {
            "month": "2003-06",
            "price": "17.34",
            "revenue": 17534
        },
        "2003-07": {
            "month": "2003-07",
            "price": "17.40",
            "revenue": 8219
        },
        "2003-08": {
            "month": "2003-08",
            "price": "14.75",
            "revenue": 14431
        },
        "2003-09": {
            "month": "2003-09",
            "price": "13.90",
            "revenue": 35623
        },
        "2003-10": {
            "month": "2003-10",
            "price": "13.77",
            "revenue": 6482
        },
        "2003-11": {
            "month": "2003-11",
            "price": "13.62",
            "revenue": 52859
        },
        "2003-12": {
            "month": "2003-12",
            "price": "15.09",
            "revenue": 151583
        },
        "2004-01": {
            "month": "2004-01",
            "price": "15.49",
            "revenue": 22731
        },
        "2004-02": {
            "month": "2004-02",
            "price": "15.88",
            "revenue": 23343
        },
        "2004-03": {
            "month": "2004-03",
            "price": "15.12",
            "revenue": 22820
        },
        "2004-04": {
            "month": "2004-04",
            "price": "14.75",
            "revenue": 67163
        },
        "2004-05": {
            "month": "2004-05",
            "price": "14.90",
            "revenue": 10142
        },
        "2004-06": {
            "month": "2004-06",
            "price": "13.99",
            "revenue": 87654
        },
        "2004-07": {
            "month": "2004-07",
            "price": "9.20",
            "revenue": 10112
        },
        "2004-08": {
            "month": "2004-08",
            "price": "8.15",
            "revenue": 11688
        },
        "2004-09": {
            "month": "2004-09",
            "price": "6.86",
            "revenue": 16271
        },
        "2004-10": {
            "month": "2004-10",
            "price": "5.90",
            "revenue": 12345
        },
        "2004-11": {
            "month": "2004-11",
            "price": "5.50",
            "revenue": 16721
        },
        "2004-12": {
            "month": "2004-12",
            "price": "4.10",
            "revenue": 85688
        },
        "2005-01": {
            "month": "2005-01",
            "price": "4.00",
            "revenue": 12153
        },
        "2005-02": {
            "month": "2005-02",
            "price": "3.99",
            "revenue": 8454
        },
        "2005-03": {
            "month": "2005-03",
            "price": "4.24",
            "revenue": 8403
        },
        "2005-04": {
            "month": "2005-04",
            "price": "3.84",
            "revenue": 8662
        },
        "2005-05": {
            "month": "2005-05",
            "price": "3.63",
            "revenue": 8415
        },
        "2005-06": {
            "month": "2005-06",
            "price": "4.16",
            "revenue": 19420
        },
        "2005-07": {
            "month": "2005-07",
            "price": "4.33",
            "revenue": 12866
        },
        "2005-08": {
            "month": "2005-08",
            "price": "4.03",
            "revenue": 24880
        },
        "2005-09": {
            "month": "2005-09",
            "price": "3.51",
            "revenue": 56000
        },
        "2005-10": {
            "month": "2005-10",
            "price": "4.16",
            "revenue": 31747
        },
        "2005-11": {
            "month": "2005-11",
            "price": "4.34",
            "revenue": 13555
        },
        "2005-12": {
            "month": "2005-12",
            "price": "4.12",
            "revenue": 21936
        },
        "2006-01": {
            "month": "2006-01",
            "price": "5.46",
            "revenue": 1288
        },
        "2006-02": {
            "month": "2006-02",
            "price": "5.13",
            "revenue": 2008
        },
        "2006-03": {
            "month": "2006-03",
            "price": "4.77",
            "revenue": 3675
        },
        "2006-04": {
            "month": "2006-04",
            "price": "4.14",
            "revenue": 1204
        },
        "2006-05": {
            "month": "2006-05",
            "price": "4.33",
            "revenue": 1334
        },
        "2006-06": {
            "month": "2006-06",
            "price": "4.05",
            "revenue": 1994
        },
        "2006-07": {
            "month": "2006-07",
            "price": "4.53",
            "revenue": 929
        },
        "2006-08": {
            "month": "2006-08",
            "price": "4.61",
            "revenue": 8678
        },
        "2006-09": {
            "month": "2006-09",
            "price": "6.63",
            "revenue": 839
        },
        "2006-10": {
            "month": "2006-10",
            "price": "17.86",
            "revenue": 2400
        },
        "2006-11": {
            "month": "2006-11",
            "price": "24.66",
            "revenue": 1333
        },
        "2006-12": {
            "month": "2006-12",
            "price": "25.97",
            "revenue": 1250
        },
        "2007-01": {
            "month": "2007-01",
            "price": "29.37",
            "revenue": 821
        },
        "2007-02": {
            "month": "2007-02",
            "price": "26.96",
            "revenue": 821
        },
        "2007-03": {
            "month": "2007-03",
            "price": "28.89",
            "revenue": 821
        },
        "2007-04": {
            "month": "2007-04",
            "price": "26.48",
            "revenue": 821
        },
        "2007-05": {
            "month": "2007-05",
            "price": "26.02",
            "revenue": 821
        },
        "2007-06": {
            "month": "2007-06",
            "price": "25.67",
            "revenue": 821
        },
        "2007-07": {
            "month": "2007-07",
            "price": "26.05",
            "revenue": 19905
        },
        "2007-08": {
            "month": "2007-08",
            "price": "24.66",
            "revenue": 480604
        },
        "2007-09": {
            "month": "2007-09",
            "price": "24.48",
            "revenue": 75249
        },
        "2007-10": {
            "month": "2007-10",
            "price": "27.55",
            "revenue": 42538
        },
        "2007-11": {
            "month": "2007-11",
            "price": "22.62",
            "revenue": 18579
        },
        "2007-12": {
            "month": "2007-12",
            "price": "18.02",
            "revenue": 131237
        },
        "2008-01": {
            "month": "2008-01",
            "price": "18.53",
            "revenue": 44950
        },
        "2008-02": {
            "month": "2008-02",
            "price": "19.11",
            "revenue": 5208
        },
        "2008-03": {
            "month": "2008-03",
            "price": "19.04",
            "revenue": 75487
        },
        "2008-04": {
            "month": "2008-04",
            "price": "24.77",
            "revenue": 20897
        },
        "2008-05": {
            "month": "2008-05",
            "price": "26.08",
            "revenue": 80987
        },
        "2008-06": {
            "month": "2008-06",
            "price": "24.76",
            "revenue": 207595
        },
        "2008-07": {
            "month": "2008-07",
            "price": "20.12",
            "revenue": 12206
        },
        "2008-08": {
            "month": "2008-08",
            "price": "15.74",
            "revenue": 15850
        },
        "2008-09": {
            "month": "2008-09",
            "price": "10.39",
            "revenue": 216489
        },
        "2008-10": {
            "month": "2008-10",
            "price": "8.03",
            "revenue": 66426
        },
        "2008-11": {
            "month": "2008-11",
            "price": "6.56",
            "revenue": 102150
        },
        "2008-12": {
            "month": "2008-12",
            "price": "6.66",
            "revenue": 264775
        },
        "2009-01": {
            "month": "2009-01",
            "price": "6.82",
            "revenue": 67076
        },
        "2009-02": {
            "month": "2009-02",
            "price": "6.51",
            "revenue": 9992
        },
        "2009-03": {
            "month": "2009-03",
            "price": "7.31",
            "revenue": 104192
        },
        "2009-04": {
            "month": "2009-04",
            "price": "10.38",
            "revenue": 64123
        },
        "2009-05": {
            "month": "2009-05",
            "price": "12.75",
            "revenue": 89402
        },
        "2009-06": {
            "month": "2009-06",
            "price": "15.74",
            "revenue": 514332
        },
        "2009-07": {
            "month": "2009-07",
            "price": "33.12",
            "revenue": 139883
        },
        "2009-08": {
            "month": "2009-08",
            "price": "26.58",
            "revenue": 58645
        },
        "2009-09": {
            "month": "2009-09",
            "price": "28.71",
            "revenue": 133567
        },
        "2009-10": {
            "month": "2009-10",
            "price": "35.50",
            "revenue": 57970
        },
        "2009-11": {
            "month": "2009-11",
            "price": "34.12",
            "revenue": 81380
        },
        "2009-12": {
            "month": "2009-12",
            "price": "30.82",
            "revenue": 431409
        },
        "2010-01": {
            "month": "2010-01",
            "price": "34.27",
            "revenue": 806272
        },
        "2010-02": {
            "month": "2010-02",
            "price": "33.26",
            "revenue": 10253
        },
        "2010-03": {
            "month": "2010-03",
            "price": "34.23",
            "revenue": 5076
        },
        "2010-04": {
            "month": "2010-04",
            "price": "36.47",
            "revenue": 431
        },
        "2010-05": {
            "month": "2010-05",
            "price": "36.04",
            "revenue": 926
        },
        "2010-06": {
            "month": "2010-06",
            "price": "35.12",
            "revenue": 199403
        },
        "2010-07": {
            "month": "2010-07",
            "price": "35.10",
            "revenue": 3919
        },
        "2010-08": {
            "month": "2010-08",
            "price": "31.98",
            "revenue": 1017731
        },
        "2010-09": {
            "month": "2010-09",
            "price": "33.66",
            "revenue": 458
        },
        "2010-10": {
            "month": "2010-10",
            "price": "32.81",
            "revenue": 454
        },
        "2010-11": {
            "month": "2010-11",
            "price": "34.17",
            "revenue": 466
        },
        "2010-12": {
            "month": "2010-12",
            "price": "36.49",
            "revenue": 156016
        },
        "2011-01": {
            "month": "2011-01",
            "price": "41.29",
            "revenue": 295619
        },
        "2011-02": {
            "month": "2011-02",
            "price": "39.05",
            "revenue": 241592
        },
        "2011-03": {
            "month": "2011-03",
            "price": "34.63",
            "revenue": 2067505
        },
        "2011-04": {
            "month": "2011-04",
            "price": "37.18",
            "revenue": 123843
        },
        "2011-05": {
            "month": "2011-05",
            "price": "39.43",
            "revenue": 53542
        },
        "2011-06": {
            "month": "2011-06",
            "price": "39.74",
            "revenue": 50064
        },
        "2011-07": {
            "month": "2011-07",
            "price": "42.88",
            "revenue": 65815
        },
        "2011-08": {
            "month": "2011-08",
            "price": "38.71",
            "revenue": 47455
        },
        "2011-09": {
            "month": "2011-09",
            "price": "33.54",
            "revenue": 105254
        },
        "2011-10": {
            "month": "2011-10",
            "price": "24.15",
            "revenue": 102933
        },
        "2011-11": {
            "month": "2011-11",
            "price": "22.24",
            "revenue": 122994
        },
        "2011-12": {
            "month": "2011-12",
            "price": "21.15",
            "revenue": 121496
        },
        "2012-01": {
            "month": "2012-01",
            "price": "20.54",
            "revenue": 194130
        },
        "2012-02": {
            "month": "2012-02",
            "price": "23.34",
            "revenue": 74535
        },
        "2012-03": {
            "month": "2012-03",
            "price": "25.63",
            "revenue": 286784
        },
        "2012-04": {
            "month": "2012-04",
            "price": "23.57",
            "revenue": 35239
        },
        "2012-05": {
            "month": "2012-05",
            "price": "23.75",
            "revenue": 111481
        },
        "2012-06": {
            "month": "2012-06",
            "price": "23.08",
            "revenue": 736190
        },
        "2012-07": {
            "month": "2012-07",
            "price": "23.25",
            "revenue": 103300
        },
        "2012-08": {
            "month": "2012-08",
            "price": "22.87",
            "revenue": 149079
        },
        "2012-09": {
            "month": "2012-09",
            "price": "25.76",
            "revenue": 133177
        },
        "2012-10": {
            "month": "2012-10",
            "price": "23.34",
            "revenue": 82774
        },
        "2012-11": {
            "month": "2012-11",
            "price": "21.46",
            "revenue": 92664
        },
        "2012-12": {
            "month": "2012-12",
            "price": "21.81",
            "revenue": 590163
        },
        "2013-01": {
            "month": "2013-01",
            "price": "25.12",
            "revenue": 1068200
        },
        "2013-02": {
            "month": "2013-02",
            "price": "25.04",
            "revenue": 742068
        },
        "2013-03": {
            "month": "2013-03",
            "price": "24.96",
            "revenue": 1519941
        },
        "2013-04": {
            "month": "2013-04",
            "price": "26.65",
            "revenue": 22732
        },
        "2013-05": {
            "month": "2013-05",
            "price": "27.28",
            "revenue": 30974
        },
        "2013-06": {
            "month": "2013-06",
            "price": "25.99",
            "revenue": 396499
        },
        "2013-07": {
            "month": "2013-07",
            "price": "25.55",
            "revenue": 644052
        },
        "2013-08": {
            "month": "2013-08",
            "price": "24.30",
            "revenue": 24723
        },
        "2013-09": {
            "month": "2013-09",
            "price": "23.29",
            "revenue": 599868
        },
        "2013-10": {
            "month": "2013-10",
            "price": "22.95",
            "revenue": 274631
        },
        "2013-11": {
            "month": "2013-11",
            "price": "24.10",
            "revenue": 615971
        },
        "2013-12": {
            "month": "2013-12",
            "price": "24.21",
            "revenue": 159324
        },
        "2014-01": {
            "month": "2014-01",
            "price": "23.36",
            "revenue": 34793
        },
        "2014-02": {
            "month": "2014-02",
            "price": "23.61",
            "revenue": 81656
        },
        "2014-03": {
            "month": "2014-03",
            "price": "22.99",
            "revenue": 129880
        },
        "2014-04": {
            "month": "2014-04",
            "price": "22.50",
            "revenue": 59684
        },
        "2014-05": {
            "month": "2014-05",
            "price": "20.90",
            "revenue": 394907
        },
        "2014-06": {
            "month": "2014-06",
            "price": "20.31",
            "revenue": 66498
        },
        "2014-07": {
            "month": "2014-07",
            "price": "19.96",
            "revenue": 1574
        },
        "2014-08": {
            "month": "2014-08",
            "price": "18.43",
            "revenue": 1573
        },
        "2014-09": {
            "month": "2014-09",
            "price": "17.76",
            "revenue": 36241
        },
        "2014-10": {
            "month": "2014-10",
            "price": "17.12",
            "revenue": 1573
        },
        "2014-11": {
            "month": "2014-11",
            "price": "17.04",
            "revenue": 32242
        },
        "2014-12": {
            "month": "2014-12",
            "price": "18.71",
            "revenue": 1376109
        },
        "2015-01": {
            "month": "2015-01",
            "price": "17.96",
            "revenue": 733241
        },
        "2015-02": {
            "month": "2015-02",
            "price": "18.23",
            "revenue": 50581
        },
        "2015-03": {
            "month": "2015-03",
            "price": "17.96",
            "revenue": 1212987
        },
        "2015-04": {
            "month": "2015-04",
            "price": "18.16",
            "revenue": 251346
        },
        "2015-05": {
            "month": "2015-05",
            "price": "18.04",
            "revenue": 73287
        },
        "2015-06": {
            "month": "2015-06",
            "price": "17.44",
            "revenue": 93908
        },
        "2015-07": {
            "month": "2015-07",
            "price": "16.96",
            "revenue": 138071
        },
        "2015-08": {
            "month": "2015-08",
            "price": "15.69",
            "revenue": 36624
        },
        "2015-09": {
            "month": "2015-09",
            "price": "16.17",
            "revenue": 6763
        },
        "2015-10": {
            "month": "2015-10",
            "price": "15.83",
            "revenue": 6602
        },
        "2015-11": {
            "month": "2015-11",
            "price": "15.11",
            "revenue": 88001
        },
        "2015-12": {
            "month": "2015-12",
            "price": "15.01",
            "revenue": 1921459
        },
        "2016-01": {
            "month": "2016-01",
            "price": "14.57",
            "revenue": 108782
        },
        "2016-02": {
            "month": "2016-02",
            "price": "14.34",
            "revenue": 280338
        },
        "2016-03": {
            "month": "2016-03",
            "price": "14.90",
            "revenue": 229478
        },
        "2016-04": {
            "month": "2016-04",
            "price": "14.99",
            "revenue": 118653
        },
        "2016-05": {
            "month": "2016-05",
            "price": "14.18",
            "revenue": 23469
        },
        "2016-06": {
            "month": "2016-06",
            "price": "14.10",
            "revenue": 72610
        },
        "2016-07": {
            "month": "2016-07",
            "price": "13.91",
            "revenue": 52710
        },
        "2016-08": {
            "month": "2016-08",
            "price": "13.57",
            "revenue": 6242
        },
        "2016-09": {
            "month": "2016-09",
            "price": "13.75",
            "revenue": 9412
        },
        "2016-10": {
            "month": "2016-10",
            "price": "13.07",
            "revenue": 810455
        },
        "2016-11": {
            "month": "2016-11",
            "price": "12.86",
            "revenue": 1518433
        },
        "2016-12": {
            "month": "2016-12",
            "price": "13.00",
            "revenue": 5862
        },
        "2017-01": {
            "month": "2017-01",
            "price": "12.95",
            "revenue": 79959
        },
        "2017-02": {
            "month": "2017-02",
            "price": "13.63",
            "revenue": 38990
        },
        "2017-03": {
            "month": "2017-03",
            "price": "14.05",
            "revenue": 6845
        },
        "2017-04": {
            "month": "2017-04",
            "price": "13.90",
            "revenue": 7500
        },
        "2017-05": {
            "month": "2017-05",
            "price": "13.91",
            "revenue": 116863
        },
        "2017-06": {
            "month": "2017-06",
            "price": "13.87",
            "revenue": 85131
        },
        "2017-07": {
            "month": "2017-07",
            "price": "14.08",
            "revenue": 7198
        },
        "2017-08": {
            "month": "2017-08",
            "price": "13.98",
            "revenue": 61023
        },
        "2017-09": {
            "month": "2017-09",
            "price": "14.80",
            "revenue": 6750
        },
        "2017-10": {
            "month": "2017-10",
            "price": "15.67",
            "revenue": 40142
        },
        "2017-11": {
            "month": "2017-11",
            "price": "16.84",
            "revenue": 49178
        },
        "2017-12": {
            "month": "2017-12",
            "price": "17.01",
            "revenue": 4004925
        },
        "2018-01": {
            "month": "2018-01",
            "price": "18.48",
            "revenue": 666477
        },
        "2018-02": {
            "month": "2018-02",
            "price": "16.94",
            "revenue": 1696012
        },
        "2018-03": {
            "month": "2018-03",
            "price": "17.07",
            "revenue": 1681052
        },
        "2018-04": {
            "month": "2018-04",
            "price": "18.36",
            "revenue": 275885
        },
        "2018-05": {
            "month": "2018-05",
            "price": "18.32",
            "revenue": 196528
        },
        "2018-06": {
            "month": "2018-06",
            "price": "22.81",
            "revenue": 238115
        },
        "2018-07": {
            "month": "2018-07",
            "price": "20.76",
            "revenue": 145137
        },
        "2018-08": {
            "month": "2018-08",
            "price": "19.19",
            "revenue": 187889
        },
        "2018-09": {
            "month": "2018-09",
            "price": "18.30",
            "revenue": 160678
        },
        "2018-10": {
            "month": "2018-10",
            "price": "16.77",
            "revenue": 93604
        },
        "2018-11": {
            "month": "2018-11",
            "price": "15.32",
            "revenue": 256598
        },
        "2018-12": {
            "month": "2018-12",
            "price": "16.22",
            "revenue": 99381
        },
        "2019-01": {
            "month": "2019-01",
            "price": "15.65",
            "revenue": 112282
        },
        "2019-02": {
            "month": "2019-02",
            "price": "16.03",
            "revenue": 76589
        },
        "2019-03": {
            "month": "2019-03",
            "price": "19.54",
            "revenue": 77466
        },
        "2019-04": {
            "month": "2019-04",
            "price": "19.50",
            "revenue": 113728
        },
        "2019-05": {
            "month": "2019-05",
            "price": "18.80",
            "revenue": 78044
        },
        "2019-06": {
            "month": "2019-06",
            "price": "18.80",
            "revenue": 66414
        },
        "2019-07": {
            "month": "2019-07",
            "price": "16.84",
            "revenue": 125386
        },
        "2019-08": {
            "month": "2019-08",
            "price": "17.29",
            "revenue": 85985
        },
        "2019-09": {
            "month": "2019-09",
            "price": "17.48",
            "revenue": 576621
        },
        "2019-10": {
            "month": "2019-10",
            "price": "17.01",
            "revenue": 182568
        },
        "2019-11": {
            "month": "2019-11",
            "price": "17.06",
            "revenue": 295745
        },
        "2019-12": {
            "month": "2019-12",
            "price": "17.54",
            "revenue": 491256
        },
        "2020-01": {
            "month": "2020-01",
            "price": "18.20",
            "revenue": 320550
        },
        "2020-02": {
            "month": "2020-02",
            "price": "16.34",
            "revenue": 130259
        },
        "2020-03": {
            "month": "2020-03",
            "price": "14.53",
            "revenue": 738756
        },
        "2020-04": {
            "month": "2020-04",
            "price": "14.51",
            "revenue": 325698
        },
        "2020-05": {
            "month": "2020-05",
            "price": "14.88",
            "revenue": 237906
        },
        "2020-06": {
            "month": "2020-06",
            "price": "14.92",
            "revenue": 233111
        },
        "2020-07": {
            "month": "2020-07",
            "price": "14.98",
            "revenue": 280733
        },
        "2020-08": {
            "month": "2020-08",
            "price": "14.93",
            "revenue": 297788
        },
        "2020-09": {
            "month": "2020-09",
            "price": "14.96",
            "revenue": 191981
        },
        "2020-10": {
            "month": "2020-10",
            "price": "15.22",
            "revenue": 582406
        },
        "2020-11": {
            "month": "2020-11",
            "price": "16.25",
            "revenue": 426931
        },
        "2020-12": {
            "month": "2020-12",
            "price": "16.85",
            "revenue": 1819807
        },
        "2021-01": {
            "month": "2021-01",
            "price": "16.63",
            "revenue": 192241
        },
        "2021-02": {
            "month": "2021-02",
            "price": "17.25",
            "revenue": 988633
        },
        "2021-03": {
            "month": "2021-03",
            "price": "21.42",
            "revenue": 1042676
        },
        "2021-04": {
            "month": "2021-04",
            "price": "23.77",
            "revenue": 107615
        },
        "2021-05": {
            "month": "2021-05",
            "price": "23.04",
            "revenue": 136198
        },
        "2021-06": {
            "month": "2021-06",
            "price": "22.48",
            "revenue": 310436
        },
        "2021-07": {
            "month": "2021-07",
            "price": "23.07",
            "revenue": 50965
        },
        "2021-08": {
            "month": "2021-08",
            "price": "20.25",
            "revenue": 30899
        },
        "2021-09": {
            "month": "2021-09",
            "price": "20.58",
            "revenue": 85967
        },
        "2021-10": {
            "month": "2021-10",
            "price": "20.84",
            "revenue": 18551
        },
        "2021-11": {
            "month": "2021-11",
            "price": "22.08",
            "revenue": 59075
        },
        "2021-12": {
            "month": "2021-12",
            "price": "22.92",
            "revenue": 26140
        },
        "2022-01": {
            "month": "2022-01",
            "price": "22.62",
            "revenue": 20168
        },
        "2022-02": {
            "month": "2022-02",
            "price": "22.91",
            "revenue": 17409
        },
        "2022-03": {
            "month": "2022-03",
            "price": "23.84",
            "revenue": 18897
        },
        "2022-04": {
            "month": "2022-04",
            "price": "23.87",
            "revenue": 1624904
        },
        "2022-05": {
            "month": "2022-05",
            "price": "23.35",
            "revenue": 350529
        },
        "2022-06": {
            "month": "2022-06",
            "price": "23.36",
            "revenue": 174660
        },
        "2022-07": {
            "month": "2022-07",
            "price": "22.60",
            "revenue": 69686
        },
        "2022-08": {
            "month": "2022-08",
            "price": "22.15",
            "revenue": 75618
        },
        "2022-09": {
            "month": "2022-09",
            "price": "22.17",
            "revenue": 413027
        },
        "2022-10": {
            "month": "2022-10",
            "price": "21.54",
            "revenue": 27408
        },
        "2022-11": {
            "month": "2022-11",
            "price": "22.45",
            "revenue": 34086
        },
        "2022-12": {
            "month": "2022-12",
            "price": "22.31",
            "revenue": 107540
        },
        "2023-01": {
            "month": "2023-01",
            "price": "21.83",
            "revenue": 31577
        },
        "2023-02": {
            "month": "2023-02",
            "price": "23.14",
            "revenue": 27923
        },
        "2023-03": {
            "month": "2023-03",
            "price": "24.17",
            "revenue": 28065
        },
        "2023-04": {
            "month": "2023-04",
            "price": "26.89",
            "revenue": 56299
        },
        "2023-05": {
            "month": "2023-05",
            "price": "27.13",
            "revenue": 48206
        },
        "2023-06": {
            "month": "2023-06",
            "price": "26.84",
            "revenue": 26863
        },
        "2023-07": {
            "month": "2023-07",
            "price": "25.07",
            "revenue": 786098
        },
        "2023-08": {
            "month": "2023-08",
            "price": "25.65",
            "revenue": 869272
        },
        "2023-09": {
            "month": "2023-09",
            "price": "26.19",
            "revenue": 687792
        },
        "2023-10": {
            "month": "2023-10",
            "price": "26.24",
            "revenue": 1255585
        },
        "2023-11": {
            "month": "2023-11",
            "price": "29.30",
            "revenue": 1110387
        },
        "2023-12": {
            "month": "2023-12",
            "price": "33.92",
            "revenue": 662936
        }
    }
}
