{
    "summary": {
        "stock_name": "科嘉-KY",
        "stock_id": "5215",
        "category": "電腦及週邊設備",
        "main_business": "薄膜觸控開關之製造銷售",
        "website_url": "http://www.koja.com.tw",
        "ceo": "何和和",
        "pe_ratio": 22,
        "report_year_from": 2009,
        "report_year_to": 2023,
        "age": 15,
        "eps_negative_percentage": 0,
        "eps_growth_avg": {
            "last_all": 8.86,
            "last_2y": -42.58,
            "last_4y": 1.34,
            "last_8y": -1.82,
            "last_12y": null,
            "last_16y": null,
            "last_20y": null,
            "at_2006_last_3y": null,
            "at_2007_last_3y": null,
            "at_2008_last_3y": null,
            "at_2009_last_3y": null,
            "at_2010_last_3y": null,
            "at_2011_last_3y": null,
            "at_2012_last_3y": null,
            "at_2013_last_3y": null,
            "at_2014_last_3y": null,
            "at_2015_last_3y": 30.79,
            "at_2016_last_3y": -7.58,
            "at_2017_last_3y": -5.76,
            "at_2018_last_3y": -5.76,
            "at_2019_last_3y": 2.73,
            "at_2020_last_3y": 41.1,
            "at_2021_last_3y": 50.64,
            "at_2022_last_3y": 13.74,
            "at_2023_last_3y": -6.93,
            "at_2024_last_3y": -6.93,
            "at_2006_last_all": null,
            "at_2007_last_all": null,
            "at_2008_last_all": null,
            "at_2009_last_all": null,
            "at_2010_last_all": null,
            "at_2011_last_all": null,
            "at_2012_last_all": null,
            "at_2013_last_all": 11.34,
            "at_2014_last_all": 40.9,
            "at_2015_last_all": 30.79,
            "at_2016_last_all": 13.93,
            "at_2017_last_all": -0.06,
            "at_2018_last_all": 14.24,
            "at_2019_last_all": 16.76,
            "at_2020_last_all": 26.01,
            "at_2021_last_all": 20.22,
            "at_2022_last_all": 14.06,
            "at_2023_last_all": 8.86,
            "at_2024_last_all": 8.86
        },
        "latest_eps": 2.7,
        "latest_price": 60.4,
        "latest_roe": 5.09,
        "latest_gross_margin": 27.72,
        "latest_equity": 3519523,
        "latest_revenue": 744315,
        "latest_gross_profit": 206319,
        "latest_net_income": 53340,
        "latest_debt_ratio": 20.98,
        "latest_current_ratio": 374.69,
        "latest_account_receivable_turnover_ratio": 0.74,
        "latest_inventory_turnover_ratio": 1.76,
        "latest_reinvestment_rate": 32.31,
        "latest_research_to_sale_ratio": 5.65
    },
    "eps_dividends": {
        "2001": {
            "cash": 0,
            "stock": 0,
            "eps": 0
        },
        "2002": {
            "cash": 0,
            "stock": 0,
            "eps": 0
        },
        "2003": {
            "cash": 0,
            "stock": 0,
            "eps": 0
        },
        "2004": {
            "cash": 0,
            "stock": 0,
            "eps": 0
        },
        "2005": {
            "cash": 0,
            "stock": 0,
            "eps": 0
        },
        "2006": {
            "cash": 0,
            "stock": 0,
            "eps": 0
        },
        "2007": {
            "cash": 0,
            "stock": 0,
            "eps": 0
        },
        "2008": {
            "cash": 0,
            "stock": 0,
            "eps": 0
        },
        "2009": {
            "cash": 0,
            "stock": 0,
            "eps": 0
        },
        "2010": {
            "cash": 0,
            "stock": 0,
            "eps": 0
        },
        "2011": {
            "cash": 6,
            "stock": 4,
            "eps": 1.4
        },
        "2012": {
            "cash": 0,
            "stock": 0,
            "eps": 4.54
        },
        "2013": {
            "cash": 1.5,
            "stock": 1.5,
            "eps": 1.03
        },
        "2014": {
            "cash": 1,
            "stock": 0,
            "eps": 4.28
        },
        "2015": {
            "cash": 3,
            "stock": 0,
            "eps": 4.3
        },
        "2016": {
            "cash": 3,
            "stock": 0,
            "eps": 2
        },
        "2017": {
            "cash": 3,
            "stock": 0,
            "eps": 0.6
        },
        "2018": {
            "cash": 1,
            "stock": 0,
            "eps": 3.4
        },
        "2019": {
            "cash": 2.5,
            "stock": 0,
            "eps": 4.57
        },
        "2020": {
            "cash": 3.28,
            "stock": 0,
            "eps": 12.94
        },
        "2021": {
            "cash": 8.67,
            "stock": 0,
            "eps": 8.82
        },
        "2022": {
            "cash": 5,
            "stock": 0,
            "eps": 4.62
        },
        "2023": {
            "cash": 2,
            "stock": 0,
            "eps": 2.39
        }
    },
    "dividends": {
        "2011-01-01": {
            "cash": 3,
            "stock": 0
        },
        "2011-06-30": {
            "cash": 3,
            "stock": 4
        },
        "2013-05-03": {
            "cash": 1.5,
            "stock": 1.5
        },
        "2014-06-18": {
            "cash": 1,
            "stock": 0
        },
        "2015-07-31": {
            "cash": 3,
            "stock": 0
        },
        "2016-07-28": {
            "cash": 3,
            "stock": 0
        },
        "2017-08-04": {
            "cash": 3,
            "stock": 0
        },
        "2018-07-31": {
            "cash": 1,
            "stock": 0
        },
        "2019-08-02": {
            "cash": 2.5,
            "stock": 0
        },
        "2020-08-03": {
            "cash": 3.28,
            "stock": 0
        },
        "2021-07-21": {
            "cash": 8.67,
            "stock": 0
        },
        "2022-08-08": {
            "cash": 5,
            "stock": 0
        },
        "2023-08-11": {
            "cash": 2,
            "stock": 0
        }
    },
    "prices": {
        "200101": "無",
        "200102": "無",
        "200103": "無",
        "200104": "無",
        "200105": "無",
        "200106": "無",
        "200107": "無",
        "200108": "無",
        "200109": "無",
        "200110": "無",
        "200111": "無",
        "200112": "無",
        "200201": "無",
        "200202": "無",
        "200203": "無",
        "200204": "無",
        "200205": "無",
        "200206": "無",
        "200207": "無",
        "200208": "無",
        "200209": "無",
        "200210": "無",
        "200211": "無",
        "200212": "無",
        "200301": "無",
        "200302": "無",
        "200303": "無",
        "200304": "無",
        "200305": "無",
        "200306": "無",
        "200307": "無",
        "200308": "無",
        "200309": "無",
        "200310": "無",
        "200311": "無",
        "200312": "無",
        "200401": "無",
        "200402": "無",
        "200403": "無",
        "200404": "無",
        "200405": "無",
        "200406": "無",
        "200407": "無",
        "200408": "無",
        "200409": "無",
        "200410": "無",
        "200411": "無",
        "200412": "無",
        "200501": "無",
        "200502": "無",
        "200503": "無",
        "200504": "無",
        "200505": "無",
        "200506": "無",
        "200507": "無",
        "200508": "無",
        "200509": "無",
        "200510": "無",
        "200511": "無",
        "200512": "無",
        "200601": "無",
        "200602": "無",
        "200603": "無",
        "200604": "無",
        "200605": "無",
        "200606": "無",
        "200607": "無",
        "200608": "無",
        "200609": "無",
        "200610": "無",
        "200611": "無",
        "200612": "無",
        "200701": "無",
        "200702": "無",
        "200703": "無",
        "200704": "無",
        "200705": "無",
        "200706": "無",
        "200707": "無",
        "200708": "無",
        "200709": "無",
        "200710": "無",
        "200711": "無",
        "200712": "無",
        "200801": "無",
        "200802": "無",
        "200803": "無",
        "200804": "無",
        "200805": "無",
        "200806": "無",
        "200807": "無",
        "200808": "無",
        "200809": "無",
        "200810": "無",
        "200811": "無",
        "200812": "無",
        "200901": "無",
        "200902": "無",
        "200903": "無",
        "200904": "無",
        "200905": "無",
        "200906": "無",
        "200907": "無",
        "200908": "無",
        "200909": "無",
        "200910": "無",
        "200911": "無",
        "200912": "無",
        "201001": "無",
        "201002": "無",
        "201003": "無",
        "201004": "無",
        "201005": "無",
        "201006": "無",
        "201007": "無",
        "201008": "無",
        "201009": "無",
        "201010": "無",
        "201011": "無",
        "201012": "無",
        "201101": "無",
        "201102": "無",
        "201103": "無",
        "201104": "無",
        "201105": "無",
        "201106": "無",
        "201107": "無",
        "201108": "無",
        "201109": "無",
        "201110": "無",
        "201111": "無",
        "201112": "38.75",
        "201201": "38.01",
        "201202": "48.60",
        "201203": "66.97",
        "201204": "68.83",
        "201205": "61.94",
        "201206": "55.11",
        "201207": "51.55",
        "201208": "50.50",
        "201209": "52.86",
        "201210": "47.72",
        "201211": "41.81",
        "201212": "40.65",
        "201301": "43.91",
        "201302": "43.32",
        "201303": "42.18",
        "201304": "39.76",
        "201305": "37.37",
        "201306": "35.06",
        "201307": "30.38",
        "201308": "28.63",
        "201309": "27.79",
        "201310": "27.60",
        "201311": "21.67",
        "201312": "22.81",
        "201401": "25.15",
        "201402": "26.28",
        "201403": "30.97",
        "201404": "30.55",
        "201405": "28.63",
        "201406": "30.53",
        "201407": "29.01",
        "201408": "38.83",
        "201409": "50.39",
        "201410": "38.41",
        "201411": "40.54",
        "201412": "44.55",
        "201501": "45.31",
        "201502": "44.39",
        "201503": "49.90",
        "201504": "47.49",
        "201505": "43.14",
        "201506": "44.84",
        "201507": "38.37",
        "201508": "31.12",
        "201509": "33.35",
        "201510": "38.82",
        "201511": "40.58",
        "201512": "41.31",
        "201601": "38.04",
        "201602": "38.70",
        "201603": "39.55",
        "201604": "37.98",
        "201605": "33.25",
        "201606": "31.62",
        "201607": "31.60",
        "201608": "31.45",
        "201609": "30.58",
        "201610": "28.40",
        "201611": "27.60",
        "201612": "28.47",
        "201701": "28.78",
        "201702": "30.96",
        "201703": "32.98",
        "201704": "33.39",
        "201705": "32.86",
        "201706": "32.59",
        "201707": "31.90",
        "201708": "29.16",
        "201709": "28.62",
        "201710": "28.03",
        "201711": "27.28",
        "201712": "26.58",
        "201801": "26.55",
        "201802": "25.32",
        "201803": "25.16",
        "201804": "24.44",
        "201805": "24.45",
        "201806": "24.43",
        "201807": "25.18",
        "201808": "27.00",
        "201809": "26.56",
        "201810": "25.69",
        "201811": "26.86",
        "201812": "28.30",
        "201901": "29.82",
        "201902": "31.55",
        "201903": "31.80",
        "201904": "32.17",
        "201905": "31.77",
        "201906": "33.33",
        "201907": "45.78",
        "201908": "58.27",
        "201909": "62.09",
        "201910": "70.27",
        "201911": "70.07",
        "201912": "66.18",
        "202001": "62.99",
        "202002": "59.65",
        "202003": "52.32",
        "202004": "68.26",
        "202005": "78.96",
        "202006": "105.24",
        "202007": "140.00",
        "202008": "156.62",
        "202009": "158.07",
        "202010": "154.61",
        "202011": "150.52",
        "202012": "135.72",
        "202101": "133.32",
        "202102": "132.08",
        "202103": "136.98",
        "202104": "137.08",
        "202105": "110.65",
        "202106": "117.76",
        "202107": "100.28",
        "202108": "86.17",
        "202109": "77.44",
        "202110": "70.56",
        "202111": "71.84",
        "202112": "79.35",
        "202201": "73.71",
        "202202": "71.64",
        "202203": "65.18",
        "202204": "58.77",
        "202205": "54.84",
        "202206": "54.10",
        "202207": "45.47",
        "202208": "43.86",
        "202209": "41.10",
        "202210": "48.40",
        "202211": "51.05",
        "202212": "47.03",
        "202301": "45.45",
        "202302": "49.06",
        "202303": "49.45",
        "202304": "48.31",
        "202305": "47.12",
        "202306": "46.66",
        "202307": "46.41",
        "202308": "46.79",
        "202309": "57.98",
        "202310": "64.80",
        "202311": "65.31",
        "202312": "59.78"
    },
    "quarters": {
        "20011": {
            "year_quarter": 20011,
            "year": 2001,
            "quarter": 1,
            "eps": null,
            "eps_growth_year": null,
            "eps_4q": null,
            "eps_4q_growth_year": null,
            "roe": null,
            "roe_4q": 0,
            "gross_profit": null,
            "gross_margin": null,
            "gross_margin_4q_avg": 0,
            "net_income": null,
            "net_income_4q": null,
            "revenue": null,
            "revenue_4q": null,
            "common_shares": null,
            "book_valuer_per_share": null,
            "book_valuer_per_share_4q_avg": 0,
            "equity": null,
            "current_ratio": null,
            "debt_ratio": null,
            "inventory_turnover_ratio": null,
            "account_receivable_turnover_ratio": null,
            "reinvestment_rate": null,
            "research_to_sale_ratio": null,
            "price_fair": 0,
            "eps_avg_yearly": 0,
            "eps_latest_yearly": 0,
            "eps_growth_yearly": 0
        },
        "20012": {
            "year_quarter": 20012,
            "year": 2001,
            "quarter": 2,
            "eps": null,
            "eps_growth_year": null,
            "eps_4q": null,
            "eps_4q_growth_year": null,
            "roe": null,
            "roe_4q": 0,
            "gross_profit": null,
            "gross_margin": null,
            "gross_margin_4q_avg": 0,
            "net_income": null,
            "net_income_4q": null,
            "revenue": null,
            "revenue_4q": null,
            "common_shares": null,
            "book_valuer_per_share": null,
            "book_valuer_per_share_4q_avg": 0,
            "equity": null,
            "current_ratio": null,
            "debt_ratio": null,
            "inventory_turnover_ratio": null,
            "account_receivable_turnover_ratio": null,
            "reinvestment_rate": null,
            "research_to_sale_ratio": null,
            "price_fair": 0,
            "eps_avg_yearly": 0,
            "eps_latest_yearly": 0,
            "eps_growth_yearly": 0
        },
        "20013": {
            "year_quarter": 20013,
            "year": 2001,
            "quarter": 3,
            "eps": null,
            "eps_growth_year": null,
            "eps_4q": null,
            "eps_4q_growth_year": null,
            "roe": null,
            "roe_4q": 0,
            "gross_profit": null,
            "gross_margin": null,
            "gross_margin_4q_avg": 0,
            "net_income": null,
            "net_income_4q": null,
            "revenue": null,
            "revenue_4q": null,
            "common_shares": null,
            "book_valuer_per_share": null,
            "book_valuer_per_share_4q_avg": 0,
            "equity": null,
            "current_ratio": null,
            "debt_ratio": null,
            "inventory_turnover_ratio": null,
            "account_receivable_turnover_ratio": null,
            "reinvestment_rate": null,
            "research_to_sale_ratio": null,
            "price_fair": 0,
            "eps_avg_yearly": 0,
            "eps_latest_yearly": 0,
            "eps_growth_yearly": 0
        },
        "20014": {
            "year_quarter": 20014,
            "year": 2001,
            "quarter": 4,
            "eps": null,
            "eps_growth_year": null,
            "eps_4q": null,
            "eps_4q_growth_year": null,
            "roe": null,
            "roe_4q": 0,
            "gross_profit": null,
            "gross_margin": null,
            "gross_margin_4q_avg": 0,
            "net_income": null,
            "net_income_4q": null,
            "revenue": null,
            "revenue_4q": null,
            "common_shares": null,
            "book_valuer_per_share": null,
            "book_valuer_per_share_4q_avg": 0,
            "equity": null,
            "current_ratio": null,
            "debt_ratio": null,
            "inventory_turnover_ratio": null,
            "account_receivable_turnover_ratio": null,
            "reinvestment_rate": null,
            "research_to_sale_ratio": null,
            "price_fair": 0,
            "eps_avg_yearly": 0,
            "eps_latest_yearly": 0,
            "eps_growth_yearly": 0
        },
        "20021": {
            "year_quarter": 20021,
            "year": 2002,
            "quarter": 1,
            "eps": null,
            "eps_growth_year": null,
            "eps_4q": null,
            "eps_4q_growth_year": null,
            "roe": null,
            "roe_4q": 0,
            "gross_profit": null,
            "gross_margin": null,
            "gross_margin_4q_avg": 0,
            "net_income": null,
            "net_income_4q": null,
            "revenue": null,
            "revenue_4q": null,
            "common_shares": null,
            "book_valuer_per_share": null,
            "book_valuer_per_share_4q_avg": 0,
            "equity": null,
            "current_ratio": null,
            "debt_ratio": null,
            "inventory_turnover_ratio": null,
            "account_receivable_turnover_ratio": null,
            "reinvestment_rate": null,
            "research_to_sale_ratio": null,
            "price_fair": 0,
            "eps_avg_yearly": 0,
            "eps_latest_yearly": 0,
            "eps_growth_yearly": 0
        },
        "20022": {
            "year_quarter": 20022,
            "year": 2002,
            "quarter": 2,
            "eps": null,
            "eps_growth_year": null,
            "eps_4q": null,
            "eps_4q_growth_year": null,
            "roe": null,
            "roe_4q": 0,
            "gross_profit": null,
            "gross_margin": null,
            "gross_margin_4q_avg": 0,
            "net_income": null,
            "net_income_4q": null,
            "revenue": null,
            "revenue_4q": null,
            "common_shares": null,
            "book_valuer_per_share": null,
            "book_valuer_per_share_4q_avg": 0,
            "equity": null,
            "current_ratio": null,
            "debt_ratio": null,
            "inventory_turnover_ratio": null,
            "account_receivable_turnover_ratio": null,
            "reinvestment_rate": null,
            "research_to_sale_ratio": null,
            "price_fair": 0,
            "eps_avg_yearly": 0,
            "eps_latest_yearly": 0,
            "eps_growth_yearly": 0
        },
        "20023": {
            "year_quarter": 20023,
            "year": 2002,
            "quarter": 3,
            "eps": null,
            "eps_growth_year": null,
            "eps_4q": null,
            "eps_4q_growth_year": null,
            "roe": null,
            "roe_4q": 0,
            "gross_profit": null,
            "gross_margin": null,
            "gross_margin_4q_avg": 0,
            "net_income": null,
            "net_income_4q": null,
            "revenue": null,
            "revenue_4q": null,
            "common_shares": null,
            "book_valuer_per_share": null,
            "book_valuer_per_share_4q_avg": 0,
            "equity": null,
            "current_ratio": null,
            "debt_ratio": null,
            "inventory_turnover_ratio": null,
            "account_receivable_turnover_ratio": null,
            "reinvestment_rate": null,
            "research_to_sale_ratio": null,
            "price_fair": 0,
            "eps_avg_yearly": 0,
            "eps_latest_yearly": 0,
            "eps_growth_yearly": 0
        },
        "20024": {
            "year_quarter": 20024,
            "year": 2002,
            "quarter": 4,
            "eps": null,
            "eps_growth_year": null,
            "eps_4q": null,
            "eps_4q_growth_year": null,
            "roe": null,
            "roe_4q": 0,
            "gross_profit": null,
            "gross_margin": null,
            "gross_margin_4q_avg": 0,
            "net_income": null,
            "net_income_4q": null,
            "revenue": null,
            "revenue_4q": null,
            "common_shares": null,
            "book_valuer_per_share": null,
            "book_valuer_per_share_4q_avg": 0,
            "equity": null,
            "current_ratio": null,
            "debt_ratio": null,
            "inventory_turnover_ratio": null,
            "account_receivable_turnover_ratio": null,
            "reinvestment_rate": null,
            "research_to_sale_ratio": null,
            "price_fair": 0,
            "eps_avg_yearly": 0,
            "eps_latest_yearly": 0,
            "eps_growth_yearly": 0
        },
        "20031": {
            "year_quarter": 20031,
            "year": 2003,
            "quarter": 1,
            "eps": null,
            "eps_growth_year": null,
            "eps_4q": null,
            "eps_4q_growth_year": null,
            "roe": null,
            "roe_4q": 0,
            "gross_profit": null,
            "gross_margin": null,
            "gross_margin_4q_avg": 0,
            "net_income": null,
            "net_income_4q": null,
            "revenue": null,
            "revenue_4q": null,
            "common_shares": null,
            "book_valuer_per_share": null,
            "book_valuer_per_share_4q_avg": 0,
            "equity": null,
            "current_ratio": null,
            "debt_ratio": null,
            "inventory_turnover_ratio": null,
            "account_receivable_turnover_ratio": null,
            "reinvestment_rate": null,
            "research_to_sale_ratio": null,
            "price_fair": 0,
            "eps_avg_yearly": 0,
            "eps_latest_yearly": 0,
            "eps_growth_yearly": 0
        },
        "20032": {
            "year_quarter": 20032,
            "year": 2003,
            "quarter": 2,
            "eps": null,
            "eps_growth_year": null,
            "eps_4q": null,
            "eps_4q_growth_year": null,
            "roe": null,
            "roe_4q": 0,
            "gross_profit": null,
            "gross_margin": null,
            "gross_margin_4q_avg": 0,
            "net_income": null,
            "net_income_4q": null,
            "revenue": null,
            "revenue_4q": null,
            "common_shares": null,
            "book_valuer_per_share": null,
            "book_valuer_per_share_4q_avg": 0,
            "equity": null,
            "current_ratio": null,
            "debt_ratio": null,
            "inventory_turnover_ratio": null,
            "account_receivable_turnover_ratio": null,
            "reinvestment_rate": null,
            "research_to_sale_ratio": null,
            "price_fair": 0,
            "eps_avg_yearly": 0,
            "eps_latest_yearly": 0,
            "eps_growth_yearly": 0
        },
        "20033": {
            "year_quarter": 20033,
            "year": 2003,
            "quarter": 3,
            "eps": null,
            "eps_growth_year": null,
            "eps_4q": null,
            "eps_4q_growth_year": null,
            "roe": null,
            "roe_4q": 0,
            "gross_profit": null,
            "gross_margin": null,
            "gross_margin_4q_avg": 0,
            "net_income": null,
            "net_income_4q": null,
            "revenue": null,
            "revenue_4q": null,
            "common_shares": null,
            "book_valuer_per_share": null,
            "book_valuer_per_share_4q_avg": 0,
            "equity": null,
            "current_ratio": null,
            "debt_ratio": null,
            "inventory_turnover_ratio": null,
            "account_receivable_turnover_ratio": null,
            "reinvestment_rate": null,
            "research_to_sale_ratio": null,
            "price_fair": 0,
            "eps_avg_yearly": 0,
            "eps_latest_yearly": 0,
            "eps_growth_yearly": 0
        },
        "20034": {
            "year_quarter": 20034,
            "year": 2003,
            "quarter": 4,
            "eps": null,
            "eps_growth_year": null,
            "eps_4q": null,
            "eps_4q_growth_year": null,
            "roe": null,
            "roe_4q": 0,
            "gross_profit": null,
            "gross_margin": null,
            "gross_margin_4q_avg": 0,
            "net_income": null,
            "net_income_4q": null,
            "revenue": null,
            "revenue_4q": null,
            "common_shares": null,
            "book_valuer_per_share": null,
            "book_valuer_per_share_4q_avg": 0,
            "equity": null,
            "current_ratio": null,
            "debt_ratio": null,
            "inventory_turnover_ratio": null,
            "account_receivable_turnover_ratio": null,
            "reinvestment_rate": null,
            "research_to_sale_ratio": null,
            "price_fair": 0,
            "eps_avg_yearly": 0,
            "eps_latest_yearly": 0,
            "eps_growth_yearly": 0
        },
        "20041": {
            "year_quarter": 20041,
            "year": 2004,
            "quarter": 1,
            "eps": null,
            "eps_growth_year": null,
            "eps_4q": null,
            "eps_4q_growth_year": null,
            "roe": null,
            "roe_4q": 0,
            "gross_profit": null,
            "gross_margin": null,
            "gross_margin_4q_avg": 0,
            "net_income": null,
            "net_income_4q": null,
            "revenue": null,
            "revenue_4q": null,
            "common_shares": null,
            "book_valuer_per_share": null,
            "book_valuer_per_share_4q_avg": 0,
            "equity": null,
            "current_ratio": null,
            "debt_ratio": null,
            "inventory_turnover_ratio": null,
            "account_receivable_turnover_ratio": null,
            "reinvestment_rate": null,
            "research_to_sale_ratio": null,
            "price_fair": 0,
            "eps_avg_yearly": 0,
            "eps_latest_yearly": 0,
            "eps_growth_yearly": 0
        },
        "20042": {
            "year_quarter": 20042,
            "year": 2004,
            "quarter": 2,
            "eps": null,
            "eps_growth_year": null,
            "eps_4q": null,
            "eps_4q_growth_year": null,
            "roe": null,
            "roe_4q": 0,
            "gross_profit": null,
            "gross_margin": null,
            "gross_margin_4q_avg": 0,
            "net_income": null,
            "net_income_4q": null,
            "revenue": null,
            "revenue_4q": null,
            "common_shares": null,
            "book_valuer_per_share": null,
            "book_valuer_per_share_4q_avg": 0,
            "equity": null,
            "current_ratio": null,
            "debt_ratio": null,
            "inventory_turnover_ratio": null,
            "account_receivable_turnover_ratio": null,
            "reinvestment_rate": null,
            "research_to_sale_ratio": null,
            "price_fair": 0,
            "eps_avg_yearly": 0,
            "eps_latest_yearly": 0,
            "eps_growth_yearly": 0
        },
        "20043": {
            "year_quarter": 20043,
            "year": 2004,
            "quarter": 3,
            "eps": null,
            "eps_growth_year": null,
            "eps_4q": null,
            "eps_4q_growth_year": null,
            "roe": null,
            "roe_4q": 0,
            "gross_profit": null,
            "gross_margin": null,
            "gross_margin_4q_avg": 0,
            "net_income": null,
            "net_income_4q": null,
            "revenue": null,
            "revenue_4q": null,
            "common_shares": null,
            "book_valuer_per_share": null,
            "book_valuer_per_share_4q_avg": 0,
            "equity": null,
            "current_ratio": null,
            "debt_ratio": null,
            "inventory_turnover_ratio": null,
            "account_receivable_turnover_ratio": null,
            "reinvestment_rate": null,
            "research_to_sale_ratio": null,
            "price_fair": 0,
            "eps_avg_yearly": 0,
            "eps_latest_yearly": 0,
            "eps_growth_yearly": 0
        },
        "20044": {
            "year_quarter": 20044,
            "year": 2004,
            "quarter": 4,
            "eps": null,
            "eps_growth_year": null,
            "eps_4q": null,
            "eps_4q_growth_year": null,
            "roe": null,
            "roe_4q": 0,
            "gross_profit": null,
            "gross_margin": null,
            "gross_margin_4q_avg": 0,
            "net_income": null,
            "net_income_4q": null,
            "revenue": null,
            "revenue_4q": null,
            "common_shares": null,
            "book_valuer_per_share": null,
            "book_valuer_per_share_4q_avg": 0,
            "equity": null,
            "current_ratio": null,
            "debt_ratio": null,
            "inventory_turnover_ratio": null,
            "account_receivable_turnover_ratio": null,
            "reinvestment_rate": null,
            "research_to_sale_ratio": null,
            "price_fair": 0,
            "eps_avg_yearly": 0,
            "eps_latest_yearly": 0,
            "eps_growth_yearly": 0
        },
        "20051": {
            "year_quarter": 20051,
            "year": 2005,
            "quarter": 1,
            "eps": null,
            "eps_growth_year": null,
            "eps_4q": null,
            "eps_4q_growth_year": null,
            "roe": null,
            "roe_4q": 0,
            "gross_profit": null,
            "gross_margin": null,
            "gross_margin_4q_avg": 0,
            "net_income": null,
            "net_income_4q": null,
            "revenue": null,
            "revenue_4q": null,
            "common_shares": null,
            "book_valuer_per_share": null,
            "book_valuer_per_share_4q_avg": 0,
            "equity": null,
            "current_ratio": null,
            "debt_ratio": null,
            "inventory_turnover_ratio": null,
            "account_receivable_turnover_ratio": null,
            "reinvestment_rate": null,
            "research_to_sale_ratio": null,
            "price_fair": 0,
            "eps_avg_yearly": 0,
            "eps_latest_yearly": 0,
            "eps_growth_yearly": 0
        },
        "20052": {
            "year_quarter": 20052,
            "year": 2005,
            "quarter": 2,
            "eps": null,
            "eps_growth_year": null,
            "eps_4q": null,
            "eps_4q_growth_year": null,
            "roe": null,
            "roe_4q": 0,
            "gross_profit": null,
            "gross_margin": null,
            "gross_margin_4q_avg": 0,
            "net_income": null,
            "net_income_4q": null,
            "revenue": null,
            "revenue_4q": null,
            "common_shares": null,
            "book_valuer_per_share": null,
            "book_valuer_per_share_4q_avg": 0,
            "equity": null,
            "current_ratio": null,
            "debt_ratio": null,
            "inventory_turnover_ratio": null,
            "account_receivable_turnover_ratio": null,
            "reinvestment_rate": null,
            "research_to_sale_ratio": null,
            "price_fair": 0,
            "eps_avg_yearly": 0,
            "eps_latest_yearly": 0,
            "eps_growth_yearly": 0
        },
        "20053": {
            "year_quarter": 20053,
            "year": 2005,
            "quarter": 3,
            "eps": null,
            "eps_growth_year": null,
            "eps_4q": null,
            "eps_4q_growth_year": null,
            "roe": null,
            "roe_4q": 0,
            "gross_profit": null,
            "gross_margin": null,
            "gross_margin_4q_avg": 0,
            "net_income": null,
            "net_income_4q": null,
            "revenue": null,
            "revenue_4q": null,
            "common_shares": null,
            "book_valuer_per_share": null,
            "book_valuer_per_share_4q_avg": 0,
            "equity": null,
            "current_ratio": null,
            "debt_ratio": null,
            "inventory_turnover_ratio": null,
            "account_receivable_turnover_ratio": null,
            "reinvestment_rate": null,
            "research_to_sale_ratio": null,
            "price_fair": 0,
            "eps_avg_yearly": 0,
            "eps_latest_yearly": 0,
            "eps_growth_yearly": 0
        },
        "20054": {
            "year_quarter": 20054,
            "year": 2005,
            "quarter": 4,
            "eps": null,
            "eps_growth_year": null,
            "eps_4q": null,
            "eps_4q_growth_year": null,
            "roe": null,
            "roe_4q": 0,
            "gross_profit": null,
            "gross_margin": null,
            "gross_margin_4q_avg": 0,
            "net_income": null,
            "net_income_4q": null,
            "revenue": null,
            "revenue_4q": null,
            "common_shares": null,
            "book_valuer_per_share": null,
            "book_valuer_per_share_4q_avg": 0,
            "equity": null,
            "current_ratio": null,
            "debt_ratio": null,
            "inventory_turnover_ratio": null,
            "account_receivable_turnover_ratio": null,
            "reinvestment_rate": null,
            "research_to_sale_ratio": null,
            "price_fair": 0,
            "eps_avg_yearly": 0,
            "eps_latest_yearly": 0,
            "eps_growth_yearly": 0
        },
        "20061": {
            "year_quarter": 20061,
            "year": 2006,
            "quarter": 1,
            "eps": null,
            "eps_growth_year": null,
            "eps_4q": null,
            "eps_4q_growth_year": null,
            "roe": null,
            "roe_4q": 0,
            "gross_profit": null,
            "gross_margin": null,
            "gross_margin_4q_avg": 0,
            "net_income": null,
            "net_income_4q": null,
            "revenue": null,
            "revenue_4q": null,
            "common_shares": null,
            "book_valuer_per_share": null,
            "book_valuer_per_share_4q_avg": 0,
            "equity": null,
            "current_ratio": null,
            "debt_ratio": null,
            "inventory_turnover_ratio": null,
            "account_receivable_turnover_ratio": null,
            "reinvestment_rate": null,
            "research_to_sale_ratio": null,
            "price_fair": 0,
            "eps_avg_yearly": 0,
            "eps_latest_yearly": 0,
            "eps_growth_yearly": 0
        },
        "20062": {
            "year_quarter": 20062,
            "year": 2006,
            "quarter": 2,
            "eps": null,
            "eps_growth_year": null,
            "eps_4q": null,
            "eps_4q_growth_year": null,
            "roe": null,
            "roe_4q": 0,
            "gross_profit": null,
            "gross_margin": null,
            "gross_margin_4q_avg": 0,
            "net_income": null,
            "net_income_4q": null,
            "revenue": null,
            "revenue_4q": null,
            "common_shares": null,
            "book_valuer_per_share": null,
            "book_valuer_per_share_4q_avg": 0,
            "equity": null,
            "current_ratio": null,
            "debt_ratio": null,
            "inventory_turnover_ratio": null,
            "account_receivable_turnover_ratio": null,
            "reinvestment_rate": null,
            "research_to_sale_ratio": null,
            "price_fair": 0,
            "eps_avg_yearly": 0,
            "eps_latest_yearly": 0,
            "eps_growth_yearly": 0
        },
        "20063": {
            "year_quarter": 20063,
            "year": 2006,
            "quarter": 3,
            "eps": null,
            "eps_growth_year": null,
            "eps_4q": null,
            "eps_4q_growth_year": null,
            "roe": null,
            "roe_4q": 0,
            "gross_profit": null,
            "gross_margin": null,
            "gross_margin_4q_avg": 0,
            "net_income": null,
            "net_income_4q": null,
            "revenue": null,
            "revenue_4q": null,
            "common_shares": null,
            "book_valuer_per_share": null,
            "book_valuer_per_share_4q_avg": 0,
            "equity": null,
            "current_ratio": null,
            "debt_ratio": null,
            "inventory_turnover_ratio": null,
            "account_receivable_turnover_ratio": null,
            "reinvestment_rate": null,
            "research_to_sale_ratio": null,
            "price_fair": 0,
            "eps_avg_yearly": 0,
            "eps_latest_yearly": 0,
            "eps_growth_yearly": 0
        },
        "20064": {
            "year_quarter": 20064,
            "year": 2006,
            "quarter": 4,
            "eps": null,
            "eps_growth_year": null,
            "eps_4q": null,
            "eps_4q_growth_year": null,
            "roe": null,
            "roe_4q": 0,
            "gross_profit": null,
            "gross_margin": null,
            "gross_margin_4q_avg": 0,
            "net_income": null,
            "net_income_4q": null,
            "revenue": null,
            "revenue_4q": null,
            "common_shares": null,
            "book_valuer_per_share": null,
            "book_valuer_per_share_4q_avg": 0,
            "equity": null,
            "current_ratio": null,
            "debt_ratio": null,
            "inventory_turnover_ratio": null,
            "account_receivable_turnover_ratio": null,
            "reinvestment_rate": null,
            "research_to_sale_ratio": null,
            "price_fair": 0,
            "eps_avg_yearly": 0,
            "eps_latest_yearly": 0,
            "eps_growth_yearly": 0
        },
        "20071": {
            "year_quarter": 20071,
            "year": 2007,
            "quarter": 1,
            "eps": null,
            "eps_growth_year": null,
            "eps_4q": null,
            "eps_4q_growth_year": null,
            "roe": null,
            "roe_4q": 0,
            "gross_profit": null,
            "gross_margin": null,
            "gross_margin_4q_avg": 0,
            "net_income": null,
            "net_income_4q": null,
            "revenue": null,
            "revenue_4q": null,
            "common_shares": null,
            "book_valuer_per_share": null,
            "book_valuer_per_share_4q_avg": 0,
            "equity": null,
            "current_ratio": null,
            "debt_ratio": null,
            "inventory_turnover_ratio": null,
            "account_receivable_turnover_ratio": null,
            "reinvestment_rate": null,
            "research_to_sale_ratio": null,
            "price_fair": 0,
            "eps_avg_yearly": 0,
            "eps_latest_yearly": 0,
            "eps_growth_yearly": 0
        },
        "20072": {
            "year_quarter": 20072,
            "year": 2007,
            "quarter": 2,
            "eps": null,
            "eps_growth_year": null,
            "eps_4q": null,
            "eps_4q_growth_year": null,
            "roe": null,
            "roe_4q": 0,
            "gross_profit": null,
            "gross_margin": null,
            "gross_margin_4q_avg": 0,
            "net_income": null,
            "net_income_4q": null,
            "revenue": null,
            "revenue_4q": null,
            "common_shares": null,
            "book_valuer_per_share": null,
            "book_valuer_per_share_4q_avg": 0,
            "equity": null,
            "current_ratio": null,
            "debt_ratio": null,
            "inventory_turnover_ratio": null,
            "account_receivable_turnover_ratio": null,
            "reinvestment_rate": null,
            "research_to_sale_ratio": null,
            "price_fair": 0,
            "eps_avg_yearly": 0,
            "eps_latest_yearly": 0,
            "eps_growth_yearly": 0
        },
        "20073": {
            "year_quarter": 20073,
            "year": 2007,
            "quarter": 3,
            "eps": null,
            "eps_growth_year": null,
            "eps_4q": null,
            "eps_4q_growth_year": null,
            "roe": null,
            "roe_4q": 0,
            "gross_profit": null,
            "gross_margin": null,
            "gross_margin_4q_avg": 0,
            "net_income": null,
            "net_income_4q": null,
            "revenue": null,
            "revenue_4q": null,
            "common_shares": null,
            "book_valuer_per_share": null,
            "book_valuer_per_share_4q_avg": 0,
            "equity": null,
            "current_ratio": null,
            "debt_ratio": null,
            "inventory_turnover_ratio": null,
            "account_receivable_turnover_ratio": null,
            "reinvestment_rate": null,
            "research_to_sale_ratio": null,
            "price_fair": 0,
            "eps_avg_yearly": 0,
            "eps_latest_yearly": 0,
            "eps_growth_yearly": 0
        },
        "20074": {
            "year_quarter": 20074,
            "year": 2007,
            "quarter": 4,
            "eps": null,
            "eps_growth_year": null,
            "eps_4q": null,
            "eps_4q_growth_year": null,
            "roe": null,
            "roe_4q": 0,
            "gross_profit": null,
            "gross_margin": null,
            "gross_margin_4q_avg": 0,
            "net_income": null,
            "net_income_4q": null,
            "revenue": null,
            "revenue_4q": null,
            "common_shares": null,
            "book_valuer_per_share": null,
            "book_valuer_per_share_4q_avg": 0,
            "equity": null,
            "current_ratio": null,
            "debt_ratio": null,
            "inventory_turnover_ratio": null,
            "account_receivable_turnover_ratio": null,
            "reinvestment_rate": null,
            "research_to_sale_ratio": null,
            "price_fair": 0,
            "eps_avg_yearly": 0,
            "eps_latest_yearly": 0,
            "eps_growth_yearly": 0
        },
        "20081": {
            "year_quarter": 20081,
            "year": 2008,
            "quarter": 1,
            "eps": null,
            "eps_growth_year": null,
            "eps_4q": null,
            "eps_4q_growth_year": null,
            "roe": null,
            "roe_4q": 0,
            "gross_profit": null,
            "gross_margin": null,
            "gross_margin_4q_avg": 0,
            "net_income": null,
            "net_income_4q": null,
            "revenue": null,
            "revenue_4q": null,
            "common_shares": null,
            "book_valuer_per_share": null,
            "book_valuer_per_share_4q_avg": 0,
            "equity": null,
            "current_ratio": null,
            "debt_ratio": null,
            "inventory_turnover_ratio": null,
            "account_receivable_turnover_ratio": null,
            "reinvestment_rate": null,
            "research_to_sale_ratio": null,
            "price_fair": 0,
            "eps_avg_yearly": 0,
            "eps_latest_yearly": 0,
            "eps_growth_yearly": 0
        },
        "20082": {
            "year_quarter": 20082,
            "year": 2008,
            "quarter": 2,
            "eps": null,
            "eps_growth_year": null,
            "eps_4q": null,
            "eps_4q_growth_year": null,
            "roe": null,
            "roe_4q": 0,
            "gross_profit": null,
            "gross_margin": null,
            "gross_margin_4q_avg": 0,
            "net_income": null,
            "net_income_4q": null,
            "revenue": null,
            "revenue_4q": null,
            "common_shares": null,
            "book_valuer_per_share": null,
            "book_valuer_per_share_4q_avg": 0,
            "equity": null,
            "current_ratio": null,
            "debt_ratio": null,
            "inventory_turnover_ratio": null,
            "account_receivable_turnover_ratio": null,
            "reinvestment_rate": null,
            "research_to_sale_ratio": null,
            "price_fair": 0,
            "eps_avg_yearly": 0,
            "eps_latest_yearly": 0,
            "eps_growth_yearly": 0
        },
        "20083": {
            "year_quarter": 20083,
            "year": 2008,
            "quarter": 3,
            "eps": null,
            "eps_growth_year": null,
            "eps_4q": null,
            "eps_4q_growth_year": null,
            "roe": null,
            "roe_4q": 0,
            "gross_profit": null,
            "gross_margin": null,
            "gross_margin_4q_avg": 0,
            "net_income": null,
            "net_income_4q": null,
            "revenue": null,
            "revenue_4q": null,
            "common_shares": null,
            "book_valuer_per_share": null,
            "book_valuer_per_share_4q_avg": 0,
            "equity": null,
            "current_ratio": null,
            "debt_ratio": null,
            "inventory_turnover_ratio": null,
            "account_receivable_turnover_ratio": null,
            "reinvestment_rate": null,
            "research_to_sale_ratio": null,
            "price_fair": 0,
            "eps_avg_yearly": 0,
            "eps_latest_yearly": 0,
            "eps_growth_yearly": 0
        },
        "20084": {
            "year_quarter": 20084,
            "year": 2008,
            "quarter": 4,
            "eps": null,
            "eps_growth_year": null,
            "eps_4q": null,
            "eps_4q_growth_year": null,
            "roe": null,
            "roe_4q": 0,
            "gross_profit": null,
            "gross_margin": null,
            "gross_margin_4q_avg": 0,
            "net_income": null,
            "net_income_4q": null,
            "revenue": null,
            "revenue_4q": null,
            "common_shares": 368282,
            "book_valuer_per_share": 26.28,
            "book_valuer_per_share_4q_avg": 6.57,
            "equity": 968009,
            "current_ratio": 193.82,
            "debt_ratio": 34.89,
            "inventory_turnover_ratio": null,
            "account_receivable_turnover_ratio": null,
            "reinvestment_rate": null,
            "research_to_sale_ratio": null,
            "price_fair": 0,
            "eps_avg_yearly": 0,
            "eps_latest_yearly": 0,
            "eps_growth_yearly": 0
        },
        "20091": {
            "year_quarter": 20091,
            "year": 2009,
            "quarter": 1,
            "eps": null,
            "eps_growth_year": null,
            "eps_4q": null,
            "eps_4q_growth_year": null,
            "roe": null,
            "roe_4q": 0,
            "gross_profit": null,
            "gross_margin": null,
            "gross_margin_4q_avg": 0,
            "net_income": null,
            "net_income_4q": null,
            "revenue": null,
            "revenue_4q": null,
            "common_shares": null,
            "book_valuer_per_share": null,
            "book_valuer_per_share_4q_avg": 6.57,
            "equity": null,
            "current_ratio": null,
            "debt_ratio": null,
            "inventory_turnover_ratio": null,
            "account_receivable_turnover_ratio": null,
            "reinvestment_rate": null,
            "research_to_sale_ratio": null,
            "price_fair": 0,
            "eps_avg_yearly": 0,
            "eps_latest_yearly": 0,
            "eps_growth_yearly": 0
        },
        "20092": {
            "year_quarter": 20092,
            "year": 2009,
            "quarter": 2,
            "eps": null,
            "eps_growth_year": null,
            "eps_4q": null,
            "eps_4q_growth_year": null,
            "roe": null,
            "roe_4q": 0,
            "gross_profit": null,
            "gross_margin": null,
            "gross_margin_4q_avg": 0,
            "net_income": null,
            "net_income_4q": null,
            "revenue": null,
            "revenue_4q": null,
            "common_shares": null,
            "book_valuer_per_share": null,
            "book_valuer_per_share_4q_avg": 6.57,
            "equity": null,
            "current_ratio": null,
            "debt_ratio": null,
            "inventory_turnover_ratio": null,
            "account_receivable_turnover_ratio": null,
            "reinvestment_rate": null,
            "research_to_sale_ratio": null,
            "price_fair": 0,
            "eps_avg_yearly": 0,
            "eps_latest_yearly": 0,
            "eps_growth_yearly": 0
        },
        "20093": {
            "year_quarter": 20093,
            "year": 2009,
            "quarter": 3,
            "eps": null,
            "eps_growth_year": null,
            "eps_4q": null,
            "eps_4q_growth_year": null,
            "roe": null,
            "roe_4q": 0,
            "gross_profit": null,
            "gross_margin": null,
            "gross_margin_4q_avg": 0,
            "net_income": null,
            "net_income_4q": null,
            "revenue": null,
            "revenue_4q": null,
            "common_shares": null,
            "book_valuer_per_share": null,
            "book_valuer_per_share_4q_avg": 6.57,
            "equity": null,
            "current_ratio": null,
            "debt_ratio": null,
            "inventory_turnover_ratio": null,
            "account_receivable_turnover_ratio": null,
            "reinvestment_rate": null,
            "research_to_sale_ratio": null,
            "price_fair": 0,
            "eps_avg_yearly": 0,
            "eps_latest_yearly": 0,
            "eps_growth_yearly": 0
        },
        "20094": {
            "year_quarter": 20094,
            "year": 2009,
            "quarter": 4,
            "eps": null,
            "eps_growth_year": null,
            "eps_4q": null,
            "eps_4q_growth_year": null,
            "roe": null,
            "roe_4q": 0,
            "gross_profit": null,
            "gross_margin": null,
            "gross_margin_4q_avg": 0,
            "net_income": null,
            "net_income_4q": null,
            "revenue": null,
            "revenue_4q": null,
            "common_shares": 1500,
            "book_valuer_per_share": 7411.63,
            "book_valuer_per_share_4q_avg": 1852.91,
            "equity": 1111745,
            "current_ratio": 222.28,
            "debt_ratio": 31.42,
            "inventory_turnover_ratio": null,
            "account_receivable_turnover_ratio": null,
            "reinvestment_rate": null,
            "research_to_sale_ratio": null,
            "price_fair": 0,
            "eps_avg_yearly": 0,
            "eps_latest_yearly": 0,
            "eps_growth_yearly": 0
        },
        "20101": {
            "year_quarter": 20101,
            "year": 2010,
            "quarter": 1,
            "eps": null,
            "eps_growth_year": null,
            "eps_4q": null,
            "eps_4q_growth_year": null,
            "roe": null,
            "roe_4q": 0,
            "gross_profit": 88725,
            "gross_margin": null,
            "gross_margin_4q_avg": 0,
            "net_income": 39055,
            "net_income_4q": null,
            "revenue": 357930,
            "revenue_4q": null,
            "common_shares": 1500,
            "book_valuer_per_share": 7614.79,
            "book_valuer_per_share_4q_avg": 3756.61,
            "equity": 1142218,
            "current_ratio": 205.27,
            "debt_ratio": 38.09,
            "inventory_turnover_ratio": null,
            "account_receivable_turnover_ratio": null,
            "reinvestment_rate": null,
            "research_to_sale_ratio": null,
            "price_fair": 0,
            "eps_avg_yearly": 0,
            "eps_latest_yearly": 0,
            "eps_growth_yearly": 0
        },
        "20102": {
            "year_quarter": 20102,
            "year": 2010,
            "quarter": 2,
            "eps": null,
            "eps_growth_year": null,
            "eps_4q": null,
            "eps_4q_growth_year": null,
            "roe": null,
            "roe_4q": 0,
            "gross_profit": 188369,
            "gross_margin": null,
            "gross_margin_4q_avg": 0,
            "net_income": 97348,
            "net_income_4q": null,
            "revenue": 542970,
            "revenue_4q": null,
            "common_shares": 300000,
            "book_valuer_per_share": 41.99,
            "book_valuer_per_share_4q_avg": 3767.1,
            "equity": 1259585,
            "current_ratio": 221.22,
            "debt_ratio": 35.56,
            "inventory_turnover_ratio": null,
            "account_receivable_turnover_ratio": null,
            "reinvestment_rate": null,
            "research_to_sale_ratio": null,
            "price_fair": 0,
            "eps_avg_yearly": 0,
            "eps_latest_yearly": 0,
            "eps_growth_yearly": 0
        },
        "20103": {
            "year_quarter": 20103,
            "year": 2010,
            "quarter": 3,
            "eps": null,
            "eps_growth_year": null,
            "eps_4q": null,
            "eps_4q_growth_year": null,
            "roe": null,
            "roe_4q": 0,
            "gross_profit": 179343,
            "gross_margin": null,
            "gross_margin_4q_avg": 0,
            "net_income": 81597,
            "net_income_4q": null,
            "revenue": 454497,
            "revenue_4q": null,
            "common_shares": 420000,
            "book_valuer_per_share": 31.29,
            "book_valuer_per_share_4q_avg": 3774.93,
            "equity": 1314192,
            "current_ratio": 242.02,
            "debt_ratio": 32.01,
            "inventory_turnover_ratio": null,
            "account_receivable_turnover_ratio": null,
            "reinvestment_rate": null,
            "research_to_sale_ratio": null,
            "price_fair": 0,
            "eps_avg_yearly": 0,
            "eps_latest_yearly": 0,
            "eps_growth_yearly": 0
        },
        "20104": {
            "year_quarter": 20104,
            "year": 2010,
            "quarter": 4,
            "eps": null,
            "eps_growth_year": null,
            "eps_4q": null,
            "eps_4q_growth_year": null,
            "roe": null,
            "roe_4q": 0,
            "gross_profit": 179132,
            "gross_margin": null,
            "gross_margin_4q_avg": 0,
            "net_income": 82751,
            "net_income_4q": null,
            "revenue": 452807,
            "revenue_4q": null,
            "common_shares": 420000,
            "book_valuer_per_share": 31.4,
            "book_valuer_per_share_4q_avg": 1929.87,
            "equity": 1318624,
            "current_ratio": 232.44,
            "debt_ratio": 33.5,
            "inventory_turnover_ratio": null,
            "account_receivable_turnover_ratio": null,
            "reinvestment_rate": null,
            "research_to_sale_ratio": null,
            "price_fair": 0,
            "eps_avg_yearly": 0,
            "eps_latest_yearly": 0,
            "eps_growth_yearly": 0
        },
        "20111": {
            "year_quarter": 20111,
            "year": 2011,
            "quarter": 1,
            "eps": null,
            "eps_growth_year": null,
            "eps_4q": null,
            "eps_4q_growth_year": null,
            "roe": null,
            "roe_4q": 0,
            "gross_profit": 68707,
            "gross_margin": null,
            "gross_margin_4q_avg": 0,
            "net_income": 12263,
            "net_income_4q": null,
            "revenue": 386676,
            "revenue_4q": null,
            "common_shares": 420000,
            "book_valuer_per_share": 32.83,
            "book_valuer_per_share_4q_avg": 34.38,
            "equity": 1378988,
            "current_ratio": 253.45,
            "debt_ratio": 31.42,
            "inventory_turnover_ratio": null,
            "account_receivable_turnover_ratio": null,
            "reinvestment_rate": null,
            "research_to_sale_ratio": null,
            "price_fair": 0,
            "eps_avg_yearly": 0,
            "eps_latest_yearly": 0,
            "eps_growth_yearly": 0
        },
        "20112": {
            "year_quarter": 20112,
            "year": 2011,
            "quarter": 2,
            "eps": null,
            "eps_growth_year": null,
            "eps_4q": null,
            "eps_4q_growth_year": null,
            "roe": null,
            "roe_4q": 0,
            "gross_profit": 135154,
            "gross_margin": null,
            "gross_margin_4q_avg": 0,
            "net_income": 49368,
            "net_income_4q": null,
            "revenue": 579505,
            "revenue_4q": null,
            "common_shares": 420000,
            "book_valuer_per_share": 29.98,
            "book_valuer_per_share_4q_avg": 31.38,
            "equity": 1259345,
            "current_ratio": 190.4,
            "debt_ratio": 41.23,
            "inventory_turnover_ratio": null,
            "account_receivable_turnover_ratio": null,
            "reinvestment_rate": null,
            "research_to_sale_ratio": null,
            "price_fair": 0,
            "eps_avg_yearly": 0,
            "eps_latest_yearly": 0,
            "eps_growth_yearly": 0
        },
        "20113": {
            "year_quarter": 20113,
            "year": 2011,
            "quarter": 3,
            "eps": null,
            "eps_growth_year": null,
            "eps_4q": null,
            "eps_4q_growth_year": null,
            "roe": null,
            "roe_4q": 0,
            "gross_profit": 151017,
            "gross_margin": null,
            "gross_margin_4q_avg": 0,
            "net_income": 86944,
            "net_income_4q": null,
            "revenue": 624216,
            "revenue_4q": null,
            "common_shares": 420000,
            "book_valuer_per_share": 34.14,
            "book_valuer_per_share_4q_avg": 32.09,
            "equity": 1433818,
            "current_ratio": 219.79,
            "debt_ratio": 35.11,
            "inventory_turnover_ratio": null,
            "account_receivable_turnover_ratio": null,
            "reinvestment_rate": null,
            "research_to_sale_ratio": null,
            "price_fair": 0,
            "eps_avg_yearly": 0,
            "eps_latest_yearly": 0,
            "eps_growth_yearly": 0
        },
        "20114": {
            "year_quarter": 20114,
            "year": 2011,
            "quarter": 4,
            "eps": 1.4,
            "eps_growth_year": null,
            "eps_4q": 1.4,
            "eps_4q_growth_year": null,
            "roe": 4.23,
            "roe_4q": 4.23,
            "gross_profit": 158589,
            "gross_margin": 27.67,
            "gross_margin_4q_avg": 6.92,
            "net_income": 66366,
            "net_income_4q": null,
            "revenue": 573103,
            "revenue_4q": null,
            "common_shares": 472500,
            "book_valuer_per_share": 35.99,
            "book_valuer_per_share_4q_avg": 33.24,
            "equity": 1700614,
            "current_ratio": 363.32,
            "debt_ratio": 19.93,
            "inventory_turnover_ratio": 2.39,
            "account_receivable_turnover_ratio": 0.69,
            "reinvestment_rate": null,
            "research_to_sale_ratio": 2.09,
            "price_fair": 0,
            "eps_avg_yearly": 0,
            "eps_latest_yearly": 0,
            "eps_growth_yearly": 0
        },
        "20121": {
            "year_quarter": 20121,
            "year": 2012,
            "quarter": 1,
            "eps": 0.9,
            "eps_growth_year": null,
            "eps_4q": 2.31,
            "eps_4q_growth_year": null,
            "roe": 2.5,
            "roe_4q": 6.73,
            "gross_profit": 101719,
            "gross_margin": 24.57,
            "gross_margin_4q_avg": 13.06,
            "net_income": 42565,
            "net_income_4q": null,
            "revenue": 414002,
            "revenue_4q": null,
            "common_shares": 472500,
            "book_valuer_per_share": 36.09,
            "book_valuer_per_share_4q_avg": 34.05,
            "equity": 1705027,
            "current_ratio": 419.23,
            "debt_ratio": 18.08,
            "inventory_turnover_ratio": 2.08,
            "account_receivable_turnover_ratio": 0.65,
            "reinvestment_rate": null,
            "research_to_sale_ratio": 2.35,
            "price_fair": 10.8,
            "eps_avg_yearly": 3.6,
            "eps_latest_yearly": 3.6,
            "eps_growth_yearly": -142.86
        },
        "20122": {
            "year_quarter": 20122,
            "year": 2012,
            "quarter": 2,
            "eps": 1.56,
            "eps_growth_year": null,
            "eps_4q": 3.87,
            "eps_4q_growth_year": null,
            "roe": 4.4,
            "roe_4q": 11.13,
            "gross_profit": 151183,
            "gross_margin": 31.16,
            "gross_margin_4q_avg": 20.85,
            "net_income": 73841,
            "net_income_4q": null,
            "revenue": 485260,
            "revenue_4q": null,
            "common_shares": 472500,
            "book_valuer_per_share": 34.94,
            "book_valuer_per_share_4q_avg": 35.29,
            "equity": 1651123,
            "current_ratio": 286.28,
            "debt_ratio": 26.21,
            "inventory_turnover_ratio": 2.12,
            "account_receivable_turnover_ratio": 0.85,
            "reinvestment_rate": null,
            "research_to_sale_ratio": 2.3,
            "price_fair": 172.2,
            "eps_avg_yearly": 4.92,
            "eps_latest_yearly": 6.24,
            "eps_growth_yearly": 75.24
        },
        "20123": {
            "year_quarter": 20123,
            "year": 2012,
            "quarter": 3,
            "eps": 0.92,
            "eps_growth_year": null,
            "eps_4q": 4.79,
            "eps_4q_growth_year": null,
            "roe": 2.62,
            "roe_4q": 13.75,
            "gross_profit": 114214,
            "gross_margin": 27.5,
            "gross_margin_4q_avg": 27.73,
            "net_income": 43455,
            "net_income_4q": null,
            "revenue": 415330,
            "revenue_4q": null,
            "common_shares": 472500,
            "book_valuer_per_share": 35.17,
            "book_valuer_per_share_4q_avg": 35.55,
            "equity": 1661860,
            "current_ratio": 472.56,
            "debt_ratio": 16.73,
            "inventory_turnover_ratio": 2.12,
            "account_receivable_turnover_ratio": 0.72,
            "reinvestment_rate": null,
            "research_to_sale_ratio": 2.71,
            "price_fair": 13.52,
            "eps_avg_yearly": 4.51,
            "eps_latest_yearly": 3.68,
            "eps_growth_yearly": -4.54
        },
        "20124": {
            "year_quarter": 20124,
            "year": 2012,
            "quarter": 4,
            "eps": 1.16,
            "eps_growth_year": -17.39,
            "eps_4q": 4.54,
            "eps_4q_growth_year": 223.49,
            "roe": 3.25,
            "roe_4q": 12.77,
            "gross_profit": 136113,
            "gross_margin": 28.51,
            "gross_margin_4q_avg": 27.94,
            "net_income": 54827,
            "net_income_4q": null,
            "revenue": 477354,
            "revenue_4q": null,
            "common_shares": 472500,
            "book_valuer_per_share": 36.25,
            "book_valuer_per_share_4q_avg": 35.61,
            "equity": 1712920,
            "current_ratio": 396.28,
            "debt_ratio": 20.33,
            "inventory_turnover_ratio": 2.64,
            "account_receivable_turnover_ratio": 0.81,
            "reinvestment_rate": null,
            "research_to_sale_ratio": 2.08,
            "price_fair": 148.37,
            "eps_avg_yearly": 4.54,
            "eps_latest_yearly": 4.64,
            "eps_growth_yearly": 22.68
        },
        "20131": {
            "year_quarter": 20131,
            "year": 2013,
            "quarter": 1,
            "eps": 0.18,
            "eps_growth_year": -80,
            "eps_4q": 3.83,
            "eps_4q_growth_year": 65.96,
            "roe": 0.5,
            "roe_4q": 10.77,
            "gross_profit": 60637,
            "gross_margin": 18.09,
            "gross_margin_4q_avg": 26.32,
            "net_income": 8655,
            "net_income_4q": null,
            "revenue": 335212,
            "revenue_4q": null,
            "common_shares": 472500,
            "book_valuer_per_share": 37.32,
            "book_valuer_per_share_4q_avg": 35.92,
            "equity": 1763443,
            "current_ratio": 474.72,
            "debt_ratio": 17.57,
            "inventory_turnover_ratio": 1.94,
            "account_receivable_turnover_ratio": 0.58,
            "reinvestment_rate": null,
            "research_to_sale_ratio": 3.13,
            "price_fair": 11.33,
            "eps_avg_yearly": 3.78,
            "eps_latest_yearly": 0.72,
            "eps_growth_yearly": -49.44
        },
        "20132": {
            "year_quarter": 20132,
            "year": 2013,
            "quarter": 2,
            "eps": 0.14,
            "eps_growth_year": -91.04,
            "eps_4q": 2.11,
            "eps_4q_growth_year": -45.53,
            "roe": 0.43,
            "roe_4q": 6.8,
            "gross_profit": 59151,
            "gross_margin": 17.11,
            "gross_margin_4q_avg": 22.8,
            "net_income": 7554,
            "net_income_4q": null,
            "revenue": 345671,
            "revenue_4q": null,
            "common_shares": 472500,
            "book_valuer_per_share": 36.56,
            "book_valuer_per_share_4q_avg": 36.33,
            "equity": 1732692,
            "current_ratio": 347.41,
            "debt_ratio": 21.46,
            "inventory_turnover_ratio": 1.99,
            "account_receivable_turnover_ratio": 0.71,
            "reinvestment_rate": null,
            "research_to_sale_ratio": 3.2,
            "price_fair": 9.72,
            "eps_avg_yearly": 3.24,
            "eps_latest_yearly": 0.56,
            "eps_growth_yearly": -56.02
        },
        "20133": {
            "year_quarter": 20133,
            "year": 2013,
            "quarter": 3,
            "eps": 0.42,
            "eps_growth_year": -54.33,
            "eps_4q": 1.73,
            "eps_4q_growth_year": -63.92,
            "roe": 1.25,
            "roe_4q": 5.43,
            "gross_profit": 88097,
            "gross_margin": 20.48,
            "gross_margin_4q_avg": 21.05,
            "net_income": 21794,
            "net_income_4q": null,
            "revenue": 430200,
            "revenue_4q": null,
            "common_shares": 543375,
            "book_valuer_per_share": 31.94,
            "book_valuer_per_share_4q_avg": 35.52,
            "equity": 1745293,
            "current_ratio": 332.46,
            "debt_ratio": 22.27,
            "inventory_turnover_ratio": 2.48,
            "account_receivable_turnover_ratio": 0.83,
            "reinvestment_rate": null,
            "research_to_sale_ratio": 2.96,
            "price_fair": 105.6,
            "eps_avg_yearly": 3.02,
            "eps_latest_yearly": 1.68,
            "eps_growth_yearly": 66.27
        },
        "20134": {
            "year_quarter": 20134,
            "year": 2013,
            "quarter": 4,
            "eps": 0.29,
            "eps_growth_year": -75.11,
            "eps_4q": 1.01,
            "eps_4q_growth_year": -77.83,
            "roe": 0.83,
            "roe_4q": 3.0100000000000002,
            "gross_profit": 70049,
            "gross_margin": 15.97,
            "gross_margin_4q_avg": 17.91,
            "net_income": 14715,
            "net_income_4q": null,
            "revenue": 438580,
            "revenue_4q": null,
            "common_shares": 543375,
            "book_valuer_per_share": 32.73,
            "book_valuer_per_share_4q_avg": 34.64,
            "equity": 1787587,
            "current_ratio": 330.68,
            "debt_ratio": 22.44,
            "inventory_turnover_ratio": 2.81,
            "account_receivable_turnover_ratio": 0.74,
            "reinvestment_rate": 28.12,
            "research_to_sale_ratio": 2.75,
            "price_fair": 97.48,
            "eps_avg_yearly": 2.79,
            "eps_latest_yearly": 1.16,
            "eps_growth_yearly": 42.51
        },
        "20141": {
            "year_quarter": 20141,
            "year": 2014,
            "quarter": 1,
            "eps": 0.51,
            "eps_growth_year": 183.33,
            "eps_4q": 1.36,
            "eps_4q_growth_year": -64.42,
            "roe": 1.48,
            "roe_4q": 3.99,
            "gross_profit": 80758,
            "gross_margin": 19.2,
            "gross_margin_4q_avg": 18.19,
            "net_income": 26802,
            "net_income_4q": null,
            "revenue": 420697,
            "revenue_4q": null,
            "common_shares": 543375,
            "book_valuer_per_share": 33.58,
            "book_valuer_per_share_4q_avg": 33.7,
            "equity": 1832717,
            "current_ratio": 360.22,
            "debt_ratio": 21.01,
            "inventory_turnover_ratio": 2.7,
            "account_receivable_turnover_ratio": 0.7,
            "reinvestment_rate": 21.05,
            "research_to_sale_ratio": 2.61,
            "price_fair": 94.58,
            "eps_avg_yearly": 2.7,
            "eps_latest_yearly": 2.04,
            "eps_growth_yearly": 71.5
        },
        "20142": {
            "year_quarter": 20142,
            "year": 2014,
            "quarter": 2,
            "eps": 1.1,
            "eps_growth_year": 685.71,
            "eps_4q": 2.32,
            "eps_4q_growth_year": 10.16,
            "roe": 3.22,
            "roe_4q": 6.78,
            "gross_profit": 121927,
            "gross_margin": 24.42,
            "gross_margin_4q_avg": 20.02,
            "net_income": 58771,
            "net_income_4q": null,
            "revenue": 499362,
            "revenue_4q": null,
            "common_shares": 543375,
            "book_valuer_per_share": 33.12,
            "book_valuer_per_share_4q_avg": 32.84,
            "equity": 1812153,
            "current_ratio": 309.03,
            "debt_ratio": 24.81,
            "inventory_turnover_ratio": 2.77,
            "account_receivable_turnover_ratio": 0.77,
            "reinvestment_rate": 11.46,
            "research_to_sale_ratio": 2.23,
            "price_fair": 100.52,
            "eps_avg_yearly": 2.87,
            "eps_latest_yearly": 4.4,
            "eps_growth_yearly": 110.63
        },
        "20143": {
            "year_quarter": 20143,
            "year": 2014,
            "quarter": 3,
            "eps": 1.45,
            "eps_growth_year": 245.24,
            "eps_4q": 3.35,
            "eps_4q_growth_year": 93.72,
            "roe": 4.14,
            "roe_4q": 9.67,
            "gross_profit": 167074,
            "gross_margin": 30.11,
            "gross_margin_4q_avg": 22.43,
            "net_income": 77304,
            "net_income_4q": null,
            "revenue": 554940,
            "revenue_4q": null,
            "common_shares": 543375,
            "book_valuer_per_share": 35.11,
            "book_valuer_per_share_4q_avg": 33.64,
            "equity": 1919350,
            "current_ratio": 351.58,
            "debt_ratio": 22.51,
            "inventory_turnover_ratio": 2.59,
            "account_receivable_turnover_ratio": 0.77,
            "reinvestment_rate": 12.16,
            "research_to_sale_ratio": 2.06,
            "price_fair": 109.84,
            "eps_avg_yearly": 3.14,
            "eps_latest_yearly": 5.8,
            "eps_growth_yearly": 112.14
        },
        "20144": {
            "year_quarter": 20144,
            "year": 2014,
            "quarter": 4,
            "eps": 1.22,
            "eps_growth_year": 323.72,
            "eps_4q": 4.28,
            "eps_4q_growth_year": 325.03,
            "roe": 3.3,
            "roe_4q": 12.14,
            "gross_profit": 154426,
            "gross_margin": 30.66,
            "gross_margin_4q_avg": 26.1,
            "net_income": 65709,
            "net_income_4q": null,
            "revenue": 503735,
            "revenue_4q": null,
            "common_shares": 543375,
            "book_valuer_per_share": 37.67,
            "book_valuer_per_share_4q_avg": 34.87,
            "equity": 2058058,
            "current_ratio": 360.45,
            "debt_ratio": 22.84,
            "inventory_turnover_ratio": 2.24,
            "account_receivable_turnover_ratio": 0.68,
            "reinvestment_rate": 11.79,
            "research_to_sale_ratio": 2.21,
            "price_fair": 114.92,
            "eps_avg_yearly": 3.28,
            "eps_latest_yearly": 4.88,
            "eps_growth_yearly": 97.51
        },
        "20151": {
            "year_quarter": 20151,
            "year": 2015,
            "quarter": 1,
            "eps": 0.84,
            "eps_growth_year": 64.71,
            "eps_4q": 4.61,
            "eps_4q_growth_year": 238.57,
            "roe": 2.17,
            "roe_4q": 12.83,
            "gross_profit": 122169,
            "gross_margin": 27.34,
            "gross_margin_4q_avg": 28.13,
            "net_income": 44828,
            "net_income_4q": null,
            "revenue": 446781,
            "revenue_4q": null,
            "common_shares": 543375,
            "book_valuer_per_share": 38,
            "book_valuer_per_share_4q_avg": 35.98,
            "equity": 2080829,
            "current_ratio": 406.23,
            "debt_ratio": 20.81,
            "inventory_turnover_ratio": 2.11,
            "account_receivable_turnover_ratio": 0.65,
            "reinvestment_rate": 9.83,
            "research_to_sale_ratio": 2.71,
            "price_fair": 115.12,
            "eps_avg_yearly": 3.29,
            "eps_latest_yearly": 3.36,
            "eps_growth_yearly": 80.42
        },
        "20152": {
            "year_quarter": 20152,
            "year": 2015,
            "quarter": 2,
            "eps": 1.06,
            "eps_growth_year": -3.64,
            "eps_4q": 4.57,
            "eps_4q_growth_year": 97.05,
            "roe": 2.83,
            "roe_4q": 12.440000000000001,
            "gross_profit": 120489,
            "gross_margin": 27.61,
            "gross_margin_4q_avg": 28.93,
            "net_income": 57384,
            "net_income_4q": null,
            "revenue": 436344,
            "revenue_4q": null,
            "common_shares": 543375,
            "book_valuer_per_share": 36,
            "book_valuer_per_share_4q_avg": 36.7,
            "equity": 1971245,
            "current_ratio": 321.19,
            "debt_ratio": 30.52,
            "inventory_turnover_ratio": 2.14,
            "account_receivable_turnover_ratio": 0.7,
            "reinvestment_rate": 10.39,
            "research_to_sale_ratio": 3.04,
            "price_fair": 117.5,
            "eps_avg_yearly": 3.36,
            "eps_latest_yearly": 4.24,
            "eps_growth_yearly": 82.16
        },
        "20153": {
            "year_quarter": 20153,
            "year": 2015,
            "quarter": 3,
            "eps": 1.26,
            "eps_growth_year": -13.1,
            "eps_4q": 4.39,
            "eps_4q_growth_year": 31.09,
            "roe": 3.19,
            "roe_4q": 11.489999999999998,
            "gross_profit": 118285,
            "gross_margin": 23.56,
            "gross_margin_4q_avg": 27.29,
            "net_income": 64454,
            "net_income_4q": null,
            "revenue": 502123,
            "revenue_4q": null,
            "common_shares": 543375,
            "book_valuer_per_share": 37.99,
            "book_valuer_per_share_4q_avg": 37.42,
            "equity": 2075832,
            "current_ratio": 377.29,
            "debt_ratio": 27.28,
            "inventory_turnover_ratio": 2.78,
            "account_receivable_turnover_ratio": 0.79,
            "reinvestment_rate": 8.85,
            "research_to_sale_ratio": 2.73,
            "price_fair": 121.43,
            "eps_avg_yearly": 3.47,
            "eps_latest_yearly": 5.04,
            "eps_growth_yearly": 81.72
        },
        "20154": {
            "year_quarter": 20154,
            "year": 2015,
            "quarter": 4,
            "eps": 1.14,
            "eps_growth_year": -7.15,
            "eps_4q": 4.3,
            "eps_4q_growth_year": 0.42,
            "roe": 2.94,
            "roe_4q": 11.13,
            "gross_profit": 162849,
            "gross_margin": 27.06,
            "gross_margin_4q_avg": 26.39,
            "net_income": 61263,
            "net_income_4q": null,
            "revenue": 601870,
            "revenue_4q": null,
            "common_shares": 543375,
            "book_valuer_per_share": 38.39,
            "book_valuer_per_share_4q_avg": 37.6,
            "equity": 2085821,
            "current_ratio": 378.73,
            "debt_ratio": 27.7,
            "inventory_turnover_ratio": 3,
            "account_receivable_turnover_ratio": 0.79,
            "reinvestment_rate": 5.93,
            "research_to_sale_ratio": 2.31,
            "price_fair": 123.81,
            "eps_avg_yearly": 3.54,
            "eps_latest_yearly": 4.56,
            "eps_growth_yearly": 74.23
        },
        "20161": {
            "year_quarter": 20161,
            "year": 2016,
            "quarter": 1,
            "eps": 0.08,
            "eps_growth_year": -90.48,
            "eps_4q": 3.54,
            "eps_4q_growth_year": -23.21,
            "roe": 0.21,
            "roe_4q": 9.17,
            "gross_profit": 70247,
            "gross_margin": 22.34,
            "gross_margin_4q_avg": 25.14,
            "net_income": 4313,
            "net_income_4q": null,
            "revenue": 314415,
            "revenue_4q": null,
            "common_shares": 543375,
            "book_valuer_per_share": 38,
            "book_valuer_per_share_4q_avg": 37.6,
            "equity": 2064760,
            "current_ratio": 402.64,
            "debt_ratio": 25.3,
            "inventory_turnover_ratio": 1.46,
            "account_receivable_turnover_ratio": 0.46,
            "reinvestment_rate": 5.73,
            "research_to_sale_ratio": 3.85,
            "price_fair": 116.64,
            "eps_avg_yearly": 3.33,
            "eps_latest_yearly": 0.32,
            "eps_growth_yearly": 59.91
        },
        "20162": {
            "year_quarter": 20162,
            "year": 2016,
            "quarter": 2,
            "eps": 0.26,
            "eps_growth_year": -75.47,
            "eps_4q": 2.74,
            "eps_4q_growth_year": -40.17,
            "roe": 0.72,
            "roe_4q": 7.0600000000000005,
            "gross_profit": 57821,
            "gross_margin": 15.59,
            "gross_margin_4q_avg": 22.14,
            "net_income": 14261,
            "net_income_4q": null,
            "revenue": 370880,
            "revenue_4q": null,
            "common_shares": 543375,
            "book_valuer_per_share": 34.72,
            "book_valuer_per_share_4q_avg": 37.28,
            "equity": 1886448,
            "current_ratio": 260.77,
            "debt_ratio": 29.8,
            "inventory_turnover_ratio": 2.08,
            "account_receivable_turnover_ratio": 0.73,
            "reinvestment_rate": -2.95,
            "research_to_sale_ratio": 3.65,
            "price_fair": 105.26,
            "eps_avg_yearly": 3.01,
            "eps_latest_yearly": 1.04,
            "eps_growth_yearly": 97.83
        },
        "20163": {
            "year_quarter": 20163,
            "year": 2016,
            "quarter": 3,
            "eps": 0.47,
            "eps_growth_year": -62.7,
            "eps_4q": 1.95,
            "eps_4q_growth_year": -55.55,
            "roe": 1.37,
            "roe_4q": 5.24,
            "gross_profit": 106263,
            "gross_margin": 21.55,
            "gross_margin_4q_avg": 21.64,
            "net_income": 25645,
            "net_income_4q": null,
            "revenue": 493075,
            "revenue_4q": null,
            "common_shares": 543375,
            "book_valuer_per_share": 34.19,
            "book_valuer_per_share_4q_avg": 36.33,
            "equity": 1857963,
            "current_ratio": 287.46,
            "debt_ratio": 27.51,
            "inventory_turnover_ratio": 2.52,
            "account_receivable_turnover_ratio": 0.88,
            "reinvestment_rate": -2.92,
            "research_to_sale_ratio": 2.62,
            "price_fair": 101.33,
            "eps_avg_yearly": 2.9,
            "eps_latest_yearly": 1.88,
            "eps_growth_yearly": 128.28
        },
        "20164": {
            "year_quarter": 20164,
            "year": 2016,
            "quarter": 4,
            "eps": 1.19,
            "eps_growth_year": 5.16,
            "eps_4q": 2.01,
            "eps_4q_growth_year": -53.29,
            "roe": 3.45,
            "roe_4q": 5.75,
            "gross_profit": 103786,
            "gross_margin": 21.91,
            "gross_margin_4q_avg": 20.35,
            "net_income": 64916,
            "net_income_4q": null,
            "revenue": 473780,
            "revenue_4q": null,
            "common_shares": 543375,
            "book_valuer_per_share": 35.05,
            "book_valuer_per_share_4q_avg": 35.49,
            "equity": 1904555,
            "current_ratio": 319.16,
            "debt_ratio": 25.5,
            "inventory_turnover_ratio": 2.2,
            "account_receivable_turnover_ratio": 0.72,
            "reinvestment_rate": -3.6,
            "research_to_sale_ratio": 2.44,
            "price_fair": 101.59,
            "eps_avg_yearly": 2.9,
            "eps_latest_yearly": 4.76,
            "eps_growth_yearly": 160.05
        },
        "20171": {
            "year_quarter": 20171,
            "year": 2017,
            "quarter": 1,
            "eps": -0.64,
            "eps_growth_year": -900,
            "eps_4q": 1.29,
            "eps_4q_growth_year": -63.62,
            "roe": -1.89,
            "roe_4q": 3.6500000000000004,
            "gross_profit": 48770,
            "gross_margin": 14.55,
            "gross_margin_4q_avg": 18.4,
            "net_income": -34873,
            "net_income_4q": null,
            "revenue": 335225,
            "revenue_4q": null,
            "common_shares": 543375,
            "book_valuer_per_share": 33.02,
            "book_valuer_per_share_4q_avg": 34.25,
            "equity": 1794457,
            "current_ratio": 348.78,
            "debt_ratio": 23.16,
            "inventory_turnover_ratio": 1.83,
            "account_receivable_turnover_ratio": 0.54,
            "reinvestment_rate": -7.18,
            "research_to_sale_ratio": 3.58,
            "price_fair": 106.68,
            "eps_avg_yearly": 3.05,
            "eps_latest_yearly": 4.76,
            "eps_growth_yearly": 193.25
        },
        "20172": {
            "year_quarter": 20172,
            "year": 2017,
            "quarter": 2,
            "eps": 0.11,
            "eps_growth_year": -57.69,
            "eps_4q": 1.14,
            "eps_4q_growth_year": -58.44,
            "roe": 0.15,
            "roe_4q": 3.08,
            "gross_profit": 72458,
            "gross_margin": 18.58,
            "gross_margin_4q_avg": 19.15,
            "net_income": 2672,
            "net_income_4q": null,
            "revenue": 389997,
            "revenue_4q": null,
            "common_shares": 543375,
            "book_valuer_per_share": 30.57,
            "book_valuer_per_share_4q_avg": 33.21,
            "equity": 1740032,
            "current_ratio": 254.33,
            "debt_ratio": 30.68,
            "inventory_turnover_ratio": 1.94,
            "account_receivable_turnover_ratio": 0.7,
            "reinvestment_rate": -23.77,
            "research_to_sale_ratio": 3.09,
            "price_fair": 112.9,
            "eps_avg_yearly": 3.23,
            "eps_latest_yearly": 4.76,
            "eps_growth_yearly": 213.4
        },
        "20173": {
            "year_quarter": 20173,
            "year": 2017,
            "quarter": 3,
            "eps": 0.58,
            "eps_growth_year": 23.4,
            "eps_4q": 1.25,
            "eps_4q_growth_year": -36.13,
            "roe": 1.59,
            "roe_4q": 3.3000000000000003,
            "gross_profit": 100564,
            "gross_margin": 22.69,
            "gross_margin_4q_avg": 19.43,
            "net_income": 28151,
            "net_income_4q": null,
            "revenue": 443300,
            "revenue_4q": null,
            "common_shares": 543375,
            "book_valuer_per_share": 31.72,
            "book_valuer_per_share_4q_avg": 32.59,
            "equity": 1799028,
            "current_ratio": 310.84,
            "debt_ratio": 24.58,
            "inventory_turnover_ratio": 1.98,
            "account_receivable_turnover_ratio": 0.73,
            "reinvestment_rate": -21.28,
            "research_to_sale_ratio": 2.53,
            "price_fair": 114.5,
            "eps_avg_yearly": 3.27,
            "eps_latest_yearly": 2.32,
            "eps_growth_yearly": 278.34
        },
        "20174": {
            "year_quarter": 20174,
            "year": 2017,
            "quarter": 4,
            "eps": 0.55,
            "eps_growth_year": -54.31,
            "eps_4q": 0.6,
            "eps_4q_growth_year": -70.29,
            "roe": 1.43,
            "roe_4q": 1.28,
            "gross_profit": 100975,
            "gross_margin": 22.37,
            "gross_margin_4q_avg": 19.55,
            "net_income": 25888,
            "net_income_4q": null,
            "revenue": 451319,
            "revenue_4q": null,
            "common_shares": 543375,
            "book_valuer_per_share": 32.16,
            "book_valuer_per_share_4q_avg": 31.87,
            "equity": 1818276,
            "current_ratio": 307.74,
            "debt_ratio": 25.05,
            "inventory_turnover_ratio": 2.14,
            "account_receivable_turnover_ratio": 0.67,
            "reinvestment_rate": -26.27,
            "research_to_sale_ratio": 2.63,
            "price_fair": 117.1,
            "eps_avg_yearly": 3.35,
            "eps_latest_yearly": 2.2,
            "eps_growth_yearly": 285.71
        },
        "20181": {
            "year_quarter": 20181,
            "year": 2018,
            "quarter": 1,
            "eps": 0.01,
            "eps_growth_year": null,
            "eps_4q": 1.25,
            "eps_4q_growth_year": -2.67,
            "roe": -0.13,
            "roe_4q": 3.0399999999999996,
            "gross_profit": 71216,
            "gross_margin": 19.37,
            "gross_margin_4q_avg": 20.75,
            "net_income": -2400,
            "net_income_4q": null,
            "revenue": 367660,
            "revenue_4q": null,
            "common_shares": 543375,
            "book_valuer_per_share": 32.5,
            "book_valuer_per_share_4q_avg": 31.74,
            "equity": 1832989,
            "current_ratio": 324.95,
            "debt_ratio": 23.9,
            "inventory_turnover_ratio": 1.77,
            "account_receivable_turnover_ratio": 0.56,
            "reinvestment_rate": -28.24,
            "research_to_sale_ratio": 2.84,
            "price_fair": 112.1,
            "eps_avg_yearly": 3.2,
            "eps_latest_yearly": 0.04,
            "eps_growth_yearly": 235.98
        },
        "20182": {
            "year_quarter": 20182,
            "year": 2018,
            "quarter": 2,
            "eps": 1.24,
            "eps_growth_year": 1027.27,
            "eps_4q": 2.38,
            "eps_4q_growth_year": 109.69,
            "roe": 3.52,
            "roe_4q": 6.41,
            "gross_profit": 88148,
            "gross_margin": 19.57,
            "gross_margin_4q_avg": 21,
            "net_income": 64587,
            "net_income_4q": null,
            "revenue": 450410,
            "revenue_4q": null,
            "common_shares": 543375,
            "book_valuer_per_share": 32.58,
            "book_valuer_per_share_4q_avg": 32.24,
            "equity": 1836506,
            "current_ratio": 357.85,
            "debt_ratio": 22.89,
            "inventory_turnover_ratio": 1.98,
            "account_receivable_turnover_ratio": 0.72,
            "reinvestment_rate": -30.67,
            "research_to_sale_ratio": 2.87,
            "price_fair": 113.5,
            "eps_avg_yearly": 3.24,
            "eps_latest_yearly": 4.96,
            "eps_growth_yearly": 3717.21
        },
        "20183": {
            "year_quarter": 20183,
            "year": 2018,
            "quarter": 3,
            "eps": 1.45,
            "eps_growth_year": 150,
            "eps_4q": 3.26,
            "eps_4q_growth_year": 161.35,
            "roe": 4.07,
            "roe_4q": 8.89,
            "gross_profit": 129930,
            "gross_margin": 25.26,
            "gross_margin_4q_avg": 21.64,
            "net_income": 75156,
            "net_income_4q": null,
            "revenue": 514388,
            "revenue_4q": null,
            "common_shares": 543375,
            "book_valuer_per_share": 33.02,
            "book_valuer_per_share_4q_avg": 32.57,
            "equity": 1855704,
            "current_ratio": 378.27,
            "debt_ratio": 22.34,
            "inventory_turnover_ratio": 2.01,
            "account_receivable_turnover_ratio": 0.73,
            "reinvestment_rate": -33.51,
            "research_to_sale_ratio": 2.97,
            "price_fair": 113.5,
            "eps_avg_yearly": 3.24,
            "eps_latest_yearly": 5.8,
            "eps_growth_yearly": 3712.96
        },
        "20184": {
            "year_quarter": 20184,
            "year": 2018,
            "quarter": 4,
            "eps": 0.7,
            "eps_growth_year": 27.34,
            "eps_4q": 3.4,
            "eps_4q_growth_year": 470.55,
            "roe": 1.83,
            "roe_4q": 9.29,
            "gross_profit": 125682,
            "gross_margin": 24.38,
            "gross_margin_4q_avg": 22.15,
            "net_income": 34392,
            "net_income_4q": null,
            "revenue": 515473,
            "revenue_4q": null,
            "common_shares": 543375,
            "book_valuer_per_share": 33.91,
            "book_valuer_per_share_4q_avg": 33,
            "equity": 1901387,
            "current_ratio": 358.55,
            "debt_ratio": 23.44,
            "inventory_turnover_ratio": 1.95,
            "account_receivable_turnover_ratio": 0.66,
            "reinvestment_rate": -32.98,
            "research_to_sale_ratio": 2.36,
            "price_fair": 108.3,
            "eps_avg_yearly": 3.09,
            "eps_latest_yearly": 2.8,
            "eps_growth_yearly": 3702.71
        },
        "20191": {
            "year_quarter": 20191,
            "year": 2019,
            "quarter": 1,
            "eps": 0.62,
            "eps_growth_year": 6100,
            "eps_4q": 4.01,
            "eps_4q_growth_year": 219.79,
            "roe": 1.52,
            "roe_4q": 10.94,
            "gross_profit": 99456,
            "gross_margin": 24.94,
            "gross_margin_4q_avg": 23.54,
            "net_income": 29562,
            "net_income_4q": null,
            "revenue": 398740,
            "revenue_4q": null,
            "common_shares": 543375,
            "book_valuer_per_share": 35.28,
            "book_valuer_per_share_4q_avg": 33.7,
            "equity": 1976066,
            "current_ratio": 432.8,
            "debt_ratio": 20.45,
            "inventory_turnover_ratio": 1.45,
            "account_receivable_turnover_ratio": 0.54,
            "reinvestment_rate": -30.23,
            "research_to_sale_ratio": 3.4,
            "price_fair": 106.1,
            "eps_avg_yearly": 3.03,
            "eps_latest_yearly": 2.48,
            "eps_growth_yearly": 3708.35
        },
        "20192": {
            "year_quarter": 20192,
            "year": 2019,
            "quarter": 2,
            "eps": 1.29,
            "eps_growth_year": 4.03,
            "eps_4q": 4.05,
            "eps_4q_growth_year": 69.76,
            "roe": 3.45,
            "roe_4q": 10.870000000000001,
            "gross_profit": 137702,
            "gross_margin": 26.42,
            "gross_margin_4q_avg": 25.25,
            "net_income": 66700,
            "net_income_4q": null,
            "revenue": 521130,
            "revenue_4q": null,
            "common_shares": 543375,
            "book_valuer_per_share": 33.74,
            "book_valuer_per_share_4q_avg": 33.99,
            "equity": 1888860,
            "current_ratio": 319.65,
            "debt_ratio": 27.01,
            "inventory_turnover_ratio": 2.1,
            "account_receivable_turnover_ratio": 0.73,
            "reinvestment_rate": -30.82,
            "research_to_sale_ratio": 2.83,
            "price_fair": 108.4,
            "eps_avg_yearly": 3.1,
            "eps_latest_yearly": 5.16,
            "eps_growth_yearly": 3731.74
        },
        "20193": {
            "year_quarter": 20193,
            "year": 2019,
            "quarter": 3,
            "eps": 1.62,
            "eps_growth_year": 11.72,
            "eps_4q": 4.22,
            "eps_4q_growth_year": 29.55,
            "roe": 4.43,
            "roe_4q": 11.23,
            "gross_profit": 170394,
            "gross_margin": 28.3,
            "gross_margin_4q_avg": 26.01,
            "net_income": 84432,
            "net_income_4q": null,
            "revenue": 602192,
            "revenue_4q": null,
            "common_shares": 543375,
            "book_valuer_per_share": 34.52,
            "book_valuer_per_share_4q_avg": 34.36,
            "equity": 1926726,
            "current_ratio": 323.04,
            "debt_ratio": 26.51,
            "inventory_turnover_ratio": 2.51,
            "account_receivable_turnover_ratio": 0.74,
            "reinvestment_rate": -34.75,
            "research_to_sale_ratio": 2.69,
            "price_fair": 112,
            "eps_avg_yearly": 3.2,
            "eps_latest_yearly": 6.48,
            "eps_growth_yearly": 3733.66
        },
        "20194": {
            "year_quarter": 20194,
            "year": 2019,
            "quarter": 4,
            "eps": 1.04,
            "eps_growth_year": 50.01,
            "eps_4q": 4.56,
            "eps_4q_growth_year": 34.08,
            "roe": 2.69,
            "roe_4q": 12.09,
            "gross_profit": 191827,
            "gross_margin": 32.97,
            "gross_margin_4q_avg": 28.16,
            "net_income": 52543,
            "net_income_4q": null,
            "revenue": 581872,
            "revenue_4q": null,
            "common_shares": 543375,
            "book_valuer_per_share": 35.5,
            "book_valuer_per_share_4q_avg": 34.76,
            "equity": 1974814,
            "current_ratio": 347.44,
            "debt_ratio": 24.78,
            "inventory_turnover_ratio": 2.08,
            "account_receivable_turnover_ratio": 0.67,
            "reinvestment_rate": -25.57,
            "research_to_sale_ratio": 2.7,
            "price_fair": 111,
            "eps_avg_yearly": 3.17,
            "eps_latest_yearly": 4.16,
            "eps_growth_yearly": 3726.15
        },
        "20201": {
            "year_quarter": 20201,
            "year": 2020,
            "quarter": 1,
            "eps": 0.73,
            "eps_growth_year": 17.74,
            "eps_4q": 4.68,
            "eps_4q_growth_year": 16.71,
            "roe": 1.91,
            "roe_4q": 12.48,
            "gross_profit": 114267,
            "gross_margin": 24.8,
            "gross_margin_4q_avg": 28.12,
            "net_income": 36407,
            "net_income_4q": null,
            "revenue": 460801,
            "revenue_4q": null,
            "common_shares": 543375,
            "book_valuer_per_share": 32.88,
            "book_valuer_per_share_4q_avg": 34.16,
            "equity": 1829633,
            "current_ratio": 246.96,
            "debt_ratio": 33.61,
            "inventory_turnover_ratio": 1.63,
            "account_receivable_turnover_ratio": 0.56,
            "reinvestment_rate": -19.68,
            "research_to_sale_ratio": 2.47,
            "price_fair": 117.5,
            "eps_avg_yearly": 3.36,
            "eps_latest_yearly": 2.92,
            "eps_growth_yearly": 3744.2
        },
        "20202": {
            "year_quarter": 20202,
            "year": 2020,
            "quarter": 2,
            "eps": 4.09,
            "eps_growth_year": 217.05,
            "eps_4q": 6.93,
            "eps_4q_growth_year": 71.24,
            "roe": 11.02,
            "roe_4q": 20.049999999999997,
            "gross_profit": 387784,
            "gross_margin": 40.43,
            "gross_margin_4q_avg": 31.63,
            "net_income": 225605,
            "net_income_4q": null,
            "revenue": 959244,
            "revenue_4q": null,
            "common_shares": 593375,
            "book_valuer_per_share": 37.5,
            "book_valuer_per_share_4q_avg": 35.1,
            "equity": 2265647,
            "current_ratio": 282.48,
            "debt_ratio": 31.53,
            "inventory_turnover_ratio": 2.75,
            "account_receivable_turnover_ratio": 0.97,
            "reinvestment_rate": -12.33,
            "research_to_sale_ratio": 1.86,
            "price_fair": 155.8,
            "eps_avg_yearly": 4.45,
            "eps_latest_yearly": 16.36,
            "eps_growth_yearly": 3811.42
        },
        "20203": {
            "year_quarter": 20203,
            "year": 2020,
            "quarter": 3,
            "eps": 4.16,
            "eps_growth_year": 156.79,
            "eps_4q": 9.61,
            "eps_4q_growth_year": 127.98,
            "roe": 10.23,
            "roe_4q": 25.85,
            "gross_profit": 460167,
            "gross_margin": 40.94,
            "gross_margin_4q_avg": 34.79,
            "net_income": 245852,
            "net_income_4q": null,
            "revenue": 1124071,
            "revenue_4q": null,
            "common_shares": 593375,
            "book_valuer_per_share": 42.18,
            "book_valuer_per_share_4q_avg": 37.02,
            "equity": 2542373,
            "current_ratio": 285.88,
            "debt_ratio": 31.7,
            "inventory_turnover_ratio": 3.08,
            "account_receivable_turnover_ratio": 0.81,
            "reinvestment_rate": -4.58,
            "research_to_sale_ratio": 1.89,
            "price_fair": 192.7,
            "eps_avg_yearly": 5.51,
            "eps_latest_yearly": 16.64,
            "eps_growth_yearly": 3788.83
        },
        "20204": {
            "year_quarter": 20204,
            "year": 2020,
            "quarter": 4,
            "eps": 3.96,
            "eps_growth_year": 279.85,
            "eps_4q": 12.62,
            "eps_4q_growth_year": 176.47,
            "roe": 8.75,
            "roe_4q": 31.91,
            "gross_profit": 464596,
            "gross_margin": 39.56,
            "gross_margin_4q_avg": 36.43,
            "net_income": 234380,
            "net_income_4q": null,
            "revenue": 1174531,
            "revenue_4q": null,
            "common_shares": 593375,
            "book_valuer_per_share": 46.71,
            "book_valuer_per_share_4q_avg": 39.82,
            "equity": 2815116,
            "current_ratio": 331.67,
            "debt_ratio": 27.99,
            "inventory_turnover_ratio": 2.45,
            "account_receivable_turnover_ratio": 0.73,
            "reinvestment_rate": 0.39,
            "research_to_sale_ratio": 2.26,
            "price_fair": 220.4,
            "eps_avg_yearly": 6.3,
            "eps_latest_yearly": 15.84,
            "eps_growth_yearly": 3743.69
        },
        "20211": {
            "year_quarter": 20211,
            "year": 2021,
            "quarter": 1,
            "eps": 3.12,
            "eps_growth_year": 327.4,
            "eps_4q": 13.92,
            "eps_4q_growth_year": 197.75,
            "roe": 6.36,
            "roe_4q": 36.36,
            "gross_profit": 351172,
            "gross_margin": 34.85,
            "gross_margin_4q_avg": 38.95,
            "net_income": 185293,
            "net_income_4q": null,
            "revenue": 1007556,
            "revenue_4q": null,
            "common_shares": 643375,
            "book_valuer_per_share": 46.18,
            "book_valuer_per_share_4q_avg": 43.14,
            "equity": 3013113,
            "current_ratio": 228.34,
            "debt_ratio": 39.25,
            "inventory_turnover_ratio": 1.81,
            "account_receivable_turnover_ratio": 0.65,
            "reinvestment_rate": 8.96,
            "research_to_sale_ratio": 2.54,
            "price_fair": 234.83,
            "eps_avg_yearly": 6.71,
            "eps_latest_yearly": 12.48,
            "eps_growth_yearly": 3488.45
        },
        "20212": {
            "year_quarter": 20212,
            "year": 2021,
            "quarter": 2,
            "eps": 2.54,
            "eps_growth_year": -37.9,
            "eps_4q": 12.94,
            "eps_4q_growth_year": 86.64,
            "roe": 5.25,
            "roe_4q": 30.59,
            "gross_profit": 318248,
            "gross_margin": 34.78,
            "gross_margin_4q_avg": 37.53,
            "net_income": 161757,
            "net_income_4q": null,
            "revenue": 915108,
            "revenue_4q": null,
            "common_shares": 643375,
            "book_valuer_per_share": 48.25,
            "book_valuer_per_share_4q_avg": 45.83,
            "equity": 3143891,
            "current_ratio": 214.28,
            "debt_ratio": 41.86,
            "inventory_turnover_ratio": 1.5,
            "account_receivable_turnover_ratio": 0.65,
            "reinvestment_rate": 14.88,
            "research_to_sale_ratio": 2.74,
            "price_fair": 242.38,
            "eps_avg_yearly": 6.93,
            "eps_latest_yearly": 10.16,
            "eps_growth_yearly": 3265.78
        },
        "20213": {
            "year_quarter": 20213,
            "year": 2021,
            "quarter": 3,
            "eps": 2,
            "eps_growth_year": -51.92,
            "eps_4q": 11.1,
            "eps_4q_growth_year": 15.42,
            "roe": 3.98,
            "roe_4q": 24.34,
            "gross_profit": 265542,
            "gross_margin": 30.35,
            "gross_margin_4q_avg": 34.89,
            "net_income": 127719,
            "net_income_4q": null,
            "revenue": 874898,
            "revenue_4q": null,
            "common_shares": 643375,
            "book_valuer_per_share": 50.17,
            "book_valuer_per_share_4q_avg": 47.83,
            "equity": 3266595,
            "current_ratio": 329.7,
            "debt_ratio": 27.89,
            "inventory_turnover_ratio": 1.57,
            "account_receivable_turnover_ratio": 0.65,
            "reinvestment_rate": 16.56,
            "research_to_sale_ratio": 2.69,
            "price_fair": 254.8,
            "eps_avg_yearly": 7.28,
            "eps_latest_yearly": 8,
            "eps_growth_yearly": 3153.65
        },
        "20214": {
            "year_quarter": 20214,
            "year": 2021,
            "quarter": 4,
            "eps": 1.16,
            "eps_growth_year": -70.65,
            "eps_4q": 8.61,
            "eps_4q_growth_year": -31.81,
            "roe": 2.24,
            "roe_4q": 17.830000000000002,
            "gross_profit": 211491,
            "gross_margin": 24.16,
            "gross_margin_4q_avg": 31.04,
            "net_income": 74332,
            "net_income_4q": null,
            "revenue": 875394,
            "revenue_4q": null,
            "common_shares": 643375,
            "book_valuer_per_share": 51.67,
            "book_valuer_per_share_4q_avg": 49.07,
            "equity": 3362994,
            "current_ratio": 335.74,
            "debt_ratio": 28.05,
            "inventory_turnover_ratio": 1.91,
            "account_receivable_turnover_ratio": 0.66,
            "reinvestment_rate": 18.03,
            "research_to_sale_ratio": 3.22,
            "price_fair": 260.14,
            "eps_avg_yearly": 7.43,
            "eps_latest_yearly": 4.64,
            "eps_growth_yearly": 3144.44
        },
        "20221": {
            "year_quarter": 20221,
            "year": 2022,
            "quarter": 1,
            "eps": 0.77,
            "eps_growth_year": -75.32,
            "eps_4q": 6.47,
            "eps_4q_growth_year": -53.52,
            "roe": 1.46,
            "roe_4q": 12.93,
            "gross_profit": 146907,
            "gross_margin": 21.77,
            "gross_margin_4q_avg": 27.77,
            "net_income": 47954,
            "net_income_4q": null,
            "revenue": 674828,
            "revenue_4q": null,
            "common_shares": 643375,
            "book_valuer_per_share": 49.05,
            "book_valuer_per_share_4q_avg": 49.79,
            "equity": 3194600,
            "current_ratio": 273.11,
            "debt_ratio": 33.41,
            "inventory_turnover_ratio": 1.48,
            "account_receivable_turnover_ratio": 0.54,
            "reinvestment_rate": 18.75,
            "research_to_sale_ratio": 3.85,
            "price_fair": 266.79,
            "eps_avg_yearly": 7.62,
            "eps_latest_yearly": 3.08,
            "eps_growth_yearly": 3160.58
        },
        "20222": {
            "year_quarter": 20222,
            "year": 2022,
            "quarter": 2,
            "eps": 1.49,
            "eps_growth_year": -41.34,
            "eps_4q": 5.42,
            "eps_4q_growth_year": -58.11,
            "roe": 2.92,
            "roe_4q": 10.6,
            "gross_profit": 179818,
            "gross_margin": 26.23,
            "gross_margin_4q_avg": 25.63,
            "net_income": 94341,
            "net_income_4q": null,
            "revenue": 685649,
            "revenue_4q": null,
            "common_shares": 643375,
            "book_valuer_per_share": 50.08,
            "book_valuer_per_share_4q_avg": 50.24,
            "equity": 3258054,
            "current_ratio": 302.46,
            "debt_ratio": 28.72,
            "inventory_turnover_ratio": 1.38,
            "account_receivable_turnover_ratio": 0.61,
            "reinvestment_rate": 19.25,
            "research_to_sale_ratio": 4.02,
            "price_fair": 268.98,
            "eps_avg_yearly": 7.69,
            "eps_latest_yearly": 5.96,
            "eps_growth_yearly": 108.96
        },
        "20223": {
            "year_quarter": 20223,
            "year": 2022,
            "quarter": 3,
            "eps": 2.05,
            "eps_growth_year": 2.5,
            "eps_4q": 5.47,
            "eps_4q_growth_year": -50.67,
            "roe": 3.85,
            "roe_4q": 10.47,
            "gross_profit": 177603,
            "gross_margin": 29.06,
            "gross_margin_4q_avg": 25.31,
            "net_income": 128327,
            "net_income_4q": null,
            "revenue": 611113,
            "revenue_4q": null,
            "common_shares": 643375,
            "book_valuer_per_share": 52.56,
            "book_valuer_per_share_4q_avg": 50.84,
            "equity": 3408205,
            "current_ratio": 430.81,
            "debt_ratio": 20.01,
            "inventory_turnover_ratio": 1.2,
            "account_receivable_turnover_ratio": 0.59,
            "reinvestment_rate": 21.21,
            "research_to_sale_ratio": 3.93,
            "price_fair": 274.23,
            "eps_avg_yearly": 7.84,
            "eps_latest_yearly": 8.2,
            "eps_growth_yearly": 114.12
        },
        "20224": {
            "year_quarter": 20224,
            "year": 2022,
            "quarter": 4,
            "eps": 0.31,
            "eps_growth_year": -73.01,
            "eps_4q": 4.63,
            "eps_4q_growth_year": -46.25,
            "roe": 0.46,
            "roe_4q": 8.690000000000001,
            "gross_profit": 119649,
            "gross_margin": 24.36,
            "gross_margin_4q_avg": 25.36,
            "net_income": 15570,
            "net_income_4q": null,
            "revenue": 491118,
            "revenue_4q": null,
            "common_shares": 643375,
            "book_valuer_per_share": 51.68,
            "book_valuer_per_share_4q_avg": 50.84,
            "equity": 3425154,
            "current_ratio": 298.1,
            "debt_ratio": 25.02,
            "inventory_turnover_ratio": 0.99,
            "account_receivable_turnover_ratio": 0.55,
            "reinvestment_rate": 24.91,
            "research_to_sale_ratio": 5.52,
            "price_fair": 270.81,
            "eps_avg_yearly": 7.74,
            "eps_latest_yearly": 1.24,
            "eps_growth_yearly": 105.83
        },
        "20231": {
            "year_quarter": 20231,
            "year": 2023,
            "quarter": 1,
            "eps": 0.06,
            "eps_growth_year": -92.21,
            "eps_4q": 3.92,
            "eps_4q_growth_year": -39.48,
            "roe": 0.09,
            "roe_4q": 7.32,
            "gross_profit": 84774,
            "gross_margin": 19.52,
            "gross_margin_4q_avg": 24.79,
            "net_income": 3103,
            "net_income_4q": null,
            "revenue": 434336,
            "revenue_4q": null,
            "common_shares": 643375,
            "book_valuer_per_share": 49.71,
            "book_valuer_per_share_4q_avg": 51.01,
            "equity": 3297809,
            "current_ratio": 262.81,
            "debt_ratio": 26.2,
            "inventory_turnover_ratio": 0.93,
            "account_receivable_turnover_ratio": 0.58,
            "reinvestment_rate": 26.74,
            "research_to_sale_ratio": 5.62,
            "price_fair": 265.91,
            "eps_avg_yearly": 7.6,
            "eps_latest_yearly": 0.24,
            "eps_growth_yearly": 88.52
        },
        "20232": {
            "year_quarter": 20232,
            "year": 2023,
            "quarter": 2,
            "eps": 1.59,
            "eps_growth_year": 6.71,
            "eps_4q": 4.01,
            "eps_4q_growth_year": -25.98,
            "roe": 3.14,
            "roe_4q": 7.54,
            "gross_profit": 179146,
            "gross_margin": 28.25,
            "gross_margin_4q_avg": 25.3,
            "net_income": 104285,
            "net_income_4q": null,
            "revenue": 634088,
            "revenue_4q": null,
            "common_shares": 643375,
            "book_valuer_per_share": 50.38,
            "book_valuer_per_share_4q_avg": 51.08,
            "equity": 3341686,
            "current_ratio": 283.88,
            "debt_ratio": 25.34,
            "inventory_turnover_ratio": 1.31,
            "account_receivable_turnover_ratio": 0.79,
            "reinvestment_rate": 25.65,
            "research_to_sale_ratio": 5.68,
            "price_fair": 268.54,
            "eps_avg_yearly": 7.67,
            "eps_latest_yearly": 6.36,
            "eps_growth_yearly": 699.01
        },
        "20233": {
            "year_quarter": 20233,
            "year": 2023,
            "quarter": 3,
            "eps": 0.74,
            "eps_growth_year": -63.9,
            "eps_4q": 2.7,
            "eps_4q_growth_year": -50.74,
            "roe": 1.55,
            "roe_4q": 5.24,
            "gross_profit": 206319,
            "gross_margin": 27.72,
            "gross_margin_4q_avg": 24.96,
            "net_income": 53340,
            "net_income_4q": null,
            "revenue": 744315,
            "revenue_4q": null,
            "common_shares": 643375,
            "book_valuer_per_share": 52.8,
            "book_valuer_per_share_4q_avg": 51.14,
            "equity": 3519523,
            "current_ratio": 374.69,
            "debt_ratio": 20.98,
            "inventory_turnover_ratio": 1.76,
            "account_receivable_turnover_ratio": 0.74,
            "reinvestment_rate": 32.31,
            "research_to_sale_ratio": 5.65,
            "price_fair": 260.84,
            "eps_avg_yearly": 7.45,
            "eps_latest_yearly": 2.96,
            "eps_growth_yearly": 679.25
        }
    },
    "months": {
        "2011-12": {
            "month": "2011-12",
            "price": "38.75",
            "revenue": 162394
        },
        "2012-01": {
            "month": "2012-01",
            "price": "38.01",
            "revenue": 122916
        },
        "2012-02": {
            "month": "2012-02",
            "price": "48.60",
            "revenue": 126295
        },
        "2012-03": {
            "month": "2012-03",
            "price": "66.97",
            "revenue": 165869
        },
        "2012-04": {
            "month": "2012-04",
            "price": "68.83",
            "revenue": 172885
        },
        "2012-05": {
            "month": "2012-05",
            "price": "61.94",
            "revenue": 180066
        },
        "2012-06": {
            "month": "2012-06",
            "price": "55.11",
            "revenue": 130617
        },
        "2012-07": {
            "month": "2012-07",
            "price": "51.55",
            "revenue": 133722
        },
        "2012-08": {
            "month": "2012-08",
            "price": "50.50",
            "revenue": 140777
        },
        "2012-09": {
            "month": "2012-09",
            "price": "52.86",
            "revenue": 142216
        },
        "2012-10": {
            "month": "2012-10",
            "price": "47.72",
            "revenue": 162531
        },
        "2012-11": {
            "month": "2012-11",
            "price": "41.81",
            "revenue": 160303
        },
        "2012-12": {
            "month": "2012-12",
            "price": "40.65",
            "revenue": 154820
        },
        "2013-01": {
            "month": "2013-01",
            "price": "43.91",
            "revenue": 159103
        },
        "2013-02": {
            "month": "2013-02",
            "price": "43.32",
            "revenue": 73958
        },
        "2013-03": {
            "month": "2013-03",
            "price": "42.18",
            "revenue": 101874
        },
        "2013-04": {
            "month": "2013-04",
            "price": "39.76",
            "revenue": 98583
        },
        "2013-05": {
            "month": "2013-05",
            "price": "37.37",
            "revenue": 124066
        },
        "2013-06": {
            "month": "2013-06",
            "price": "35.06",
            "revenue": 118733
        },
        "2013-07": {
            "month": "2013-07",
            "price": "30.38",
            "revenue": 179318
        },
        "2013-08": {
            "month": "2013-08",
            "price": "28.63",
            "revenue": 141774
        },
        "2013-09": {
            "month": "2013-09",
            "price": "27.79",
            "revenue": 116900
        },
        "2013-10": {
            "month": "2013-10",
            "price": "27.60",
            "revenue": 139939
        },
        "2013-11": {
            "month": "2013-11",
            "price": "21.67",
            "revenue": 151513
        },
        "2013-12": {
            "month": "2013-12",
            "price": "22.81",
            "revenue": 151463
        },
        "2014-01": {
            "month": "2014-01",
            "price": "25.15",
            "revenue": 157042
        },
        "2014-02": {
            "month": "2014-02",
            "price": "26.28",
            "revenue": 88364
        },
        "2014-03": {
            "month": "2014-03",
            "price": "30.97",
            "revenue": 174469
        },
        "2014-04": {
            "month": "2014-04",
            "price": "30.55",
            "revenue": 172745
        },
        "2014-05": {
            "month": "2014-05",
            "price": "28.63",
            "revenue": 168801
        },
        "2014-06": {
            "month": "2014-06",
            "price": "30.53",
            "revenue": 156993
        },
        "2014-07": {
            "month": "2014-07",
            "price": "29.01",
            "revenue": 221687
        },
        "2014-08": {
            "month": "2014-08",
            "price": "38.83",
            "revenue": 177026
        },
        "2014-09": {
            "month": "2014-09",
            "price": "50.39",
            "revenue": 152468
        },
        "2014-10": {
            "month": "2014-10",
            "price": "38.41",
            "revenue": 155704
        },
        "2014-11": {
            "month": "2014-11",
            "price": "40.54",
            "revenue": 163107
        },
        "2014-12": {
            "month": "2014-12",
            "price": "44.55",
            "revenue": 183254
        },
        "2015-01": {
            "month": "2015-01",
            "price": "45.31",
            "revenue": 198815
        },
        "2015-02": {
            "month": "2015-02",
            "price": "44.39",
            "revenue": 99659
        },
        "2015-03": {
            "month": "2015-03",
            "price": "49.90",
            "revenue": 150631
        },
        "2015-04": {
            "month": "2015-04",
            "price": "47.49",
            "revenue": 168083
        },
        "2015-05": {
            "month": "2015-05",
            "price": "43.14",
            "revenue": 141482
        },
        "2015-06": {
            "month": "2015-06",
            "price": "44.84",
            "revenue": 125428
        },
        "2015-07": {
            "month": "2015-07",
            "price": "38.37",
            "revenue": 149552
        },
        "2015-08": {
            "month": "2015-08",
            "price": "31.12",
            "revenue": 160999
        },
        "2015-09": {
            "month": "2015-09",
            "price": "33.35",
            "revenue": 190342
        },
        "2015-10": {
            "month": "2015-10",
            "price": "38.82",
            "revenue": 203077
        },
        "2015-11": {
            "month": "2015-11",
            "price": "40.58",
            "revenue": 220913
        },
        "2015-12": {
            "month": "2015-12",
            "price": "41.31",
            "revenue": 171163
        },
        "2016-01": {
            "month": "2016-01",
            "price": "38.04",
            "revenue": 140043
        },
        "2016-02": {
            "month": "2016-02",
            "price": "38.70",
            "revenue": 63642
        },
        "2016-03": {
            "month": "2016-03",
            "price": "39.55",
            "revenue": 111162
        },
        "2016-04": {
            "month": "2016-04",
            "price": "37.98",
            "revenue": 108629
        },
        "2016-05": {
            "month": "2016-05",
            "price": "33.25",
            "revenue": 119838
        },
        "2016-06": {
            "month": "2016-06",
            "price": "31.62",
            "revenue": 138282
        },
        "2016-07": {
            "month": "2016-07",
            "price": "31.60",
            "revenue": 155236
        },
        "2016-08": {
            "month": "2016-08",
            "price": "31.45",
            "revenue": 156762
        },
        "2016-09": {
            "month": "2016-09",
            "price": "30.58",
            "revenue": 178835
        },
        "2016-10": {
            "month": "2016-10",
            "price": "28.40",
            "revenue": 140457
        },
        "2016-11": {
            "month": "2016-11",
            "price": "27.60",
            "revenue": 170968
        },
        "2016-12": {
            "month": "2016-12",
            "price": "28.47",
            "revenue": 166458
        },
        "2017-01": {
            "month": "2017-01",
            "price": "28.78",
            "revenue": 107292
        },
        "2017-02": {
            "month": "2017-02",
            "price": "30.96",
            "revenue": 87219
        },
        "2017-03": {
            "month": "2017-03",
            "price": "32.98",
            "revenue": 135067
        },
        "2017-04": {
            "month": "2017-04",
            "price": "33.39",
            "revenue": 125887
        },
        "2017-05": {
            "month": "2017-05",
            "price": "32.86",
            "revenue": 132686
        },
        "2017-06": {
            "month": "2017-06",
            "price": "32.59",
            "revenue": 130264
        },
        "2017-07": {
            "month": "2017-07",
            "price": "31.90",
            "revenue": 153329
        },
        "2017-08": {
            "month": "2017-08",
            "price": "29.16",
            "revenue": 150945
        },
        "2017-09": {
            "month": "2017-09",
            "price": "28.62",
            "revenue": 138756
        },
        "2017-10": {
            "month": "2017-10",
            "price": "28.03",
            "revenue": 130669
        },
        "2017-11": {
            "month": "2017-11",
            "price": "27.28",
            "revenue": 162161
        },
        "2017-12": {
            "month": "2017-12",
            "price": "26.58",
            "revenue": 162465
        },
        "2018-01": {
            "month": "2018-01",
            "price": "26.55",
            "revenue": 152645
        },
        "2018-02": {
            "month": "2018-02",
            "price": "25.32",
            "revenue": 79074
        },
        "2018-03": {
            "month": "2018-03",
            "price": "25.16",
            "revenue": 132494
        },
        "2018-04": {
            "month": "2018-04",
            "price": "24.44",
            "revenue": 135075
        },
        "2018-05": {
            "month": "2018-05",
            "price": "24.45",
            "revenue": 156446
        },
        "2018-06": {
            "month": "2018-06",
            "price": "24.43",
            "revenue": 158945
        },
        "2018-07": {
            "month": "2018-07",
            "price": "25.18",
            "revenue": 195160
        },
        "2018-08": {
            "month": "2018-08",
            "price": "27.00",
            "revenue": 172629
        },
        "2018-09": {
            "month": "2018-09",
            "price": "26.56",
            "revenue": 145427
        },
        "2018-10": {
            "month": "2018-10",
            "price": "25.69",
            "revenue": 171023
        },
        "2018-11": {
            "month": "2018-11",
            "price": "26.86",
            "revenue": 176200
        },
        "2018-12": {
            "month": "2018-12",
            "price": "28.30",
            "revenue": 167970
        },
        "2019-01": {
            "month": "2019-01",
            "price": "29.82",
            "revenue": 167785
        },
        "2019-02": {
            "month": "2019-02",
            "price": "31.55",
            "revenue": 86274
        },
        "2019-03": {
            "month": "2019-03",
            "price": "31.80",
            "revenue": 143652
        },
        "2019-04": {
            "month": "2019-04",
            "price": "32.17",
            "revenue": 165972
        },
        "2019-05": {
            "month": "2019-05",
            "price": "31.77",
            "revenue": 185902
        },
        "2019-06": {
            "month": "2019-06",
            "price": "33.33",
            "revenue": 169793
        },
        "2019-07": {
            "month": "2019-07",
            "price": "45.78",
            "revenue": 205928
        },
        "2019-08": {
            "month": "2019-08",
            "price": "58.27",
            "revenue": 213614
        },
        "2019-09": {
            "month": "2019-09",
            "price": "62.09",
            "revenue": 182038
        },
        "2019-10": {
            "month": "2019-10",
            "price": "70.27",
            "revenue": 190417
        },
        "2019-11": {
            "month": "2019-11",
            "price": "70.07",
            "revenue": 185174
        },
        "2019-12": {
            "month": "2019-12",
            "price": "66.18",
            "revenue": 207227
        },
        "2020-01": {
            "month": "2020-01",
            "price": "62.99",
            "revenue": 148026
        },
        "2020-02": {
            "month": "2020-02",
            "price": "59.65",
            "revenue": 71365
        },
        "2020-03": {
            "month": "2020-03",
            "price": "52.32",
            "revenue": 238658
        },
        "2020-04": {
            "month": "2020-04",
            "price": "68.26",
            "revenue": 309344
        },
        "2020-05": {
            "month": "2020-05",
            "price": "78.96",
            "revenue": 332970
        },
        "2020-06": {
            "month": "2020-06",
            "price": "105.24",
            "revenue": 314690
        },
        "2020-07": {
            "month": "2020-07",
            "price": "140.00",
            "revenue": 372668
        },
        "2020-08": {
            "month": "2020-08",
            "price": "156.62",
            "revenue": 337997
        },
        "2020-09": {
            "month": "2020-09",
            "price": "158.07",
            "revenue": 407514
        },
        "2020-10": {
            "month": "2020-10",
            "price": "154.61",
            "revenue": 375367
        },
        "2020-11": {
            "month": "2020-11",
            "price": "150.52",
            "revenue": 387842
        },
        "2020-12": {
            "month": "2020-12",
            "price": "135.72",
            "revenue": 406585
        },
        "2021-01": {
            "month": "2021-01",
            "price": "133.32",
            "revenue": 404867
        },
        "2021-02": {
            "month": "2021-02",
            "price": "132.08",
            "revenue": 229138
        },
        "2021-03": {
            "month": "2021-03",
            "price": "136.98",
            "revenue": 373402
        },
        "2021-04": {
            "month": "2021-04",
            "price": "137.08",
            "revenue": 318555
        },
        "2021-05": {
            "month": "2021-05",
            "price": "110.65",
            "revenue": 319916
        },
        "2021-06": {
            "month": "2021-06",
            "price": "117.76",
            "revenue": 276530
        },
        "2021-07": {
            "month": "2021-07",
            "price": "100.28",
            "revenue": 310007
        },
        "2021-08": {
            "month": "2021-08",
            "price": "86.17",
            "revenue": 298814
        },
        "2021-09": {
            "month": "2021-09",
            "price": "77.44",
            "revenue": 269384
        },
        "2021-10": {
            "month": "2021-10",
            "price": "70.56",
            "revenue": 256703
        },
        "2021-11": {
            "month": "2021-11",
            "price": "71.84",
            "revenue": 303385
        },
        "2021-12": {
            "month": "2021-12",
            "price": "79.35",
            "revenue": 326169
        },
        "2022-01": {
            "month": "2022-01",
            "price": "73.71",
            "revenue": 246949
        },
        "2022-02": {
            "month": "2022-02",
            "price": "71.64",
            "revenue": 178963
        },
        "2022-03": {
            "month": "2022-03",
            "price": "65.18",
            "revenue": 233759
        },
        "2022-04": {
            "month": "2022-04",
            "price": "58.77",
            "revenue": 259076
        },
        "2022-05": {
            "month": "2022-05",
            "price": "54.84",
            "revenue": 218716
        },
        "2022-06": {
            "month": "2022-06",
            "price": "54.10",
            "revenue": 204081
        },
        "2022-07": {
            "month": "2022-07",
            "price": "45.47",
            "revenue": 251151
        },
        "2022-08": {
            "month": "2022-08",
            "price": "43.86",
            "revenue": 178597
        },
        "2022-09": {
            "month": "2022-09",
            "price": "41.10",
            "revenue": 184098
        },
        "2022-10": {
            "month": "2022-10",
            "price": "48.40",
            "revenue": 175063
        },
        "2022-11": {
            "month": "2022-11",
            "price": "51.05",
            "revenue": 155214
        },
        "2022-12": {
            "month": "2022-12",
            "price": "47.03",
            "revenue": 156565
        },
        "2023-01": {
            "month": "2023-01",
            "price": "45.45",
            "revenue": 115377
        },
        "2023-02": {
            "month": "2023-02",
            "price": "49.06",
            "revenue": 124404
        },
        "2023-03": {
            "month": "2023-03",
            "price": "49.45",
            "revenue": 195145
        },
        "2023-04": {
            "month": "2023-04",
            "price": "48.31",
            "revenue": 181703
        },
        "2023-05": {
            "month": "2023-05",
            "price": "47.12",
            "revenue": 217742
        },
        "2023-06": {
            "month": "2023-06",
            "price": "46.66",
            "revenue": 233145
        },
        "2023-07": {
            "month": "2023-07",
            "price": "46.41",
            "revenue": 238218
        },
        "2023-08": {
            "month": "2023-08",
            "price": "46.79",
            "revenue": 246869
        },
        "2023-09": {
            "month": "2023-09",
            "price": "57.98",
            "revenue": 263493
        },
        "2023-10": {
            "month": "2023-10",
            "price": "64.80",
            "revenue": 252582
        },
        "2023-11": {
            "month": "2023-11",
            "price": "65.31",
            "revenue": 243516
        },
        "2023-12": {
            "month": "2023-12",
            "price": "59.78",
            "revenue": 214546
        }
    }
}
