{
    "summary": {
        "stock_name": "萬達光電",
        "stock_id": "5220",
        "category": "光電",
        "main_business": "單點及多點投射式電容觸控面板、五線電阻式觸控面製造製造買賣<br>觸控面板控制器及IC買賣<br>勞務收入",
        "website_url": "http://www.higgstec.com.tw",
        "ceo": "范志明",
        "pe_ratio": 13,
        "report_year_from": 2010,
        "report_year_to": 2023,
        "age": 13,
        "eps_negative_percentage": 9,
        "eps_growth_avg": {
            "last_all": 21.51,
            "last_2y": 18.97,
            "last_4y": 21.51,
            "last_8y": null,
            "last_12y": null,
            "last_16y": null,
            "last_20y": null,
            "at_2006_last_3y": null,
            "at_2007_last_3y": null,
            "at_2008_last_3y": null,
            "at_2009_last_3y": null,
            "at_2010_last_3y": null,
            "at_2011_last_3y": null,
            "at_2012_last_3y": null,
            "at_2013_last_3y": null,
            "at_2014_last_3y": null,
            "at_2015_last_3y": null,
            "at_2016_last_3y": null,
            "at_2017_last_3y": null,
            "at_2018_last_3y": null,
            "at_2019_last_3y": null,
            "at_2020_last_3y": null,
            "at_2021_last_3y": 30.96,
            "at_2022_last_3y": 1.89,
            "at_2023_last_3y": 1.89,
            "at_2006_last_all": null,
            "at_2007_last_all": null,
            "at_2008_last_all": null,
            "at_2009_last_all": null,
            "at_2010_last_all": null,
            "at_2011_last_all": null,
            "at_2012_last_all": null,
            "at_2013_last_all": null,
            "at_2014_last_all": null,
            "at_2015_last_all": null,
            "at_2016_last_all": null,
            "at_2017_last_all": null,
            "at_2018_last_all": null,
            "at_2019_last_all": 25.32,
            "at_2020_last_all": 50.21,
            "at_2021_last_all": 30.96,
            "at_2022_last_all": 21.51,
            "at_2023_last_all": 21.51
        },
        "latest_eps": 2.42,
        "latest_price": 30.7,
        "latest_roe": 11.3,
        "latest_gross_margin": 25.11,
        "latest_equity": 853553,
        "latest_revenue": 220441,
        "latest_gross_profit": 55358,
        "latest_net_income": 13352,
        "latest_debt_ratio": 40.52,
        "latest_current_ratio": 232.44,
        "latest_account_receivable_turnover_ratio": 2.11,
        "latest_inventory_turnover_ratio": 1.31,
        "latest_reinvestment_rate": 84.93,
        "latest_research_to_sale_ratio": 5.29
    },
    "eps_dividends": {
        "2001": {
            "cash": 0,
            "stock": 0,
            "eps": 0
        },
        "2002": {
            "cash": 0,
            "stock": 0,
            "eps": 0
        },
        "2003": {
            "cash": 0,
            "stock": 0,
            "eps": 0
        },
        "2004": {
            "cash": 0,
            "stock": 0,
            "eps": 0
        },
        "2005": {
            "cash": 0,
            "stock": 0,
            "eps": 0
        },
        "2006": {
            "cash": 0,
            "stock": 0,
            "eps": 0
        },
        "2007": {
            "cash": 0,
            "stock": 0,
            "eps": 0
        },
        "2008": {
            "cash": 0,
            "stock": 0,
            "eps": 0
        },
        "2009": {
            "cash": 0,
            "stock": 0,
            "eps": 0
        },
        "2010": {
            "cash": 0,
            "stock": 0,
            "eps": 0
        },
        "2011": {
            "cash": 0,
            "stock": 0,
            "eps": 0
        },
        "2012": {
            "cash": 0,
            "stock": 0,
            "eps": 0
        },
        "2013": {
            "cash": 0,
            "stock": 0,
            "eps": 0
        },
        "2014": {
            "cash": 0,
            "stock": 0,
            "eps": 0
        },
        "2015": {
            "cash": 2,
            "stock": 0,
            "eps": 0
        },
        "2016": {
            "cash": 1,
            "stock": 0,
            "eps": 0
        },
        "2017": {
            "cash": 3,
            "stock": 0,
            "eps": 1.38
        },
        "2018": {
            "cash": 3,
            "stock": 0,
            "eps": 3.93
        },
        "2019": {
            "cash": 3,
            "stock": 0,
            "eps": 1.99
        },
        "2020": {
            "cash": 1,
            "stock": 0,
            "eps": 4.7
        },
        "2021": {
            "cash": 3,
            "stock": 0,
            "eps": 3.44
        },
        "2022": {
            "cash": 2,
            "stock": 0,
            "eps": 2.88
        },
        "2023": {
            "cash": 2,
            "stock": 0,
            "eps": 0.34
        }
    },
    "dividends": {
        "2015-08-14": {
            "cash": 1.5,
            "stock": 0
        },
        "2016-08-10": {
            "cash": 1.2,
            "stock": 0
        },
        "2017-08-10": {
            "cash": 2.5,
            "stock": 0
        },
        "2018-08-16": {
            "cash": 2.6,
            "stock": 0
        },
        "2019-08-21": {
            "cash": 3,
            "stock": 0
        },
        "2020-08-20": {
            "cash": 1.4,
            "stock": 0
        },
        "2021-10-15": {
            "cash": 3,
            "stock": 0
        },
        "2022-08-18": {
            "cash": 2.2,
            "stock": 0
        },
        "2023-03-17": {
            "cash": 1.8,
            "stock": 0
        }
    },
    "prices": {
        "200101": "無",
        "200102": "無",
        "200103": "無",
        "200104": "無",
        "200105": "無",
        "200106": "無",
        "200107": "無",
        "200108": "無",
        "200109": "無",
        "200110": "無",
        "200111": "無",
        "200112": "無",
        "200201": "無",
        "200202": "無",
        "200203": "無",
        "200204": "無",
        "200205": "無",
        "200206": "無",
        "200207": "無",
        "200208": "無",
        "200209": "無",
        "200210": "無",
        "200211": "無",
        "200212": "無",
        "200301": "無",
        "200302": "無",
        "200303": "無",
        "200304": "無",
        "200305": "無",
        "200306": "無",
        "200307": "無",
        "200308": "無",
        "200309": "無",
        "200310": "無",
        "200311": "無",
        "200312": "無",
        "200401": "無",
        "200402": "無",
        "200403": "無",
        "200404": "無",
        "200405": "無",
        "200406": "無",
        "200407": "無",
        "200408": "無",
        "200409": "無",
        "200410": "無",
        "200411": "無",
        "200412": "無",
        "200501": "無",
        "200502": "無",
        "200503": "無",
        "200504": "無",
        "200505": "無",
        "200506": "無",
        "200507": "無",
        "200508": "無",
        "200509": "無",
        "200510": "無",
        "200511": "無",
        "200512": "無",
        "200601": "無",
        "200602": "無",
        "200603": "無",
        "200604": "無",
        "200605": "無",
        "200606": "無",
        "200607": "無",
        "200608": "無",
        "200609": "無",
        "200610": "無",
        "200611": "無",
        "200612": "無",
        "200701": "無",
        "200702": "無",
        "200703": "無",
        "200704": "無",
        "200705": "無",
        "200706": "無",
        "200707": "無",
        "200708": "無",
        "200709": "無",
        "200710": "無",
        "200711": "無",
        "200712": "無",
        "200801": "無",
        "200802": "無",
        "200803": "無",
        "200804": "無",
        "200805": "無",
        "200806": "無",
        "200807": "無",
        "200808": "無",
        "200809": "無",
        "200810": "無",
        "200811": "無",
        "200812": "無",
        "200901": "無",
        "200902": "無",
        "200903": "無",
        "200904": "無",
        "200905": "無",
        "200906": "無",
        "200907": "無",
        "200908": "無",
        "200909": "無",
        "200910": "無",
        "200911": "無",
        "200912": "無",
        "201001": "無",
        "201002": "無",
        "201003": "無",
        "201004": "無",
        "201005": "無",
        "201006": "無",
        "201007": "無",
        "201008": "無",
        "201009": "無",
        "201010": "無",
        "201011": "無",
        "201012": "無",
        "201101": "無",
        "201102": "無",
        "201103": "無",
        "201104": "無",
        "201105": "無",
        "201106": "無",
        "201107": "無",
        "201108": "無",
        "201109": "無",
        "201110": "無",
        "201111": "無",
        "201112": "無",
        "201201": "無",
        "201202": "無",
        "201203": "無",
        "201204": "無",
        "201205": "無",
        "201206": "無",
        "201207": "無",
        "201208": "無",
        "201209": "無",
        "201210": "無",
        "201211": "無",
        "201212": "無",
        "201301": "無",
        "201302": "無",
        "201303": "無",
        "201304": "無",
        "201305": "無",
        "201306": "無",
        "201307": "無",
        "201308": "無",
        "201309": "無",
        "201310": "無",
        "201311": "無",
        "201312": "無",
        "201401": "無",
        "201402": "無",
        "201403": "無",
        "201404": "無",
        "201405": "無",
        "201406": "無",
        "201407": "無",
        "201408": "無",
        "201409": "無",
        "201410": "35.62",
        "201411": "32.35",
        "201412": "30.71",
        "201501": "34.25",
        "201502": "39.91",
        "201503": "38.42",
        "201504": "30.63",
        "201505": "22.92",
        "201506": "18.81",
        "201507": "18.14",
        "201508": "15.81",
        "201509": "20.07",
        "201510": "20.73",
        "201511": "17.30",
        "201512": "16.65",
        "201601": "18.13",
        "201602": "19.94",
        "201603": "22.33",
        "201604": "22.27",
        "201605": "20.59",
        "201606": "21.76",
        "201607": "25.90",
        "201608": "28.22",
        "201609": "28.65",
        "201610": "27.88",
        "201611": "27.02",
        "201612": "26.40",
        "201701": "31.08",
        "201702": "35.01",
        "201703": "32.11",
        "201704": "36.73",
        "201705": "36.56",
        "201706": "37.49",
        "201707": "37.18",
        "201708": "33.39",
        "201709": "31.39",
        "201710": "32.24",
        "201711": "34.16",
        "201712": "34.35",
        "201801": "33.59",
        "201802": "33.40",
        "201803": "33.01",
        "201804": "31.87",
        "201805": "29.12",
        "201806": "31.59",
        "201807": "31.43",
        "201808": "30.82",
        "201809": "30.32",
        "201810": "29.17",
        "201811": "29.45",
        "201812": "30.33",
        "201901": "31.38",
        "201902": "33.03",
        "201903": "36.88",
        "201904": "37.57",
        "201905": "36.55",
        "201906": "35.81",
        "201907": "34.78",
        "201908": "31.13",
        "201909": "32.78",
        "201910": "31.28",
        "201911": "29.53",
        "201912": "29.00",
        "202001": "28.39",
        "202002": "27.32",
        "202003": "23.62",
        "202004": "25.33",
        "202005": "30.36",
        "202006": "36.77",
        "202007": "40.90",
        "202008": "54.08",
        "202009": "49.75",
        "202010": "42.80",
        "202011": "42.79",
        "202012": "42.84",
        "202101": "39.13",
        "202102": "39.90",
        "202103": "45.32",
        "202104": "45.16",
        "202105": "38.89",
        "202106": "40.01",
        "202107": "40.56",
        "202108": "39.04",
        "202109": "39.28",
        "202110": "37.09",
        "202111": "36.17",
        "202112": "34.93",
        "202201": "34.39",
        "202202": "36.17",
        "202203": "35.88",
        "202204": "35.95",
        "202205": "35.35",
        "202206": "33.87",
        "202207": "29.69",
        "202208": "30.09",
        "202209": "30.32",
        "202210": "28.56",
        "202211": "28.48",
        "202212": "28.62",
        "202301": "28.45",
        "202302": "30.09",
        "202303": "31.29",
        "202304": "30.90",
        "202305": "30.25"
    },
    "quarters": {
        "20011": {
            "year_quarter": 20011,
            "year": 2001,
            "quarter": 1,
            "eps": null,
            "eps_growth_year": null,
            "eps_4q": null,
            "eps_4q_growth_year": null,
            "roe": null,
            "gross_profit": null,
            "gross_margin": null,
            "net_income": null,
            "revenue": null,
            "common_shares": null,
            "equity": null,
            "current_ratio": null,
            "debt_ratio": null,
            "inventory_turnover_ratio": null,
            "account_receivable_turnover_ratio": null,
            "reinvestment_rate": null,
            "research_to_sale_ratio": null,
            "price_fair": 0,
            "eps_avg_yearly": 0,
            "eps_latest_yearly": 0,
            "eps_growth_yearly": 0
        },
        "20012": {
            "year_quarter": 20012,
            "year": 2001,
            "quarter": 2,
            "eps": null,
            "eps_growth_year": null,
            "eps_4q": null,
            "eps_4q_growth_year": null,
            "roe": null,
            "gross_profit": null,
            "gross_margin": null,
            "net_income": null,
            "revenue": null,
            "common_shares": null,
            "equity": null,
            "current_ratio": null,
            "debt_ratio": null,
            "inventory_turnover_ratio": null,
            "account_receivable_turnover_ratio": null,
            "reinvestment_rate": null,
            "research_to_sale_ratio": null,
            "price_fair": 0,
            "eps_avg_yearly": 0,
            "eps_latest_yearly": 0,
            "eps_growth_yearly": 0
        },
        "20013": {
            "year_quarter": 20013,
            "year": 2001,
            "quarter": 3,
            "eps": null,
            "eps_growth_year": null,
            "eps_4q": null,
            "eps_4q_growth_year": null,
            "roe": null,
            "gross_profit": null,
            "gross_margin": null,
            "net_income": null,
            "revenue": null,
            "common_shares": null,
            "equity": null,
            "current_ratio": null,
            "debt_ratio": null,
            "inventory_turnover_ratio": null,
            "account_receivable_turnover_ratio": null,
            "reinvestment_rate": null,
            "research_to_sale_ratio": null,
            "price_fair": 0,
            "eps_avg_yearly": 0,
            "eps_latest_yearly": 0,
            "eps_growth_yearly": 0
        },
        "20014": {
            "year_quarter": 20014,
            "year": 2001,
            "quarter": 4,
            "eps": null,
            "eps_growth_year": null,
            "eps_4q": null,
            "eps_4q_growth_year": null,
            "roe": null,
            "gross_profit": null,
            "gross_margin": null,
            "net_income": null,
            "revenue": null,
            "common_shares": null,
            "equity": null,
            "current_ratio": null,
            "debt_ratio": null,
            "inventory_turnover_ratio": null,
            "account_receivable_turnover_ratio": null,
            "reinvestment_rate": null,
            "research_to_sale_ratio": null,
            "price_fair": 0,
            "eps_avg_yearly": 0,
            "eps_latest_yearly": 0,
            "eps_growth_yearly": 0
        },
        "20021": {
            "year_quarter": 20021,
            "year": 2002,
            "quarter": 1,
            "eps": null,
            "eps_growth_year": null,
            "eps_4q": null,
            "eps_4q_growth_year": null,
            "roe": null,
            "gross_profit": null,
            "gross_margin": null,
            "net_income": null,
            "revenue": null,
            "common_shares": null,
            "equity": null,
            "current_ratio": null,
            "debt_ratio": null,
            "inventory_turnover_ratio": null,
            "account_receivable_turnover_ratio": null,
            "reinvestment_rate": null,
            "research_to_sale_ratio": null,
            "price_fair": 0,
            "eps_avg_yearly": 0,
            "eps_latest_yearly": 0,
            "eps_growth_yearly": 0
        },
        "20022": {
            "year_quarter": 20022,
            "year": 2002,
            "quarter": 2,
            "eps": null,
            "eps_growth_year": null,
            "eps_4q": null,
            "eps_4q_growth_year": null,
            "roe": null,
            "gross_profit": null,
            "gross_margin": null,
            "net_income": null,
            "revenue": null,
            "common_shares": null,
            "equity": null,
            "current_ratio": null,
            "debt_ratio": null,
            "inventory_turnover_ratio": null,
            "account_receivable_turnover_ratio": null,
            "reinvestment_rate": null,
            "research_to_sale_ratio": null,
            "price_fair": 0,
            "eps_avg_yearly": 0,
            "eps_latest_yearly": 0,
            "eps_growth_yearly": 0
        },
        "20023": {
            "year_quarter": 20023,
            "year": 2002,
            "quarter": 3,
            "eps": null,
            "eps_growth_year": null,
            "eps_4q": null,
            "eps_4q_growth_year": null,
            "roe": null,
            "gross_profit": null,
            "gross_margin": null,
            "net_income": null,
            "revenue": null,
            "common_shares": null,
            "equity": null,
            "current_ratio": null,
            "debt_ratio": null,
            "inventory_turnover_ratio": null,
            "account_receivable_turnover_ratio": null,
            "reinvestment_rate": null,
            "research_to_sale_ratio": null,
            "price_fair": 0,
            "eps_avg_yearly": 0,
            "eps_latest_yearly": 0,
            "eps_growth_yearly": 0
        },
        "20024": {
            "year_quarter": 20024,
            "year": 2002,
            "quarter": 4,
            "eps": null,
            "eps_growth_year": null,
            "eps_4q": null,
            "eps_4q_growth_year": null,
            "roe": null,
            "gross_profit": null,
            "gross_margin": null,
            "net_income": null,
            "revenue": null,
            "common_shares": null,
            "equity": null,
            "current_ratio": null,
            "debt_ratio": null,
            "inventory_turnover_ratio": null,
            "account_receivable_turnover_ratio": null,
            "reinvestment_rate": null,
            "research_to_sale_ratio": null,
            "price_fair": 0,
            "eps_avg_yearly": 0,
            "eps_latest_yearly": 0,
            "eps_growth_yearly": 0
        },
        "20031": {
            "year_quarter": 20031,
            "year": 2003,
            "quarter": 1,
            "eps": null,
            "eps_growth_year": null,
            "eps_4q": null,
            "eps_4q_growth_year": null,
            "roe": null,
            "gross_profit": null,
            "gross_margin": null,
            "net_income": null,
            "revenue": null,
            "common_shares": null,
            "equity": null,
            "current_ratio": null,
            "debt_ratio": null,
            "inventory_turnover_ratio": null,
            "account_receivable_turnover_ratio": null,
            "reinvestment_rate": null,
            "research_to_sale_ratio": null,
            "price_fair": 0,
            "eps_avg_yearly": 0,
            "eps_latest_yearly": 0,
            "eps_growth_yearly": 0
        },
        "20032": {
            "year_quarter": 20032,
            "year": 2003,
            "quarter": 2,
            "eps": null,
            "eps_growth_year": null,
            "eps_4q": null,
            "eps_4q_growth_year": null,
            "roe": null,
            "gross_profit": null,
            "gross_margin": null,
            "net_income": null,
            "revenue": null,
            "common_shares": null,
            "equity": null,
            "current_ratio": null,
            "debt_ratio": null,
            "inventory_turnover_ratio": null,
            "account_receivable_turnover_ratio": null,
            "reinvestment_rate": null,
            "research_to_sale_ratio": null,
            "price_fair": 0,
            "eps_avg_yearly": 0,
            "eps_latest_yearly": 0,
            "eps_growth_yearly": 0
        },
        "20033": {
            "year_quarter": 20033,
            "year": 2003,
            "quarter": 3,
            "eps": null,
            "eps_growth_year": null,
            "eps_4q": null,
            "eps_4q_growth_year": null,
            "roe": null,
            "gross_profit": null,
            "gross_margin": null,
            "net_income": null,
            "revenue": null,
            "common_shares": null,
            "equity": null,
            "current_ratio": null,
            "debt_ratio": null,
            "inventory_turnover_ratio": null,
            "account_receivable_turnover_ratio": null,
            "reinvestment_rate": null,
            "research_to_sale_ratio": null,
            "price_fair": 0,
            "eps_avg_yearly": 0,
            "eps_latest_yearly": 0,
            "eps_growth_yearly": 0
        },
        "20034": {
            "year_quarter": 20034,
            "year": 2003,
            "quarter": 4,
            "eps": null,
            "eps_growth_year": null,
            "eps_4q": null,
            "eps_4q_growth_year": null,
            "roe": null,
            "gross_profit": null,
            "gross_margin": null,
            "net_income": null,
            "revenue": null,
            "common_shares": null,
            "equity": null,
            "current_ratio": null,
            "debt_ratio": null,
            "inventory_turnover_ratio": null,
            "account_receivable_turnover_ratio": null,
            "reinvestment_rate": null,
            "research_to_sale_ratio": null,
            "price_fair": 0,
            "eps_avg_yearly": 0,
            "eps_latest_yearly": 0,
            "eps_growth_yearly": 0
        },
        "20041": {
            "year_quarter": 20041,
            "year": 2004,
            "quarter": 1,
            "eps": null,
            "eps_growth_year": null,
            "eps_4q": null,
            "eps_4q_growth_year": null,
            "roe": null,
            "gross_profit": null,
            "gross_margin": null,
            "net_income": null,
            "revenue": null,
            "common_shares": null,
            "equity": null,
            "current_ratio": null,
            "debt_ratio": null,
            "inventory_turnover_ratio": null,
            "account_receivable_turnover_ratio": null,
            "reinvestment_rate": null,
            "research_to_sale_ratio": null,
            "price_fair": 0,
            "eps_avg_yearly": 0,
            "eps_latest_yearly": 0,
            "eps_growth_yearly": 0
        },
        "20042": {
            "year_quarter": 20042,
            "year": 2004,
            "quarter": 2,
            "eps": null,
            "eps_growth_year": null,
            "eps_4q": null,
            "eps_4q_growth_year": null,
            "roe": null,
            "gross_profit": null,
            "gross_margin": null,
            "net_income": null,
            "revenue": null,
            "common_shares": null,
            "equity": null,
            "current_ratio": null,
            "debt_ratio": null,
            "inventory_turnover_ratio": null,
            "account_receivable_turnover_ratio": null,
            "reinvestment_rate": null,
            "research_to_sale_ratio": null,
            "price_fair": 0,
            "eps_avg_yearly": 0,
            "eps_latest_yearly": 0,
            "eps_growth_yearly": 0
        },
        "20043": {
            "year_quarter": 20043,
            "year": 2004,
            "quarter": 3,
            "eps": null,
            "eps_growth_year": null,
            "eps_4q": null,
            "eps_4q_growth_year": null,
            "roe": null,
            "gross_profit": null,
            "gross_margin": null,
            "net_income": null,
            "revenue": null,
            "common_shares": null,
            "equity": null,
            "current_ratio": null,
            "debt_ratio": null,
            "inventory_turnover_ratio": null,
            "account_receivable_turnover_ratio": null,
            "reinvestment_rate": null,
            "research_to_sale_ratio": null,
            "price_fair": 0,
            "eps_avg_yearly": 0,
            "eps_latest_yearly": 0,
            "eps_growth_yearly": 0
        },
        "20044": {
            "year_quarter": 20044,
            "year": 2004,
            "quarter": 4,
            "eps": null,
            "eps_growth_year": null,
            "eps_4q": null,
            "eps_4q_growth_year": null,
            "roe": null,
            "gross_profit": null,
            "gross_margin": null,
            "net_income": null,
            "revenue": null,
            "common_shares": null,
            "equity": null,
            "current_ratio": null,
            "debt_ratio": null,
            "inventory_turnover_ratio": null,
            "account_receivable_turnover_ratio": null,
            "reinvestment_rate": null,
            "research_to_sale_ratio": null,
            "price_fair": 0,
            "eps_avg_yearly": 0,
            "eps_latest_yearly": 0,
            "eps_growth_yearly": 0
        },
        "20051": {
            "year_quarter": 20051,
            "year": 2005,
            "quarter": 1,
            "eps": null,
            "eps_growth_year": null,
            "eps_4q": null,
            "eps_4q_growth_year": null,
            "roe": null,
            "gross_profit": null,
            "gross_margin": null,
            "net_income": null,
            "revenue": null,
            "common_shares": null,
            "equity": null,
            "current_ratio": null,
            "debt_ratio": null,
            "inventory_turnover_ratio": null,
            "account_receivable_turnover_ratio": null,
            "reinvestment_rate": null,
            "research_to_sale_ratio": null,
            "price_fair": 0,
            "eps_avg_yearly": 0,
            "eps_latest_yearly": 0,
            "eps_growth_yearly": 0
        },
        "20052": {
            "year_quarter": 20052,
            "year": 2005,
            "quarter": 2,
            "eps": null,
            "eps_growth_year": null,
            "eps_4q": null,
            "eps_4q_growth_year": null,
            "roe": null,
            "gross_profit": null,
            "gross_margin": null,
            "net_income": null,
            "revenue": null,
            "common_shares": null,
            "equity": null,
            "current_ratio": null,
            "debt_ratio": null,
            "inventory_turnover_ratio": null,
            "account_receivable_turnover_ratio": null,
            "reinvestment_rate": null,
            "research_to_sale_ratio": null,
            "price_fair": 0,
            "eps_avg_yearly": 0,
            "eps_latest_yearly": 0,
            "eps_growth_yearly": 0
        },
        "20053": {
            "year_quarter": 20053,
            "year": 2005,
            "quarter": 3,
            "eps": null,
            "eps_growth_year": null,
            "eps_4q": null,
            "eps_4q_growth_year": null,
            "roe": null,
            "gross_profit": null,
            "gross_margin": null,
            "net_income": null,
            "revenue": null,
            "common_shares": null,
            "equity": null,
            "current_ratio": null,
            "debt_ratio": null,
            "inventory_turnover_ratio": null,
            "account_receivable_turnover_ratio": null,
            "reinvestment_rate": null,
            "research_to_sale_ratio": null,
            "price_fair": 0,
            "eps_avg_yearly": 0,
            "eps_latest_yearly": 0,
            "eps_growth_yearly": 0
        },
        "20054": {
            "year_quarter": 20054,
            "year": 2005,
            "quarter": 4,
            "eps": null,
            "eps_growth_year": null,
            "eps_4q": null,
            "eps_4q_growth_year": null,
            "roe": null,
            "gross_profit": null,
            "gross_margin": null,
            "net_income": null,
            "revenue": null,
            "common_shares": null,
            "equity": null,
            "current_ratio": null,
            "debt_ratio": null,
            "inventory_turnover_ratio": null,
            "account_receivable_turnover_ratio": null,
            "reinvestment_rate": null,
            "research_to_sale_ratio": null,
            "price_fair": 0,
            "eps_avg_yearly": 0,
            "eps_latest_yearly": 0,
            "eps_growth_yearly": 0
        },
        "20061": {
            "year_quarter": 20061,
            "year": 2006,
            "quarter": 1,
            "eps": null,
            "eps_growth_year": null,
            "eps_4q": null,
            "eps_4q_growth_year": null,
            "roe": null,
            "gross_profit": null,
            "gross_margin": null,
            "net_income": null,
            "revenue": null,
            "common_shares": null,
            "equity": null,
            "current_ratio": null,
            "debt_ratio": null,
            "inventory_turnover_ratio": null,
            "account_receivable_turnover_ratio": null,
            "reinvestment_rate": null,
            "research_to_sale_ratio": null,
            "price_fair": 0,
            "eps_avg_yearly": 0,
            "eps_latest_yearly": 0,
            "eps_growth_yearly": 0
        },
        "20062": {
            "year_quarter": 20062,
            "year": 2006,
            "quarter": 2,
            "eps": null,
            "eps_growth_year": null,
            "eps_4q": null,
            "eps_4q_growth_year": null,
            "roe": null,
            "gross_profit": null,
            "gross_margin": null,
            "net_income": null,
            "revenue": null,
            "common_shares": null,
            "equity": null,
            "current_ratio": null,
            "debt_ratio": null,
            "inventory_turnover_ratio": null,
            "account_receivable_turnover_ratio": null,
            "reinvestment_rate": null,
            "research_to_sale_ratio": null,
            "price_fair": 0,
            "eps_avg_yearly": 0,
            "eps_latest_yearly": 0,
            "eps_growth_yearly": 0
        },
        "20063": {
            "year_quarter": 20063,
            "year": 2006,
            "quarter": 3,
            "eps": null,
            "eps_growth_year": null,
            "eps_4q": null,
            "eps_4q_growth_year": null,
            "roe": null,
            "gross_profit": null,
            "gross_margin": null,
            "net_income": null,
            "revenue": null,
            "common_shares": null,
            "equity": null,
            "current_ratio": null,
            "debt_ratio": null,
            "inventory_turnover_ratio": null,
            "account_receivable_turnover_ratio": null,
            "reinvestment_rate": null,
            "research_to_sale_ratio": null,
            "price_fair": 0,
            "eps_avg_yearly": 0,
            "eps_latest_yearly": 0,
            "eps_growth_yearly": 0
        },
        "20064": {
            "year_quarter": 20064,
            "year": 2006,
            "quarter": 4,
            "eps": null,
            "eps_growth_year": null,
            "eps_4q": null,
            "eps_4q_growth_year": null,
            "roe": null,
            "gross_profit": null,
            "gross_margin": null,
            "net_income": null,
            "revenue": null,
            "common_shares": null,
            "equity": null,
            "current_ratio": null,
            "debt_ratio": null,
            "inventory_turnover_ratio": null,
            "account_receivable_turnover_ratio": null,
            "reinvestment_rate": null,
            "research_to_sale_ratio": null,
            "price_fair": 0,
            "eps_avg_yearly": 0,
            "eps_latest_yearly": 0,
            "eps_growth_yearly": 0
        },
        "20071": {
            "year_quarter": 20071,
            "year": 2007,
            "quarter": 1,
            "eps": null,
            "eps_growth_year": null,
            "eps_4q": null,
            "eps_4q_growth_year": null,
            "roe": null,
            "gross_profit": null,
            "gross_margin": null,
            "net_income": null,
            "revenue": null,
            "common_shares": null,
            "equity": null,
            "current_ratio": null,
            "debt_ratio": null,
            "inventory_turnover_ratio": null,
            "account_receivable_turnover_ratio": null,
            "reinvestment_rate": null,
            "research_to_sale_ratio": null,
            "price_fair": 0,
            "eps_avg_yearly": 0,
            "eps_latest_yearly": 0,
            "eps_growth_yearly": 0
        },
        "20072": {
            "year_quarter": 20072,
            "year": 2007,
            "quarter": 2,
            "eps": null,
            "eps_growth_year": null,
            "eps_4q": null,
            "eps_4q_growth_year": null,
            "roe": null,
            "gross_profit": null,
            "gross_margin": null,
            "net_income": null,
            "revenue": null,
            "common_shares": null,
            "equity": null,
            "current_ratio": null,
            "debt_ratio": null,
            "inventory_turnover_ratio": null,
            "account_receivable_turnover_ratio": null,
            "reinvestment_rate": null,
            "research_to_sale_ratio": null,
            "price_fair": 0,
            "eps_avg_yearly": 0,
            "eps_latest_yearly": 0,
            "eps_growth_yearly": 0
        },
        "20073": {
            "year_quarter": 20073,
            "year": 2007,
            "quarter": 3,
            "eps": null,
            "eps_growth_year": null,
            "eps_4q": null,
            "eps_4q_growth_year": null,
            "roe": null,
            "gross_profit": null,
            "gross_margin": null,
            "net_income": null,
            "revenue": null,
            "common_shares": null,
            "equity": null,
            "current_ratio": null,
            "debt_ratio": null,
            "inventory_turnover_ratio": null,
            "account_receivable_turnover_ratio": null,
            "reinvestment_rate": null,
            "research_to_sale_ratio": null,
            "price_fair": 0,
            "eps_avg_yearly": 0,
            "eps_latest_yearly": 0,
            "eps_growth_yearly": 0
        },
        "20074": {
            "year_quarter": 20074,
            "year": 2007,
            "quarter": 4,
            "eps": null,
            "eps_growth_year": null,
            "eps_4q": null,
            "eps_4q_growth_year": null,
            "roe": null,
            "gross_profit": null,
            "gross_margin": null,
            "net_income": null,
            "revenue": null,
            "common_shares": null,
            "equity": null,
            "current_ratio": null,
            "debt_ratio": null,
            "inventory_turnover_ratio": null,
            "account_receivable_turnover_ratio": null,
            "reinvestment_rate": null,
            "research_to_sale_ratio": null,
            "price_fair": 0,
            "eps_avg_yearly": 0,
            "eps_latest_yearly": 0,
            "eps_growth_yearly": 0
        },
        "20081": {
            "year_quarter": 20081,
            "year": 2008,
            "quarter": 1,
            "eps": null,
            "eps_growth_year": null,
            "eps_4q": null,
            "eps_4q_growth_year": null,
            "roe": null,
            "gross_profit": null,
            "gross_margin": null,
            "net_income": null,
            "revenue": null,
            "common_shares": null,
            "equity": null,
            "current_ratio": null,
            "debt_ratio": null,
            "inventory_turnover_ratio": null,
            "account_receivable_turnover_ratio": null,
            "reinvestment_rate": null,
            "research_to_sale_ratio": null,
            "price_fair": 0,
            "eps_avg_yearly": 0,
            "eps_latest_yearly": 0,
            "eps_growth_yearly": 0
        },
        "20082": {
            "year_quarter": 20082,
            "year": 2008,
            "quarter": 2,
            "eps": null,
            "eps_growth_year": null,
            "eps_4q": null,
            "eps_4q_growth_year": null,
            "roe": null,
            "gross_profit": null,
            "gross_margin": null,
            "net_income": null,
            "revenue": null,
            "common_shares": null,
            "equity": null,
            "current_ratio": null,
            "debt_ratio": null,
            "inventory_turnover_ratio": null,
            "account_receivable_turnover_ratio": null,
            "reinvestment_rate": null,
            "research_to_sale_ratio": null,
            "price_fair": 0,
            "eps_avg_yearly": 0,
            "eps_latest_yearly": 0,
            "eps_growth_yearly": 0
        },
        "20083": {
            "year_quarter": 20083,
            "year": 2008,
            "quarter": 3,
            "eps": null,
            "eps_growth_year": null,
            "eps_4q": null,
            "eps_4q_growth_year": null,
            "roe": null,
            "gross_profit": null,
            "gross_margin": null,
            "net_income": null,
            "revenue": null,
            "common_shares": null,
            "equity": null,
            "current_ratio": null,
            "debt_ratio": null,
            "inventory_turnover_ratio": null,
            "account_receivable_turnover_ratio": null,
            "reinvestment_rate": null,
            "research_to_sale_ratio": null,
            "price_fair": 0,
            "eps_avg_yearly": 0,
            "eps_latest_yearly": 0,
            "eps_growth_yearly": 0
        },
        "20084": {
            "year_quarter": 20084,
            "year": 2008,
            "quarter": 4,
            "eps": null,
            "eps_growth_year": null,
            "eps_4q": null,
            "eps_4q_growth_year": null,
            "roe": null,
            "gross_profit": null,
            "gross_margin": null,
            "net_income": null,
            "revenue": null,
            "common_shares": null,
            "equity": null,
            "current_ratio": null,
            "debt_ratio": null,
            "inventory_turnover_ratio": null,
            "account_receivable_turnover_ratio": null,
            "reinvestment_rate": null,
            "research_to_sale_ratio": null,
            "price_fair": 0,
            "eps_avg_yearly": 0,
            "eps_latest_yearly": 0,
            "eps_growth_yearly": 0
        },
        "20091": {
            "year_quarter": 20091,
            "year": 2009,
            "quarter": 1,
            "eps": null,
            "eps_growth_year": null,
            "eps_4q": null,
            "eps_4q_growth_year": null,
            "roe": null,
            "gross_profit": null,
            "gross_margin": null,
            "net_income": null,
            "revenue": null,
            "common_shares": null,
            "equity": null,
            "current_ratio": null,
            "debt_ratio": null,
            "inventory_turnover_ratio": null,
            "account_receivable_turnover_ratio": null,
            "reinvestment_rate": null,
            "research_to_sale_ratio": null,
            "price_fair": 0,
            "eps_avg_yearly": 0,
            "eps_latest_yearly": 0,
            "eps_growth_yearly": 0
        },
        "20092": {
            "year_quarter": 20092,
            "year": 2009,
            "quarter": 2,
            "eps": null,
            "eps_growth_year": null,
            "eps_4q": null,
            "eps_4q_growth_year": null,
            "roe": null,
            "gross_profit": null,
            "gross_margin": null,
            "net_income": null,
            "revenue": null,
            "common_shares": null,
            "equity": null,
            "current_ratio": null,
            "debt_ratio": null,
            "inventory_turnover_ratio": null,
            "account_receivable_turnover_ratio": null,
            "reinvestment_rate": null,
            "research_to_sale_ratio": null,
            "price_fair": 0,
            "eps_avg_yearly": 0,
            "eps_latest_yearly": 0,
            "eps_growth_yearly": 0
        },
        "20093": {
            "year_quarter": 20093,
            "year": 2009,
            "quarter": 3,
            "eps": null,
            "eps_growth_year": null,
            "eps_4q": null,
            "eps_4q_growth_year": null,
            "roe": null,
            "gross_profit": null,
            "gross_margin": null,
            "net_income": null,
            "revenue": null,
            "common_shares": null,
            "equity": null,
            "current_ratio": null,
            "debt_ratio": null,
            "inventory_turnover_ratio": null,
            "account_receivable_turnover_ratio": null,
            "reinvestment_rate": null,
            "research_to_sale_ratio": null,
            "price_fair": 0,
            "eps_avg_yearly": 0,
            "eps_latest_yearly": 0,
            "eps_growth_yearly": 0
        },
        "20094": {
            "year_quarter": 20094,
            "year": 2009,
            "quarter": 4,
            "eps": null,
            "eps_growth_year": null,
            "eps_4q": null,
            "eps_4q_growth_year": null,
            "roe": null,
            "gross_profit": null,
            "gross_margin": null,
            "net_income": null,
            "revenue": null,
            "common_shares": null,
            "equity": null,
            "current_ratio": null,
            "debt_ratio": null,
            "inventory_turnover_ratio": null,
            "account_receivable_turnover_ratio": null,
            "reinvestment_rate": null,
            "research_to_sale_ratio": null,
            "price_fair": 0,
            "eps_avg_yearly": 0,
            "eps_latest_yearly": 0,
            "eps_growth_yearly": 0
        },
        "20101": {
            "year_quarter": 20101,
            "year": 2010,
            "quarter": 1,
            "eps": null,
            "eps_growth_year": null,
            "eps_4q": null,
            "eps_4q_growth_year": null,
            "roe": null,
            "gross_profit": null,
            "gross_margin": null,
            "net_income": null,
            "revenue": null,
            "common_shares": null,
            "equity": null,
            "current_ratio": null,
            "debt_ratio": null,
            "inventory_turnover_ratio": null,
            "account_receivable_turnover_ratio": null,
            "reinvestment_rate": null,
            "research_to_sale_ratio": null,
            "price_fair": 0,
            "eps_avg_yearly": 0,
            "eps_latest_yearly": 0,
            "eps_growth_yearly": 0
        },
        "20102": {
            "year_quarter": 20102,
            "year": 2010,
            "quarter": 2,
            "eps": null,
            "eps_growth_year": null,
            "eps_4q": null,
            "eps_4q_growth_year": null,
            "roe": null,
            "gross_profit": null,
            "gross_margin": null,
            "net_income": null,
            "revenue": null,
            "common_shares": null,
            "equity": null,
            "current_ratio": null,
            "debt_ratio": null,
            "inventory_turnover_ratio": null,
            "account_receivable_turnover_ratio": null,
            "reinvestment_rate": null,
            "research_to_sale_ratio": null,
            "price_fair": 0,
            "eps_avg_yearly": 0,
            "eps_latest_yearly": 0,
            "eps_growth_yearly": 0
        },
        "20103": {
            "year_quarter": 20103,
            "year": 2010,
            "quarter": 3,
            "eps": null,
            "eps_growth_year": null,
            "eps_4q": null,
            "eps_4q_growth_year": null,
            "roe": null,
            "gross_profit": null,
            "gross_margin": null,
            "net_income": null,
            "revenue": null,
            "common_shares": null,
            "equity": null,
            "current_ratio": null,
            "debt_ratio": null,
            "inventory_turnover_ratio": null,
            "account_receivable_turnover_ratio": null,
            "reinvestment_rate": null,
            "research_to_sale_ratio": null,
            "price_fair": 0,
            "eps_avg_yearly": 0,
            "eps_latest_yearly": 0,
            "eps_growth_yearly": 0
        },
        "20104": {
            "year_quarter": 20104,
            "year": 2010,
            "quarter": 4,
            "eps": null,
            "eps_growth_year": null,
            "eps_4q": null,
            "eps_4q_growth_year": null,
            "roe": null,
            "gross_profit": null,
            "gross_margin": null,
            "net_income": null,
            "revenue": null,
            "common_shares": null,
            "equity": null,
            "current_ratio": null,
            "debt_ratio": null,
            "inventory_turnover_ratio": null,
            "account_receivable_turnover_ratio": null,
            "reinvestment_rate": null,
            "research_to_sale_ratio": null,
            "price_fair": 0,
            "eps_avg_yearly": 0,
            "eps_latest_yearly": 0,
            "eps_growth_yearly": 0
        },
        "20111": {
            "year_quarter": 20111,
            "year": 2011,
            "quarter": 1,
            "eps": null,
            "eps_growth_year": null,
            "eps_4q": null,
            "eps_4q_growth_year": null,
            "roe": null,
            "gross_profit": null,
            "gross_margin": null,
            "net_income": null,
            "revenue": null,
            "common_shares": null,
            "equity": null,
            "current_ratio": null,
            "debt_ratio": null,
            "inventory_turnover_ratio": null,
            "account_receivable_turnover_ratio": null,
            "reinvestment_rate": null,
            "research_to_sale_ratio": null,
            "price_fair": 0,
            "eps_avg_yearly": 0,
            "eps_latest_yearly": 0,
            "eps_growth_yearly": 0
        },
        "20112": {
            "year_quarter": 20112,
            "year": 2011,
            "quarter": 2,
            "eps": null,
            "eps_growth_year": null,
            "eps_4q": null,
            "eps_4q_growth_year": null,
            "roe": null,
            "gross_profit": null,
            "gross_margin": null,
            "net_income": null,
            "revenue": null,
            "common_shares": 338800,
            "equity": 289766,
            "current_ratio": null,
            "debt_ratio": null,
            "inventory_turnover_ratio": null,
            "account_receivable_turnover_ratio": null,
            "reinvestment_rate": null,
            "research_to_sale_ratio": null,
            "price_fair": 0,
            "eps_avg_yearly": 0,
            "eps_latest_yearly": 0,
            "eps_growth_yearly": 0
        },
        "20113": {
            "year_quarter": 20113,
            "year": 2011,
            "quarter": 3,
            "eps": null,
            "eps_growth_year": null,
            "eps_4q": null,
            "eps_4q_growth_year": null,
            "roe": null,
            "gross_profit": null,
            "gross_margin": null,
            "net_income": null,
            "revenue": null,
            "common_shares": null,
            "equity": null,
            "current_ratio": null,
            "debt_ratio": null,
            "inventory_turnover_ratio": null,
            "account_receivable_turnover_ratio": null,
            "reinvestment_rate": null,
            "research_to_sale_ratio": null,
            "price_fair": 0,
            "eps_avg_yearly": 0,
            "eps_latest_yearly": 0,
            "eps_growth_yearly": 0
        },
        "20114": {
            "year_quarter": 20114,
            "year": 2011,
            "quarter": 4,
            "eps": null,
            "eps_growth_year": null,
            "eps_4q": null,
            "eps_4q_growth_year": null,
            "roe": null,
            "gross_profit": null,
            "gross_margin": null,
            "net_income": null,
            "revenue": null,
            "common_shares": 338800,
            "equity": 281675,
            "current_ratio": null,
            "debt_ratio": null,
            "inventory_turnover_ratio": null,
            "account_receivable_turnover_ratio": null,
            "reinvestment_rate": null,
            "research_to_sale_ratio": null,
            "price_fair": 0,
            "eps_avg_yearly": 0,
            "eps_latest_yearly": 0,
            "eps_growth_yearly": 0
        },
        "20121": {
            "year_quarter": 20121,
            "year": 2012,
            "quarter": 1,
            "eps": null,
            "eps_growth_year": null,
            "eps_4q": null,
            "eps_4q_growth_year": null,
            "roe": null,
            "gross_profit": null,
            "gross_margin": null,
            "net_income": null,
            "revenue": null,
            "common_shares": null,
            "equity": null,
            "current_ratio": null,
            "debt_ratio": null,
            "inventory_turnover_ratio": null,
            "account_receivable_turnover_ratio": null,
            "reinvestment_rate": null,
            "research_to_sale_ratio": null,
            "price_fair": 0,
            "eps_avg_yearly": 0,
            "eps_latest_yearly": 0,
            "eps_growth_yearly": 0
        },
        "20122": {
            "year_quarter": 20122,
            "year": 2012,
            "quarter": 2,
            "eps": null,
            "eps_growth_year": null,
            "eps_4q": null,
            "eps_4q_growth_year": null,
            "roe": null,
            "gross_profit": null,
            "gross_margin": null,
            "net_income": null,
            "revenue": null,
            "common_shares": 338800,
            "equity": 232570,
            "current_ratio": 103.11,
            "debt_ratio": 59.26,
            "inventory_turnover_ratio": null,
            "account_receivable_turnover_ratio": null,
            "reinvestment_rate": null,
            "research_to_sale_ratio": null,
            "price_fair": 0,
            "eps_avg_yearly": 0,
            "eps_latest_yearly": 0,
            "eps_growth_yearly": 0
        },
        "20123": {
            "year_quarter": 20123,
            "year": 2012,
            "quarter": 3,
            "eps": null,
            "eps_growth_year": null,
            "eps_4q": null,
            "eps_4q_growth_year": null,
            "roe": null,
            "gross_profit": null,
            "gross_margin": null,
            "net_income": null,
            "revenue": null,
            "common_shares": null,
            "equity": null,
            "current_ratio": null,
            "debt_ratio": null,
            "inventory_turnover_ratio": null,
            "account_receivable_turnover_ratio": null,
            "reinvestment_rate": null,
            "research_to_sale_ratio": null,
            "price_fair": 0,
            "eps_avg_yearly": 0,
            "eps_latest_yearly": 0,
            "eps_growth_yearly": 0
        },
        "20124": {
            "year_quarter": 20124,
            "year": 2012,
            "quarter": 4,
            "eps": null,
            "eps_growth_year": null,
            "eps_4q": null,
            "eps_4q_growth_year": null,
            "roe": null,
            "gross_profit": null,
            "gross_margin": null,
            "net_income": null,
            "revenue": null,
            "common_shares": 338800,
            "equity": 228498,
            "current_ratio": 108.19,
            "debt_ratio": 56.21,
            "inventory_turnover_ratio": null,
            "account_receivable_turnover_ratio": null,
            "reinvestment_rate": null,
            "research_to_sale_ratio": null,
            "price_fair": 0,
            "eps_avg_yearly": 0,
            "eps_latest_yearly": 0,
            "eps_growth_yearly": 0
        },
        "20131": {
            "year_quarter": 20131,
            "year": 2013,
            "quarter": 1,
            "eps": null,
            "eps_growth_year": null,
            "eps_4q": null,
            "eps_4q_growth_year": null,
            "roe": null,
            "gross_profit": null,
            "gross_margin": null,
            "net_income": null,
            "revenue": null,
            "common_shares": null,
            "equity": null,
            "current_ratio": null,
            "debt_ratio": null,
            "inventory_turnover_ratio": null,
            "account_receivable_turnover_ratio": null,
            "reinvestment_rate": null,
            "research_to_sale_ratio": null,
            "price_fair": 0,
            "eps_avg_yearly": 0,
            "eps_latest_yearly": 0,
            "eps_growth_yearly": 0
        },
        "20132": {
            "year_quarter": 20132,
            "year": 2013,
            "quarter": 2,
            "eps": null,
            "eps_growth_year": null,
            "eps_4q": null,
            "eps_4q_growth_year": null,
            "roe": null,
            "gross_profit": null,
            "gross_margin": null,
            "net_income": null,
            "revenue": null,
            "common_shares": null,
            "equity": null,
            "current_ratio": null,
            "debt_ratio": null,
            "inventory_turnover_ratio": null,
            "account_receivable_turnover_ratio": null,
            "reinvestment_rate": null,
            "research_to_sale_ratio": null,
            "price_fair": 0,
            "eps_avg_yearly": 0,
            "eps_latest_yearly": 0,
            "eps_growth_yearly": 0
        },
        "20133": {
            "year_quarter": 20133,
            "year": 2013,
            "quarter": 3,
            "eps": null,
            "eps_growth_year": null,
            "eps_4q": null,
            "eps_4q_growth_year": null,
            "roe": null,
            "gross_profit": null,
            "gross_margin": null,
            "net_income": null,
            "revenue": null,
            "common_shares": null,
            "equity": null,
            "current_ratio": null,
            "debt_ratio": null,
            "inventory_turnover_ratio": null,
            "account_receivable_turnover_ratio": null,
            "reinvestment_rate": null,
            "research_to_sale_ratio": null,
            "price_fair": 0,
            "eps_avg_yearly": 0,
            "eps_latest_yearly": 0,
            "eps_growth_yearly": 0
        },
        "20134": {
            "year_quarter": 20134,
            "year": 2013,
            "quarter": 4,
            "eps": null,
            "eps_growth_year": null,
            "eps_4q": null,
            "eps_4q_growth_year": null,
            "roe": null,
            "gross_profit": null,
            "gross_margin": null,
            "net_income": null,
            "revenue": null,
            "common_shares": 338800,
            "equity": 270609,
            "current_ratio": null,
            "debt_ratio": null,
            "inventory_turnover_ratio": null,
            "account_receivable_turnover_ratio": null,
            "reinvestment_rate": null,
            "research_to_sale_ratio": null,
            "price_fair": 0,
            "eps_avg_yearly": 0,
            "eps_latest_yearly": 0,
            "eps_growth_yearly": 0
        },
        "20141": {
            "year_quarter": 20141,
            "year": 2014,
            "quarter": 1,
            "eps": null,
            "eps_growth_year": null,
            "eps_4q": null,
            "eps_4q_growth_year": null,
            "roe": null,
            "gross_profit": null,
            "gross_margin": null,
            "net_income": null,
            "revenue": null,
            "common_shares": null,
            "equity": null,
            "current_ratio": null,
            "debt_ratio": null,
            "inventory_turnover_ratio": null,
            "account_receivable_turnover_ratio": null,
            "reinvestment_rate": null,
            "research_to_sale_ratio": null,
            "price_fair": 0,
            "eps_avg_yearly": 0,
            "eps_latest_yearly": 0,
            "eps_growth_yearly": 0
        },
        "20142": {
            "year_quarter": 20142,
            "year": 2014,
            "quarter": 2,
            "eps": null,
            "eps_growth_year": null,
            "eps_4q": null,
            "eps_4q_growth_year": null,
            "roe": null,
            "gross_profit": null,
            "gross_margin": null,
            "net_income": null,
            "revenue": null,
            "common_shares": 338800,
            "equity": 365451,
            "current_ratio": null,
            "debt_ratio": null,
            "inventory_turnover_ratio": null,
            "account_receivable_turnover_ratio": null,
            "reinvestment_rate": null,
            "research_to_sale_ratio": null,
            "price_fair": 0,
            "eps_avg_yearly": 0,
            "eps_latest_yearly": 0,
            "eps_growth_yearly": 0
        },
        "20143": {
            "year_quarter": 20143,
            "year": 2014,
            "quarter": 3,
            "eps": null,
            "eps_growth_year": null,
            "eps_4q": null,
            "eps_4q_growth_year": null,
            "roe": null,
            "gross_profit": null,
            "gross_margin": null,
            "net_income": null,
            "revenue": null,
            "common_shares": null,
            "equity": null,
            "current_ratio": null,
            "debt_ratio": null,
            "inventory_turnover_ratio": null,
            "account_receivable_turnover_ratio": null,
            "reinvestment_rate": null,
            "research_to_sale_ratio": null,
            "price_fair": 0,
            "eps_avg_yearly": 0,
            "eps_latest_yearly": 0,
            "eps_growth_yearly": 0
        },
        "20144": {
            "year_quarter": 20144,
            "year": 2014,
            "quarter": 4,
            "eps": null,
            "eps_growth_year": null,
            "eps_4q": null,
            "eps_4q_growth_year": null,
            "roe": null,
            "gross_profit": null,
            "gross_margin": null,
            "net_income": null,
            "revenue": null,
            "common_shares": 350000,
            "equity": 425622,
            "current_ratio": 223.28,
            "debt_ratio": 40.44,
            "inventory_turnover_ratio": null,
            "account_receivable_turnover_ratio": null,
            "reinvestment_rate": null,
            "research_to_sale_ratio": null,
            "price_fair": 0,
            "eps_avg_yearly": 0,
            "eps_latest_yearly": 0,
            "eps_growth_yearly": 0
        },
        "20151": {
            "year_quarter": 20151,
            "year": 2015,
            "quarter": 1,
            "eps": null,
            "eps_growth_year": null,
            "eps_4q": null,
            "eps_4q_growth_year": null,
            "roe": null,
            "gross_profit": null,
            "gross_margin": null,
            "net_income": null,
            "revenue": null,
            "common_shares": null,
            "equity": null,
            "current_ratio": null,
            "debt_ratio": null,
            "inventory_turnover_ratio": null,
            "account_receivable_turnover_ratio": null,
            "reinvestment_rate": null,
            "research_to_sale_ratio": null,
            "price_fair": 0,
            "eps_avg_yearly": 0,
            "eps_latest_yearly": 0,
            "eps_growth_yearly": 0
        },
        "20152": {
            "year_quarter": 20152,
            "year": 2015,
            "quarter": 2,
            "eps": null,
            "eps_growth_year": null,
            "eps_4q": null,
            "eps_4q_growth_year": null,
            "roe": null,
            "gross_profit": null,
            "gross_margin": null,
            "net_income": null,
            "revenue": null,
            "common_shares": 350000,
            "equity": 399255,
            "current_ratio": 187.9,
            "debt_ratio": 46.43,
            "inventory_turnover_ratio": null,
            "account_receivable_turnover_ratio": null,
            "reinvestment_rate": null,
            "research_to_sale_ratio": null,
            "price_fair": 0,
            "eps_avg_yearly": 0,
            "eps_latest_yearly": 0,
            "eps_growth_yearly": 0
        },
        "20153": {
            "year_quarter": 20153,
            "year": 2015,
            "quarter": 3,
            "eps": null,
            "eps_growth_year": null,
            "eps_4q": null,
            "eps_4q_growth_year": null,
            "roe": null,
            "gross_profit": null,
            "gross_margin": null,
            "net_income": null,
            "revenue": null,
            "common_shares": null,
            "equity": null,
            "current_ratio": null,
            "debt_ratio": null,
            "inventory_turnover_ratio": null,
            "account_receivable_turnover_ratio": null,
            "reinvestment_rate": null,
            "research_to_sale_ratio": null,
            "price_fair": 0,
            "eps_avg_yearly": 0,
            "eps_latest_yearly": 0,
            "eps_growth_yearly": 0
        },
        "20154": {
            "year_quarter": 20154,
            "year": 2015,
            "quarter": 4,
            "eps": null,
            "eps_growth_year": null,
            "eps_4q": null,
            "eps_4q_growth_year": null,
            "roe": null,
            "gross_profit": null,
            "gross_margin": null,
            "net_income": null,
            "revenue": null,
            "common_shares": 350000,
            "equity": 451666,
            "current_ratio": 206.99,
            "debt_ratio": 42.81,
            "inventory_turnover_ratio": null,
            "account_receivable_turnover_ratio": null,
            "reinvestment_rate": null,
            "research_to_sale_ratio": null,
            "price_fair": 0,
            "eps_avg_yearly": 0,
            "eps_latest_yearly": 0,
            "eps_growth_yearly": 0
        },
        "20161": {
            "year_quarter": 20161,
            "year": 2016,
            "quarter": 1,
            "eps": null,
            "eps_growth_year": null,
            "eps_4q": null,
            "eps_4q_growth_year": null,
            "roe": null,
            "gross_profit": null,
            "gross_margin": null,
            "net_income": null,
            "revenue": null,
            "common_shares": null,
            "equity": null,
            "current_ratio": null,
            "debt_ratio": null,
            "inventory_turnover_ratio": null,
            "account_receivable_turnover_ratio": null,
            "reinvestment_rate": null,
            "research_to_sale_ratio": null,
            "price_fair": 0,
            "eps_avg_yearly": 0,
            "eps_latest_yearly": 0,
            "eps_growth_yearly": 0
        },
        "20162": {
            "year_quarter": 20162,
            "year": 2016,
            "quarter": 2,
            "eps": null,
            "eps_growth_year": null,
            "eps_4q": null,
            "eps_4q_growth_year": null,
            "roe": null,
            "gross_profit": null,
            "gross_margin": null,
            "net_income": null,
            "revenue": null,
            "common_shares": 350000,
            "equity": 476167,
            "current_ratio": 206.67,
            "debt_ratio": 42.95,
            "inventory_turnover_ratio": null,
            "account_receivable_turnover_ratio": null,
            "reinvestment_rate": null,
            "research_to_sale_ratio": null,
            "price_fair": 0,
            "eps_avg_yearly": 0,
            "eps_latest_yearly": 0,
            "eps_growth_yearly": 0
        },
        "20163": {
            "year_quarter": 20163,
            "year": 2016,
            "quarter": 3,
            "eps": null,
            "eps_growth_year": null,
            "eps_4q": null,
            "eps_4q_growth_year": null,
            "roe": null,
            "gross_profit": null,
            "gross_margin": null,
            "net_income": null,
            "revenue": null,
            "common_shares": null,
            "equity": null,
            "current_ratio": null,
            "debt_ratio": null,
            "inventory_turnover_ratio": null,
            "account_receivable_turnover_ratio": null,
            "reinvestment_rate": null,
            "research_to_sale_ratio": null,
            "price_fair": 0,
            "eps_avg_yearly": 0,
            "eps_latest_yearly": 0,
            "eps_growth_yearly": 0
        },
        "20164": {
            "year_quarter": 20164,
            "year": 2016,
            "quarter": 4,
            "eps": null,
            "eps_growth_year": null,
            "eps_4q": null,
            "eps_4q_growth_year": null,
            "roe": null,
            "gross_profit": null,
            "gross_margin": null,
            "net_income": null,
            "revenue": null,
            "common_shares": null,
            "equity": null,
            "current_ratio": null,
            "debt_ratio": null,
            "inventory_turnover_ratio": null,
            "account_receivable_turnover_ratio": null,
            "reinvestment_rate": null,
            "research_to_sale_ratio": null,
            "price_fair": 0,
            "eps_avg_yearly": 0,
            "eps_latest_yearly": 0,
            "eps_growth_yearly": 0
        },
        "20171": {
            "year_quarter": 20171,
            "year": 2017,
            "quarter": 1,
            "eps": null,
            "eps_growth_year": null,
            "eps_4q": null,
            "eps_4q_growth_year": null,
            "roe": null,
            "gross_profit": null,
            "gross_margin": null,
            "net_income": null,
            "revenue": null,
            "common_shares": null,
            "equity": null,
            "current_ratio": null,
            "debt_ratio": null,
            "inventory_turnover_ratio": null,
            "account_receivable_turnover_ratio": null,
            "reinvestment_rate": null,
            "research_to_sale_ratio": null,
            "price_fair": 0,
            "eps_avg_yearly": 0,
            "eps_latest_yearly": 0,
            "eps_growth_yearly": 0
        },
        "20172": {
            "year_quarter": 20172,
            "year": 2017,
            "quarter": 2,
            "eps": null,
            "eps_growth_year": null,
            "eps_4q": null,
            "eps_4q_growth_year": null,
            "roe": null,
            "gross_profit": null,
            "gross_margin": null,
            "net_income": null,
            "revenue": null,
            "common_shares": 350000,
            "equity": 483549,
            "current_ratio": 174.63,
            "debt_ratio": 49.22,
            "inventory_turnover_ratio": null,
            "account_receivable_turnover_ratio": null,
            "reinvestment_rate": null,
            "research_to_sale_ratio": null,
            "price_fair": 0,
            "eps_avg_yearly": 0,
            "eps_latest_yearly": 0,
            "eps_growth_yearly": 0
        },
        "20173": {
            "year_quarter": 20173,
            "year": 2017,
            "quarter": 3,
            "eps": 0.94,
            "eps_growth_year": null,
            "eps_4q": null,
            "eps_4q_growth_year": null,
            "roe": 6.6,
            "gross_profit": 76760,
            "gross_margin": 22.83,
            "net_income": 33016,
            "revenue": 336216,
            "common_shares": 350000,
            "equity": 516565,
            "current_ratio": 212.05,
            "debt_ratio": 40.75,
            "inventory_turnover_ratio": 1.63,
            "account_receivable_turnover_ratio": 1.64,
            "reinvestment_rate": null,
            "research_to_sale_ratio": 2.4,
            "price_fair": 0,
            "eps_avg_yearly": 0,
            "eps_latest_yearly": 0,
            "eps_growth_yearly": 0
        },
        "20174": {
            "year_quarter": 20174,
            "year": 2017,
            "quarter": 4,
            "eps": 0.44,
            "eps_growth_year": null,
            "eps_4q": null,
            "eps_4q_growth_year": null,
            "roe": 2.93,
            "gross_profit": 56183,
            "gross_margin": 19.54,
            "net_income": 15381,
            "revenue": 287461,
            "common_shares": 350000,
            "equity": 531946,
            "current_ratio": 220.91,
            "debt_ratio": 39.1,
            "inventory_turnover_ratio": 1.4,
            "account_receivable_turnover_ratio": 1.43,
            "reinvestment_rate": null,
            "research_to_sale_ratio": 3.16,
            "price_fair": 5.28,
            "eps_avg_yearly": 1.76,
            "eps_latest_yearly": 1.76,
            "eps_growth_yearly": -212.77
        },
        "20181": {
            "year_quarter": 20181,
            "year": 2018,
            "quarter": 1,
            "eps": 0.59,
            "eps_growth_year": null,
            "eps_4q": null,
            "eps_4q_growth_year": null,
            "roe": 3.78,
            "gross_profit": 67908,
            "gross_margin": 22.28,
            "net_income": 20514,
            "revenue": 304854,
            "common_shares": 350000,
            "equity": 552460,
            "current_ratio": 237.55,
            "debt_ratio": 36.69,
            "inventory_turnover_ratio": 1.54,
            "account_receivable_turnover_ratio": 1.63,
            "reinvestment_rate": null,
            "research_to_sale_ratio": 3.27,
            "price_fair": 6.18,
            "eps_avg_yearly": 2.06,
            "eps_latest_yearly": 2.36,
            "eps_growth_yearly": -38.2
        },
        "20182": {
            "year_quarter": 20182,
            "year": 2018,
            "quarter": 2,
            "eps": 1.3,
            "eps_growth_year": null,
            "eps_4q": 2.94,
            "eps_4q_growth_year": null,
            "roe": 8.09,
            "gross_profit": 78557,
            "gross_margin": 25.14,
            "net_income": 47671,
            "revenue": 312468,
            "common_shares": 396670,
            "equity": 625711,
            "current_ratio": 221.24,
            "debt_ratio": 36.79,
            "inventory_turnover_ratio": 1.77,
            "account_receivable_turnover_ratio": 1.56,
            "reinvestment_rate": null,
            "research_to_sale_ratio": 3.16,
            "price_fair": 108.73,
            "eps_avg_yearly": 3.11,
            "eps_latest_yearly": 5.2,
            "eps_growth_yearly": 134.98
        },
        "20183": {
            "year_quarter": 20183,
            "year": 2018,
            "quarter": 3,
            "eps": 1.1,
            "eps_growth_year": 17.02,
            "eps_4q": 3.15,
            "eps_4q_growth_year": null,
            "roe": 6.43,
            "gross_profit": 89615,
            "gross_margin": 27.31,
            "net_income": 41538,
            "revenue": 328183,
            "common_shares": 396670,
            "equity": 667249,
            "current_ratio": 276.58,
            "debt_ratio": 29.19,
            "inventory_turnover_ratio": 1.92,
            "account_receivable_turnover_ratio": 1.41,
            "reinvestment_rate": null,
            "research_to_sale_ratio": 3.25,
            "price_fair": 120.05,
            "eps_avg_yearly": 3.43,
            "eps_latest_yearly": 4.4,
            "eps_growth_yearly": 85.85
        },
        "20184": {
            "year_quarter": 20184,
            "year": 2018,
            "quarter": 4,
            "eps": 0.94,
            "eps_growth_year": 113.38,
            "eps_4q": 3.7,
            "eps_4q_growth_year": null,
            "roe": 5.42,
            "gross_profit": 81937,
            "gross_margin": 27.52,
            "net_income": 37197,
            "revenue": 297728,
            "common_shares": 396670,
            "equity": 704674,
            "current_ratio": 284.08,
            "debt_ratio": 28.66,
            "inventory_turnover_ratio": 1.73,
            "account_receivable_turnover_ratio": 1.33,
            "reinvestment_rate": null,
            "research_to_sale_ratio": 3.63,
            "price_fair": 122.36,
            "eps_avg_yearly": 3.5,
            "eps_latest_yearly": 3.76,
            "eps_growth_yearly": 57.05
        },
        "20191": {
            "year_quarter": 20191,
            "year": 2019,
            "quarter": 1,
            "eps": 0.88,
            "eps_growth_year": 49.15,
            "eps_4q": 4.07,
            "eps_4q_growth_year": null,
            "roe": 4.86,
            "gross_profit": 80613,
            "gross_margin": 27.07,
            "net_income": 35098,
            "revenue": 297830,
            "common_shares": 396670,
            "equity": 739772,
            "current_ratio": 278.59,
            "debt_ratio": 31.01,
            "inventory_turnover_ratio": 1.71,
            "account_receivable_turnover_ratio": 1.46,
            "reinvestment_rate": null,
            "research_to_sale_ratio": 3.47,
            "price_fair": 122.5,
            "eps_avg_yearly": 3.5,
            "eps_latest_yearly": 3.52,
            "eps_growth_yearly": 43.28
        },
        "20192": {
            "year_quarter": 20192,
            "year": 2019,
            "quarter": 2,
            "eps": 0.9,
            "eps_growth_year": -30.77,
            "eps_4q": 3.77,
            "eps_4q_growth_year": 28.41,
            "roe": 5.14,
            "gross_profit": 78275,
            "gross_margin": 28.36,
            "net_income": 35871,
            "revenue": 275967,
            "common_shares": 396670,
            "equity": 656642,
            "current_ratio": 212.13,
            "debt_ratio": 39.72,
            "inventory_turnover_ratio": 1.52,
            "account_receivable_turnover_ratio": 1.4,
            "reinvestment_rate": null,
            "research_to_sale_ratio": 3.76,
            "price_fair": 123,
            "eps_avg_yearly": 3.51,
            "eps_latest_yearly": 3.6,
            "eps_growth_yearly": 38.4
        },
        "20193": {
            "year_quarter": 20193,
            "year": 2019,
            "quarter": 3,
            "eps": 0.59,
            "eps_growth_year": -46.36,
            "eps_4q": 3.31,
            "eps_4q_growth_year": 5.08,
            "roe": 3.49,
            "gross_profit": 66387,
            "gross_margin": 25.99,
            "net_income": 23289,
            "revenue": 255431,
            "common_shares": 396670,
            "equity": 679765,
            "current_ratio": 250.77,
            "debt_ratio": 33.48,
            "inventory_turnover_ratio": 1.43,
            "account_receivable_turnover_ratio": 1.38,
            "reinvestment_rate": null,
            "research_to_sale_ratio": 4.88,
            "price_fair": 88.89,
            "eps_avg_yearly": 3.37,
            "eps_latest_yearly": 2.36,
            "eps_growth_yearly": 16.38
        },
        "20194": {
            "year_quarter": 20194,
            "year": 2019,
            "quarter": 4,
            "eps": -0.38,
            "eps_growth_year": -140.55,
            "eps_4q": 2,
            "eps_4q_growth_year": -46.11,
            "roe": -2.24,
            "gross_profit": 37917,
            "gross_margin": 17.73,
            "net_income": -15085,
            "revenue": 213828,
            "common_shares": 396670,
            "equity": 664610,
            "current_ratio": 284.33,
            "debt_ratio": 28.14,
            "inventory_turnover_ratio": 1.46,
            "account_receivable_turnover_ratio": 1.36,
            "reinvestment_rate": null,
            "research_to_sale_ratio": 5.09,
            "price_fair": 88.89,
            "eps_avg_yearly": 3.37,
            "eps_latest_yearly": 2.36,
            "eps_growth_yearly": 16.38
        },
        "20201": {
            "year_quarter": 20201,
            "year": 2020,
            "quarter": 1,
            "eps": 0.51,
            "eps_growth_year": -42.05,
            "eps_4q": 1.62,
            "eps_4q_growth_year": -60.1,
            "roe": 3.02,
            "gross_profit": 65707,
            "gross_margin": 30.46,
            "net_income": 20364,
            "revenue": 215745,
            "common_shares": 396670,
            "equity": 684948,
            "current_ratio": 205.87,
            "debt_ratio": 32.05,
            "inventory_turnover_ratio": 1.33,
            "account_receivable_turnover_ratio": 1.54,
            "reinvestment_rate": null,
            "research_to_sale_ratio": 4.46,
            "price_fair": 88.89,
            "eps_avg_yearly": 3.37,
            "eps_latest_yearly": 2.36,
            "eps_growth_yearly": 16.38
        },
        "20202": {
            "year_quarter": 20202,
            "year": 2020,
            "quarter": 2,
            "eps": 1.49,
            "eps_growth_year": 65.56,
            "eps_4q": 2.21,
            "eps_4q_growth_year": -41.41,
            "roe": 8.61,
            "gross_profit": 113193,
            "gross_margin": 35.56,
            "net_income": 59142,
            "revenue": 318297,
            "common_shares": 396670,
            "equity": 688464,
            "current_ratio": 121.57,
            "debt_ratio": 49.76,
            "inventory_turnover_ratio": 1.49,
            "account_receivable_turnover_ratio": 1.81,
            "reinvestment_rate": null,
            "research_to_sale_ratio": 3.04,
            "price_fair": 128.02,
            "eps_avg_yearly": 3.66,
            "eps_latest_yearly": 5.96,
            "eps_growth_yearly": 99.96
        },
        "20203": {
            "year_quarter": 20203,
            "year": 2020,
            "quarter": 3,
            "eps": 2.05,
            "eps_growth_year": 247.46,
            "eps_4q": 3.68,
            "eps_4q_growth_year": 10.95,
            "roe": 11.17,
            "gross_profit": 159385,
            "gross_margin": 38.94,
            "net_income": 81428,
            "revenue": 409310,
            "common_shares": 396670,
            "equity": 769991,
            "current_ratio": 206.97,
            "debt_ratio": 45.32,
            "inventory_turnover_ratio": 1.76,
            "account_receivable_turnover_ratio": 1.55,
            "reinvestment_rate": null,
            "research_to_sale_ratio": 2.52,
            "price_fair": 143.92,
            "eps_avg_yearly": 4.11,
            "eps_latest_yearly": 8.2,
            "eps_growth_yearly": 105
        },
        "20204": {
            "year_quarter": 20204,
            "year": 2020,
            "quarter": 4,
            "eps": 0.65,
            "eps_growth_year": null,
            "eps_4q": 4.71,
            "eps_4q_growth_year": 136.05,
            "roe": 3.31,
            "gross_profit": 76799,
            "gross_margin": 32.39,
            "net_income": 25955,
            "revenue": 237071,
            "common_shares": 396670,
            "equity": 796015,
            "current_ratio": 238.13,
            "debt_ratio": 40.01,
            "inventory_turnover_ratio": 1.36,
            "account_receivable_turnover_ratio": 0.9,
            "reinvestment_rate": null,
            "research_to_sale_ratio": 4.27,
            "price_fair": 139.11,
            "eps_avg_yearly": 3.97,
            "eps_latest_yearly": 2.6,
            "eps_growth_yearly": 70.62
        },
        "20211": {
            "year_quarter": 20211,
            "year": 2021,
            "quarter": 1,
            "eps": 0.96,
            "eps_growth_year": 88.24,
            "eps_4q": 5.15,
            "eps_4q_growth_year": 217.26,
            "roe": 4.65,
            "gross_profit": 89158,
            "gross_margin": 35.43,
            "net_income": 37912,
            "revenue": 251669,
            "common_shares": 396670,
            "equity": 833934,
            "current_ratio": 243.07,
            "debt_ratio": 38.59,
            "inventory_turnover_ratio": 1.49,
            "account_receivable_turnover_ratio": 1.17,
            "reinvestment_rate": null,
            "research_to_sale_ratio": 3.56,
            "price_fair": 138.72,
            "eps_avg_yearly": 3.96,
            "eps_latest_yearly": 3.84,
            "eps_growth_yearly": 80.63
        },
        "20212": {
            "year_quarter": 20212,
            "year": 2021,
            "quarter": 2,
            "eps": 0.89,
            "eps_growth_year": -40.27,
            "eps_4q": 4.55,
            "eps_4q_growth_year": 105.78,
            "roe": 4.13,
            "gross_profit": 87871,
            "gross_margin": 33.8,
            "net_income": 35196,
            "revenue": 259974,
            "common_shares": 396670,
            "equity": 869101,
            "current_ratio": 251.83,
            "debt_ratio": 36.99,
            "inventory_turnover_ratio": 1.52,
            "account_receivable_turnover_ratio": 1.25,
            "reinvestment_rate": 64.99,
            "research_to_sale_ratio": 3.7,
            "price_fair": 137.63,
            "eps_avg_yearly": 3.93,
            "eps_latest_yearly": 3.56,
            "eps_growth_yearly": 72.19
        },
        "20213": {
            "year_quarter": 20213,
            "year": 2021,
            "quarter": 3,
            "eps": 1,
            "eps_growth_year": -51.22,
            "eps_4q": 3.49,
            "eps_4q_growth_year": -4.96,
            "roe": 4.77,
            "gross_profit": 92072,
            "gross_margin": 32.78,
            "net_income": 39545,
            "revenue": 280854,
            "common_shares": 396670,
            "equity": 789642,
            "current_ratio": 174.39,
            "debt_ratio": 45.52,
            "inventory_turnover_ratio": 1.54,
            "account_receivable_turnover_ratio": 1.5,
            "reinvestment_rate": 69.72,
            "research_to_sale_ratio": 4.7,
            "price_fair": 137.8,
            "eps_avg_yearly": 3.94,
            "eps_latest_yearly": 4,
            "eps_growth_yearly": 70.56
        },
        "20214": {
            "year_quarter": 20214,
            "year": 2021,
            "quarter": 4,
            "eps": 0.59,
            "eps_growth_year": -10.39,
            "eps_4q": 3.43,
            "eps_4q_growth_year": -27.28,
            "roe": 2.9,
            "gross_profit": 66838,
            "gross_margin": 31.08,
            "net_income": 23258,
            "revenue": 215082,
            "common_shares": 396670,
            "equity": 812931,
            "current_ratio": 181.28,
            "debt_ratio": 45.44,
            "inventory_turnover_ratio": 1,
            "account_receivable_turnover_ratio": 1.35,
            "reinvestment_rate": 75,
            "research_to_sale_ratio": 6.07,
            "price_fair": 139.3,
            "eps_avg_yearly": 3.98,
            "eps_latest_yearly": 2.36,
            "eps_growth_yearly": 74.04
        },
        "20221": {
            "year_quarter": 20221,
            "year": 2022,
            "quarter": 1,
            "eps": 0.8,
            "eps_growth_year": -16.67,
            "eps_4q": 3.27,
            "eps_4q_growth_year": -36.48,
            "roe": 3.84,
            "gross_profit": 73037,
            "gross_margin": 26.69,
            "net_income": 31854,
            "revenue": 273660,
            "common_shares": 396670,
            "equity": 844976,
            "current_ratio": 194.65,
            "debt_ratio": 43.15,
            "inventory_turnover_ratio": 1.22,
            "account_receivable_turnover_ratio": 1.8,
            "reinvestment_rate": 75.31,
            "research_to_sale_ratio": 4,
            "price_fair": 141.4,
            "eps_avg_yearly": 4.04,
            "eps_latest_yearly": 3.2,
            "eps_growth_yearly": 74.47
        },
        "20222": {
            "year_quarter": 20222,
            "year": 2022,
            "quarter": 2,
            "eps": 0.99,
            "eps_growth_year": 11.24,
            "eps_4q": 3.38,
            "eps_4q_growth_year": -25.8,
            "roe": 4.78,
            "gross_profit": 72506,
            "gross_margin": 28.08,
            "net_income": 39260,
            "revenue": 258180,
            "common_shares": 396670,
            "equity": 796868,
            "current_ratio": 186.41,
            "debt_ratio": 45.12,
            "inventory_turnover_ratio": 1.26,
            "account_receivable_turnover_ratio": 1.61,
            "reinvestment_rate": 76.47,
            "research_to_sale_ratio": 4.97,
            "price_fair": 138.3,
            "eps_avg_yearly": 3.95,
            "eps_latest_yearly": 3.96,
            "eps_growth_yearly": 46.88
        },
        "20223": {
            "year_quarter": 20223,
            "year": 2022,
            "quarter": 3,
            "eps": 1.1,
            "eps_growth_year": 10,
            "eps_4q": 3.48,
            "eps_4q_growth_year": -0.44,
            "roe": 5.33,
            "gross_profit": 68371,
            "gross_margin": 26.09,
            "net_income": 43630,
            "revenue": 262056,
            "common_shares": 396670,
            "equity": 840550,
            "current_ratio": 203.69,
            "debt_ratio": 42.86,
            "inventory_turnover_ratio": 1.51,
            "account_receivable_turnover_ratio": 1.78,
            "reinvestment_rate": 75.86,
            "research_to_sale_ratio": 4.38,
            "price_fair": 138.3,
            "eps_avg_yearly": 3.95,
            "eps_latest_yearly": 4.4,
            "eps_growth_yearly": 54.45
        },
        "20224": {
            "year_quarter": 20224,
            "year": 2022,
            "quarter": 4,
            "eps": -0.01,
            "eps_growth_year": -101.35,
            "eps_4q": 2.88,
            "eps_4q_growth_year": -15.81,
            "roe": -0.04,
            "gross_profit": 45182,
            "gross_margin": 24.87,
            "net_income": -315,
            "revenue": 181695,
            "common_shares": 396670,
            "equity": 840176,
            "current_ratio": 227.75,
            "debt_ratio": 41.39,
            "inventory_turnover_ratio": 1.1,
            "account_receivable_turnover_ratio": 1.53,
            "reinvestment_rate": 81.25,
            "research_to_sale_ratio": 6.1,
            "price_fair": 138.82,
            "eps_avg_yearly": 3.97,
            "eps_latest_yearly": 4.4,
            "eps_growth_yearly": 63.11
        },
        "20231": {
            "year_quarter": 20231,
            "year": 2023,
            "quarter": 1,
            "eps": 0.34,
            "eps_growth_year": -57.5,
            "eps_4q": 2.42,
            "eps_4q_growth_year": -26.13,
            "roe": 1.58,
            "gross_profit": 55358,
            "gross_margin": 25.11,
            "net_income": 13352,
            "revenue": 220441,
            "common_shares": 396670,
            "equity": 853553,
            "current_ratio": 232.44,
            "debt_ratio": 40.52,
            "inventory_turnover_ratio": 1.31,
            "account_receivable_turnover_ratio": 2.11,
            "reinvestment_rate": 84.93,
            "research_to_sale_ratio": 5.29,
            "price_fair": 140.12,
            "eps_avg_yearly": 4,
            "eps_latest_yearly": 4.4,
            "eps_growth_yearly": 70.5
        }
    },
    "months": {
        "2014-10": {
            "month": "2014-10",
            "price": "35.62",
            "revenue": 83345
        },
        "2014-11": {
            "month": "2014-11",
            "price": "32.35",
            "revenue": 60273
        },
        "2014-12": {
            "month": "2014-12",
            "price": "30.71",
            "revenue": 59671
        },
        "2015-01": {
            "month": "2015-01",
            "price": "34.25",
            "revenue": 72204
        },
        "2015-02": {
            "month": "2015-02",
            "price": "39.91",
            "revenue": 59075
        },
        "2015-03": {
            "month": "2015-03",
            "price": "38.42",
            "revenue": 65567
        },
        "2015-04": {
            "month": "2015-04",
            "price": "30.63",
            "revenue": 73325
        },
        "2015-05": {
            "month": "2015-05",
            "price": "22.92",
            "revenue": 75675
        },
        "2015-06": {
            "month": "2015-06",
            "price": "18.81",
            "revenue": 78049
        },
        "2015-07": {
            "month": "2015-07",
            "price": "18.14",
            "revenue": 78553
        },
        "2015-08": {
            "month": "2015-08",
            "price": "15.81",
            "revenue": 77175
        },
        "2015-09": {
            "month": "2015-09",
            "price": "20.07",
            "revenue": 81774
        },
        "2015-10": {
            "month": "2015-10",
            "price": "20.73",
            "revenue": 81247
        },
        "2015-11": {
            "month": "2015-11",
            "price": "17.30",
            "revenue": 82129
        },
        "2015-12": {
            "month": "2015-12",
            "price": "16.65",
            "revenue": 86574
        },
        "2016-01": {
            "month": "2016-01",
            "price": "18.13",
            "revenue": 99512
        },
        "2016-02": {
            "month": "2016-02",
            "price": "19.94",
            "revenue": 70335
        },
        "2016-03": {
            "month": "2016-03",
            "price": "22.33",
            "revenue": 99074
        },
        "2016-04": {
            "month": "2016-04",
            "price": "22.27",
            "revenue": 80947
        },
        "2016-05": {
            "month": "2016-05",
            "price": "20.59",
            "revenue": 83579
        },
        "2016-06": {
            "month": "2016-06",
            "price": "21.76",
            "revenue": 85013
        },
        "2016-07": {
            "month": "2016-07",
            "price": "25.90",
            "revenue": 76662
        },
        "2016-08": {
            "month": "2016-08",
            "price": "28.22",
            "revenue": 75789
        },
        "2016-09": {
            "month": "2016-09",
            "price": "28.65",
            "revenue": 88651
        },
        "2016-10": {
            "month": "2016-10",
            "price": "27.88",
            "revenue": 100090
        },
        "2016-11": {
            "month": "2016-11",
            "price": "27.02",
            "revenue": 85136
        },
        "2016-12": {
            "month": "2016-12",
            "price": "26.40",
            "revenue": 83434
        },
        "2017-01": {
            "month": "2017-01",
            "price": "31.08",
            "revenue": 97004
        },
        "2017-02": {
            "month": "2017-02",
            "price": "35.01",
            "revenue": 95818
        },
        "2017-03": {
            "month": "2017-03",
            "price": "32.11",
            "revenue": 115025
        },
        "2017-04": {
            "month": "2017-04",
            "price": "36.73",
            "revenue": 105736
        },
        "2017-05": {
            "month": "2017-05",
            "price": "36.56",
            "revenue": 102722
        },
        "2017-06": {
            "month": "2017-06",
            "price": "37.49",
            "revenue": 106517
        },
        "2017-07": {
            "month": "2017-07",
            "price": "37.18",
            "revenue": 115320
        },
        "2017-08": {
            "month": "2017-08",
            "price": "33.39",
            "revenue": 114428
        },
        "2017-09": {
            "month": "2017-09",
            "price": "31.39",
            "revenue": 106468
        },
        "2017-10": {
            "month": "2017-10",
            "price": "32.24",
            "revenue": 98969
        },
        "2017-11": {
            "month": "2017-11",
            "price": "34.16",
            "revenue": 98668
        },
        "2017-12": {
            "month": "2017-12",
            "price": "34.35",
            "revenue": 89824
        },
        "2018-01": {
            "month": "2018-01",
            "price": "33.59",
            "revenue": 121566
        },
        "2018-02": {
            "month": "2018-02",
            "price": "33.40",
            "revenue": 81926
        },
        "2018-03": {
            "month": "2018-03",
            "price": "33.01",
            "revenue": 101362
        },
        "2018-04": {
            "month": "2018-04",
            "price": "31.87",
            "revenue": 102146
        },
        "2018-05": {
            "month": "2018-05",
            "price": "29.12",
            "revenue": 103545
        },
        "2018-06": {
            "month": "2018-06",
            "price": "31.59",
            "revenue": 106777
        },
        "2018-07": {
            "month": "2018-07",
            "price": "31.43",
            "revenue": 109292
        },
        "2018-08": {
            "month": "2018-08",
            "price": "30.82",
            "revenue": 109634
        },
        "2018-09": {
            "month": "2018-09",
            "price": "30.32",
            "revenue": 109257
        },
        "2018-10": {
            "month": "2018-10",
            "price": "29.17",
            "revenue": 95098
        },
        "2018-11": {
            "month": "2018-11",
            "price": "29.45",
            "revenue": 101150
        },
        "2018-12": {
            "month": "2018-12",
            "price": "30.33",
            "revenue": 101479
        },
        "2019-01": {
            "month": "2019-01",
            "price": "31.38",
            "revenue": 101635
        },
        "2019-02": {
            "month": "2019-02",
            "price": "33.03",
            "revenue": 94705
        },
        "2019-03": {
            "month": "2019-03",
            "price": "36.88",
            "revenue": 101490
        },
        "2019-04": {
            "month": "2019-04",
            "price": "37.57",
            "revenue": 97002
        },
        "2019-05": {
            "month": "2019-05",
            "price": "36.55",
            "revenue": 97821
        },
        "2019-06": {
            "month": "2019-06",
            "price": "35.81",
            "revenue": 81144
        },
        "2019-07": {
            "month": "2019-07",
            "price": "34.78",
            "revenue": 93400
        },
        "2019-08": {
            "month": "2019-08",
            "price": "31.13",
            "revenue": 90072
        },
        "2019-09": {
            "month": "2019-09",
            "price": "32.78",
            "revenue": 71958
        },
        "2019-10": {
            "month": "2019-10",
            "price": "31.28",
            "revenue": 71276
        },
        "2019-11": {
            "month": "2019-11",
            "price": "29.53",
            "revenue": 72159
        },
        "2019-12": {
            "month": "2019-12",
            "price": "29.00",
            "revenue": 70415
        },
        "2020-01": {
            "month": "2020-01",
            "price": "28.39",
            "revenue": 62140
        },
        "2020-02": {
            "month": "2020-02",
            "price": "27.32",
            "revenue": 69600
        },
        "2020-03": {
            "month": "2020-03",
            "price": "23.62",
            "revenue": 84000
        },
        "2020-04": {
            "month": "2020-04",
            "price": "25.33",
            "revenue": 106576
        },
        "2020-05": {
            "month": "2020-05",
            "price": "30.36",
            "revenue": 103272
        },
        "2020-06": {
            "month": "2020-06",
            "price": "36.77",
            "revenue": 108452
        },
        "2020-07": {
            "month": "2020-07",
            "price": "40.90",
            "revenue": 158518
        },
        "2020-08": {
            "month": "2020-08",
            "price": "54.08",
            "revenue": 131053
        },
        "2020-09": {
            "month": "2020-09",
            "price": "49.75",
            "revenue": 119682
        },
        "2020-10": {
            "month": "2020-10",
            "price": "42.80",
            "revenue": 87917
        },
        "2020-11": {
            "month": "2020-11",
            "price": "42.79",
            "revenue": 77704
        },
        "2020-12": {
            "month": "2020-12",
            "price": "42.84",
            "revenue": 71741
        },
        "2021-01": {
            "month": "2021-01",
            "price": "39.13",
            "revenue": 90248
        },
        "2021-02": {
            "month": "2021-02",
            "price": "39.90",
            "revenue": 89996
        },
        "2021-03": {
            "month": "2021-03",
            "price": "45.32",
            "revenue": 71794
        },
        "2021-04": {
            "month": "2021-04",
            "price": "45.16",
            "revenue": 71449
        },
        "2021-05": {
            "month": "2021-05",
            "price": "38.89",
            "revenue": 86418
        },
        "2021-06": {
            "month": "2021-06",
            "price": "40.01",
            "revenue": 102396
        },
        "2021-07": {
            "month": "2021-07",
            "price": "40.56",
            "revenue": 88533
        },
        "2021-08": {
            "month": "2021-08",
            "price": "39.04",
            "revenue": 104826
        },
        "2021-09": {
            "month": "2021-09",
            "price": "39.28",
            "revenue": 90071
        },
        "2021-10": {
            "month": "2021-10",
            "price": "37.09",
            "revenue": 67038
        },
        "2021-11": {
            "month": "2021-11",
            "price": "36.17",
            "revenue": 70762
        },
        "2021-12": {
            "month": "2021-12",
            "price": "34.93",
            "revenue": 74684
        },
        "2022-01": {
            "month": "2022-01",
            "price": "34.39",
            "revenue": 99176
        },
        "2022-02": {
            "month": "2022-02",
            "price": "36.17",
            "revenue": 72220
        },
        "2022-03": {
            "month": "2022-03",
            "price": "35.88",
            "revenue": 102502
        },
        "2022-04": {
            "month": "2022-04",
            "price": "35.95",
            "revenue": 83052
        },
        "2022-05": {
            "month": "2022-05",
            "price": "35.35",
            "revenue": 99743
        },
        "2022-06": {
            "month": "2022-06",
            "price": "33.87",
            "revenue": 75514
        },
        "2022-07": {
            "month": "2022-07",
            "price": "29.69",
            "revenue": 90001
        },
        "2022-08": {
            "month": "2022-08",
            "price": "30.09",
            "revenue": 82792
        },
        "2022-09": {
            "month": "2022-09",
            "price": "30.32",
            "revenue": 88298
        },
        "2022-10": {
            "month": "2022-10",
            "price": "28.56",
            "revenue": 55004
        },
        "2022-11": {
            "month": "2022-11",
            "price": "28.48",
            "revenue": 73715
        },
        "2022-12": {
            "month": "2022-12",
            "price": "28.62",
            "revenue": 54105
        },
        "2023-01": {
            "month": "2023-01",
            "price": "28.45",
            "revenue": 69999
        },
        "2023-02": {
            "month": "2023-02",
            "price": "30.09",
            "revenue": 72462
        },
        "2023-03": {
            "month": "2023-03",
            "price": "31.29",
            "revenue": 79156
        },
        "2023-04": {
            "month": "2023-04",
            "price": "30.90",
            "revenue": 74654
        }
    }
}
