{
    "summary": {
        "stock_name": "東科-KY",
        "stock_id": "5225",
        "category": "其他電子",
        "main_business": "揚聲器系統及耳機之製造及銷售<br>高階/智慧型揚聲器及影音電子家庭娛樂系統之設計、製造及銷售<br>系統架構/新產品概念/創新產品及聲學技術之研發",
        "website_url": "https://eastech.com",
        "ceo": "白錦蒼",
        "pe_ratio": 14,
        "report_year_from": 2011,
        "report_year_to": 2023,
        "age": 13,
        "eps_negative_percentage": 8,
        "eps_growth_avg": {
            "last_all": 0.33,
            "last_2y": 15.98,
            "last_4y": -10.9,
            "last_8y": -0.47,
            "last_12y": null,
            "last_16y": null,
            "last_20y": null,
            "at_2006_last_3y": null,
            "at_2007_last_3y": null,
            "at_2008_last_3y": null,
            "at_2009_last_3y": null,
            "at_2010_last_3y": null,
            "at_2011_last_3y": null,
            "at_2012_last_3y": null,
            "at_2013_last_3y": null,
            "at_2014_last_3y": null,
            "at_2015_last_3y": null,
            "at_2016_last_3y": -10.88,
            "at_2017_last_3y": -19.57,
            "at_2018_last_3y": 9.95,
            "at_2019_last_3y": 16.87,
            "at_2020_last_3y": 3.72,
            "at_2021_last_3y": 7.66,
            "at_2022_last_3y": -25.13,
            "at_2023_last_3y": -22.68,
            "at_2024_last_3y": -22.68,
            "at_2006_last_all": null,
            "at_2007_last_all": null,
            "at_2008_last_all": null,
            "at_2009_last_all": null,
            "at_2010_last_all": null,
            "at_2011_last_all": null,
            "at_2012_last_all": null,
            "at_2013_last_all": null,
            "at_2014_last_all": 3.54,
            "at_2015_last_all": 1.29,
            "at_2016_last_all": -10.88,
            "at_2017_last_all": -10.33,
            "at_2018_last_all": 7.82,
            "at_2019_last_all": 10.19,
            "at_2020_last_all": -3.58,
            "at_2021_last_all": -3.58,
            "at_2022_last_all": -3.17,
            "at_2023_last_all": 0.33,
            "at_2024_last_all": 0.33
        },
        "latest_eps": 7.49,
        "latest_price": 103.5,
        "latest_roe": 20.94,
        "latest_gross_margin": 16.86,
        "latest_equity": 2846063,
        "latest_revenue": 2511043,
        "latest_gross_profit": 423353,
        "latest_net_income": 112095,
        "latest_debt_ratio": 52.62,
        "latest_current_ratio": 158.88,
        "latest_account_receivable_turnover_ratio": 1.39,
        "latest_inventory_turnover_ratio": 2.11,
        "latest_reinvestment_rate": 15.82,
        "latest_research_to_sale_ratio": null
    },
    "eps_dividends": {
        "2001": {
            "cash": 0,
            "stock": 0,
            "eps": 0
        },
        "2002": {
            "cash": 0,
            "stock": 0,
            "eps": 0
        },
        "2003": {
            "cash": 0,
            "stock": 0,
            "eps": 0
        },
        "2004": {
            "cash": 0,
            "stock": 0,
            "eps": 0
        },
        "2005": {
            "cash": 0,
            "stock": 0,
            "eps": 0
        },
        "2006": {
            "cash": 0,
            "stock": 0,
            "eps": 0
        },
        "2007": {
            "cash": 0,
            "stock": 0,
            "eps": 0
        },
        "2008": {
            "cash": 0,
            "stock": 0,
            "eps": 0
        },
        "2009": {
            "cash": 0,
            "stock": 0,
            "eps": 0
        },
        "2010": {
            "cash": 0,
            "stock": 0,
            "eps": 0
        },
        "2011": {
            "cash": 0.71,
            "stock": 0,
            "eps": 0
        },
        "2012": {
            "cash": 0,
            "stock": 0,
            "eps": 4.28
        },
        "2013": {
            "cash": 5,
            "stock": 0,
            "eps": 5.42
        },
        "2014": {
            "cash": 5,
            "stock": 0,
            "eps": 4.36
        },
        "2015": {
            "cash": 5,
            "stock": 0,
            "eps": 4.22
        },
        "2016": {
            "cash": 3,
            "stock": 0,
            "eps": 2.22
        },
        "2017": {
            "cash": 1.11,
            "stock": 0,
            "eps": 2.04
        },
        "2018": {
            "cash": 0.7,
            "stock": 0,
            "eps": 4.05
        },
        "2019": {
            "cash": 1.3,
            "stock": 0,
            "eps": 5.04
        },
        "2020": {
            "cash": 0.51,
            "stock": 0,
            "eps": -11.09
        },
        "2021": {
            "cash": 0,
            "stock": 0,
            "eps": 6.03
        },
        "2022": {
            "cash": 0.6,
            "stock": 0,
            "eps": 6.04
        },
        "2023": {
            "cash": 3.1,
            "stock": 0,
            "eps": 7.96
        },
        "2024": {
            "cash": 6.61,
            "stock": 0,
            "eps": 0
        }
    },
    "dividends": {
        "2011-01-01": {
            "cash": 0.71,
            "stock": 0
        },
        "2013-03-11": {
            "cash": 5,
            "stock": 0
        },
        "2014-04-30": {
            "cash": 5,
            "stock": 0
        },
        "2015-06-18": {
            "cash": 5,
            "stock": 0
        },
        "2016-06-23": {
            "cash": 3,
            "stock": 0
        },
        "2017-07-26": {
            "cash": 1.11,
            "stock": 0
        },
        "2018-07-19": {
            "cash": 0.7,
            "stock": 0
        },
        "2019-07-16": {
            "cash": 1.3,
            "stock": 0
        },
        "2020-04-17": {
            "cash": 0.51,
            "stock": 0
        },
        "2022-04-15": {
            "cash": 0.6,
            "stock": 0
        },
        "2023-04-20": {
            "cash": 3.1,
            "stock": 0
        },
        "2024-04-22": {
            "cash": 6.61,
            "stock": 0
        }
    },
    "prices": {
        "200101": "無",
        "200102": "無",
        "200103": "無",
        "200104": "無",
        "200105": "無",
        "200106": "無",
        "200107": "無",
        "200108": "無",
        "200109": "無",
        "200110": "無",
        "200111": "無",
        "200112": "無",
        "200201": "無",
        "200202": "無",
        "200203": "無",
        "200204": "無",
        "200205": "無",
        "200206": "無",
        "200207": "無",
        "200208": "無",
        "200209": "無",
        "200210": "無",
        "200211": "無",
        "200212": "無",
        "200301": "無",
        "200302": "無",
        "200303": "無",
        "200304": "無",
        "200305": "無",
        "200306": "無",
        "200307": "無",
        "200308": "無",
        "200309": "無",
        "200310": "無",
        "200311": "無",
        "200312": "無",
        "200401": "無",
        "200402": "無",
        "200403": "無",
        "200404": "無",
        "200405": "無",
        "200406": "無",
        "200407": "無",
        "200408": "無",
        "200409": "無",
        "200410": "無",
        "200411": "無",
        "200412": "無",
        "200501": "無",
        "200502": "無",
        "200503": "無",
        "200504": "無",
        "200505": "無",
        "200506": "無",
        "200507": "無",
        "200508": "無",
        "200509": "無",
        "200510": "無",
        "200511": "無",
        "200512": "無",
        "200601": "無",
        "200602": "無",
        "200603": "無",
        "200604": "無",
        "200605": "無",
        "200606": "無",
        "200607": "無",
        "200608": "無",
        "200609": "無",
        "200610": "無",
        "200611": "無",
        "200612": "無",
        "200701": "無",
        "200702": "無",
        "200703": "無",
        "200704": "無",
        "200705": "無",
        "200706": "無",
        "200707": "無",
        "200708": "無",
        "200709": "無",
        "200710": "無",
        "200711": "無",
        "200712": "無",
        "200801": "無",
        "200802": "無",
        "200803": "無",
        "200804": "無",
        "200805": "無",
        "200806": "無",
        "200807": "無",
        "200808": "無",
        "200809": "無",
        "200810": "無",
        "200811": "無",
        "200812": "無",
        "200901": "無",
        "200902": "無",
        "200903": "無",
        "200904": "無",
        "200905": "無",
        "200906": "無",
        "200907": "無",
        "200908": "無",
        "200909": "無",
        "200910": "無",
        "200911": "無",
        "200912": "無",
        "201001": "無",
        "201002": "無",
        "201003": "無",
        "201004": "無",
        "201005": "無",
        "201006": "無",
        "201007": "無",
        "201008": "無",
        "201009": "無",
        "201010": "無",
        "201011": "無",
        "201012": "無",
        "201101": "無",
        "201102": "無",
        "201103": "無",
        "201104": "無",
        "201105": "無",
        "201106": "無",
        "201107": "無",
        "201108": "無",
        "201109": "無",
        "201110": "無",
        "201111": "無",
        "201112": "無",
        "201201": "無",
        "201202": "無",
        "201203": "無",
        "201204": "無",
        "201205": "無",
        "201206": "無",
        "201207": "無",
        "201208": "無",
        "201209": "無",
        "201210": "無",
        "201211": "64.30",
        "201212": "64.72",
        "201301": "63.47",
        "201302": "63.20",
        "201303": "62.00",
        "201304": "62.48",
        "201305": "73.52",
        "201306": "81.13",
        "201307": "75.79",
        "201308": "75.27",
        "201309": "75.04",
        "201310": "71.10",
        "201311": "72.57",
        "201312": "80.65",
        "201401": "83.06",
        "201402": "86.15",
        "201403": "84.09",
        "201404": "79.53",
        "201405": "72.83",
        "201406": "64.28",
        "201407": "52.90",
        "201408": "48.73",
        "201409": "47.53",
        "201410": "53.47",
        "201411": "53.65",
        "201412": "54.13",
        "201501": "59.52",
        "201502": "66.64",
        "201503": "71.02",
        "201504": "73.66",
        "201505": "68.50",
        "201506": "53.33",
        "201507": "48.86",
        "201508": "37.96",
        "201509": "37.47",
        "201510": "47.52",
        "201511": "54.29",
        "201512": "50.06",
        "201601": "42.45",
        "201602": "45.35",
        "201603": "45.42",
        "201604": "42.48",
        "201605": "40.50",
        "201606": "37.07",
        "201607": "36.13",
        "201608": "32.84",
        "201609": "35.41",
        "201610": "33.42",
        "201611": "32.32",
        "201612": "31.90",
        "201701": "31.51",
        "201702": "32.09",
        "201703": "32.88",
        "201704": "32.47",
        "201705": "31.34",
        "201706": "30.03",
        "201707": "29.33",
        "201708": "28.61",
        "201709": "29.47",
        "201710": "30.16",
        "201711": "29.79",
        "201712": "28.69",
        "201801": "28.40",
        "201802": "27.24",
        "201803": "27.95",
        "201804": "27.41",
        "201805": "22.74",
        "201806": "21.54",
        "201807": "21.48",
        "201808": "22.60",
        "201809": "23.48",
        "201810": "23.61",
        "201811": "26.04",
        "201812": "26.44",
        "201901": "26.76",
        "201902": "30.15",
        "201903": "33.48",
        "201904": "41.06",
        "201905": "34.52",
        "201906": "33.65",
        "201907": "40.07",
        "201908": "43.21",
        "201909": "55.50",
        "201910": "58.67",
        "201911": "59.39",
        "201912": "56.10",
        "202001": "51.44",
        "202002": "45.74",
        "202003": "25.76",
        "202004": "25.63",
        "202005": "25.47",
        "202006": "25.53",
        "202007": "25.16",
        "202008": "24.05",
        "202009": "24.19",
        "202010": "29.76",
        "202011": "28.56",
        "202012": "27.44",
        "202101": "26.32",
        "202102": "25.32",
        "202103": "24.35",
        "202104": "22.21",
        "202105": "19.36",
        "202106": "20.98",
        "202107": "20.46",
        "202108": "20.19",
        "202109": "19.80",
        "202110": "18.78",
        "202111": "20.76",
        "202112": "21.64",
        "202201": "21.18",
        "202202": "20.63",
        "202203": "23.80",
        "202204": "23.13",
        "202205": "23.43",
        "202206": "21.92",
        "202207": "20.90",
        "202208": "23.83",
        "202209": "29.89",
        "202210": "33.02",
        "202211": "38.73",
        "202212": "37.37",
        "202301": "33.93",
        "202302": "35.66",
        "202303": "41.22",
        "202304": "37.90",
        "202305": "44.88",
        "202306": "45.70",
        "202307": "44.35",
        "202308": "45.80",
        "202309": "54.48",
        "202310": "62.34",
        "202311": "61.83",
        "202312": "61.28"
    },
    "quarters": {
        "20011": {
            "year_quarter": 20011,
            "year": 2001,
            "quarter": 1,
            "eps": null,
            "eps_growth_year": null,
            "eps_4q": null,
            "eps_4q_growth_year": null,
            "roe": null,
            "roe_4q": 0,
            "gross_profit": null,
            "gross_margin": null,
            "gross_margin_4q_avg": 0,
            "net_income": null,
            "net_income_4q": null,
            "revenue": null,
            "revenue_4q": null,
            "common_shares": null,
            "book_valuer_per_share": null,
            "book_valuer_per_share_4q_avg": 0,
            "equity": null,
            "current_ratio": null,
            "debt_ratio": null,
            "inventory_turnover_ratio": null,
            "account_receivable_turnover_ratio": null,
            "reinvestment_rate": null,
            "research_to_sale_ratio": null,
            "price_fair": 0,
            "eps_avg_yearly": 0,
            "eps_latest_yearly": 0,
            "eps_growth_yearly": 0
        },
        "20012": {
            "year_quarter": 20012,
            "year": 2001,
            "quarter": 2,
            "eps": null,
            "eps_growth_year": null,
            "eps_4q": null,
            "eps_4q_growth_year": null,
            "roe": null,
            "roe_4q": 0,
            "gross_profit": null,
            "gross_margin": null,
            "gross_margin_4q_avg": 0,
            "net_income": null,
            "net_income_4q": null,
            "revenue": null,
            "revenue_4q": null,
            "common_shares": null,
            "book_valuer_per_share": null,
            "book_valuer_per_share_4q_avg": 0,
            "equity": null,
            "current_ratio": null,
            "debt_ratio": null,
            "inventory_turnover_ratio": null,
            "account_receivable_turnover_ratio": null,
            "reinvestment_rate": null,
            "research_to_sale_ratio": null,
            "price_fair": 0,
            "eps_avg_yearly": 0,
            "eps_latest_yearly": 0,
            "eps_growth_yearly": 0
        },
        "20013": {
            "year_quarter": 20013,
            "year": 2001,
            "quarter": 3,
            "eps": null,
            "eps_growth_year": null,
            "eps_4q": null,
            "eps_4q_growth_year": null,
            "roe": null,
            "roe_4q": 0,
            "gross_profit": null,
            "gross_margin": null,
            "gross_margin_4q_avg": 0,
            "net_income": null,
            "net_income_4q": null,
            "revenue": null,
            "revenue_4q": null,
            "common_shares": null,
            "book_valuer_per_share": null,
            "book_valuer_per_share_4q_avg": 0,
            "equity": null,
            "current_ratio": null,
            "debt_ratio": null,
            "inventory_turnover_ratio": null,
            "account_receivable_turnover_ratio": null,
            "reinvestment_rate": null,
            "research_to_sale_ratio": null,
            "price_fair": 0,
            "eps_avg_yearly": 0,
            "eps_latest_yearly": 0,
            "eps_growth_yearly": 0
        },
        "20014": {
            "year_quarter": 20014,
            "year": 2001,
            "quarter": 4,
            "eps": null,
            "eps_growth_year": null,
            "eps_4q": null,
            "eps_4q_growth_year": null,
            "roe": null,
            "roe_4q": 0,
            "gross_profit": null,
            "gross_margin": null,
            "gross_margin_4q_avg": 0,
            "net_income": null,
            "net_income_4q": null,
            "revenue": null,
            "revenue_4q": null,
            "common_shares": null,
            "book_valuer_per_share": null,
            "book_valuer_per_share_4q_avg": 0,
            "equity": null,
            "current_ratio": null,
            "debt_ratio": null,
            "inventory_turnover_ratio": null,
            "account_receivable_turnover_ratio": null,
            "reinvestment_rate": null,
            "research_to_sale_ratio": null,
            "price_fair": 0,
            "eps_avg_yearly": 0,
            "eps_latest_yearly": 0,
            "eps_growth_yearly": 0
        },
        "20021": {
            "year_quarter": 20021,
            "year": 2002,
            "quarter": 1,
            "eps": null,
            "eps_growth_year": null,
            "eps_4q": null,
            "eps_4q_growth_year": null,
            "roe": null,
            "roe_4q": 0,
            "gross_profit": null,
            "gross_margin": null,
            "gross_margin_4q_avg": 0,
            "net_income": null,
            "net_income_4q": null,
            "revenue": null,
            "revenue_4q": null,
            "common_shares": null,
            "book_valuer_per_share": null,
            "book_valuer_per_share_4q_avg": 0,
            "equity": null,
            "current_ratio": null,
            "debt_ratio": null,
            "inventory_turnover_ratio": null,
            "account_receivable_turnover_ratio": null,
            "reinvestment_rate": null,
            "research_to_sale_ratio": null,
            "price_fair": 0,
            "eps_avg_yearly": 0,
            "eps_latest_yearly": 0,
            "eps_growth_yearly": 0
        },
        "20022": {
            "year_quarter": 20022,
            "year": 2002,
            "quarter": 2,
            "eps": null,
            "eps_growth_year": null,
            "eps_4q": null,
            "eps_4q_growth_year": null,
            "roe": null,
            "roe_4q": 0,
            "gross_profit": null,
            "gross_margin": null,
            "gross_margin_4q_avg": 0,
            "net_income": null,
            "net_income_4q": null,
            "revenue": null,
            "revenue_4q": null,
            "common_shares": null,
            "book_valuer_per_share": null,
            "book_valuer_per_share_4q_avg": 0,
            "equity": null,
            "current_ratio": null,
            "debt_ratio": null,
            "inventory_turnover_ratio": null,
            "account_receivable_turnover_ratio": null,
            "reinvestment_rate": null,
            "research_to_sale_ratio": null,
            "price_fair": 0,
            "eps_avg_yearly": 0,
            "eps_latest_yearly": 0,
            "eps_growth_yearly": 0
        },
        "20023": {
            "year_quarter": 20023,
            "year": 2002,
            "quarter": 3,
            "eps": null,
            "eps_growth_year": null,
            "eps_4q": null,
            "eps_4q_growth_year": null,
            "roe": null,
            "roe_4q": 0,
            "gross_profit": null,
            "gross_margin": null,
            "gross_margin_4q_avg": 0,
            "net_income": null,
            "net_income_4q": null,
            "revenue": null,
            "revenue_4q": null,
            "common_shares": null,
            "book_valuer_per_share": null,
            "book_valuer_per_share_4q_avg": 0,
            "equity": null,
            "current_ratio": null,
            "debt_ratio": null,
            "inventory_turnover_ratio": null,
            "account_receivable_turnover_ratio": null,
            "reinvestment_rate": null,
            "research_to_sale_ratio": null,
            "price_fair": 0,
            "eps_avg_yearly": 0,
            "eps_latest_yearly": 0,
            "eps_growth_yearly": 0
        },
        "20024": {
            "year_quarter": 20024,
            "year": 2002,
            "quarter": 4,
            "eps": null,
            "eps_growth_year": null,
            "eps_4q": null,
            "eps_4q_growth_year": null,
            "roe": null,
            "roe_4q": 0,
            "gross_profit": null,
            "gross_margin": null,
            "gross_margin_4q_avg": 0,
            "net_income": null,
            "net_income_4q": null,
            "revenue": null,
            "revenue_4q": null,
            "common_shares": null,
            "book_valuer_per_share": null,
            "book_valuer_per_share_4q_avg": 0,
            "equity": null,
            "current_ratio": null,
            "debt_ratio": null,
            "inventory_turnover_ratio": null,
            "account_receivable_turnover_ratio": null,
            "reinvestment_rate": null,
            "research_to_sale_ratio": null,
            "price_fair": 0,
            "eps_avg_yearly": 0,
            "eps_latest_yearly": 0,
            "eps_growth_yearly": 0
        },
        "20031": {
            "year_quarter": 20031,
            "year": 2003,
            "quarter": 1,
            "eps": null,
            "eps_growth_year": null,
            "eps_4q": null,
            "eps_4q_growth_year": null,
            "roe": null,
            "roe_4q": 0,
            "gross_profit": null,
            "gross_margin": null,
            "gross_margin_4q_avg": 0,
            "net_income": null,
            "net_income_4q": null,
            "revenue": null,
            "revenue_4q": null,
            "common_shares": null,
            "book_valuer_per_share": null,
            "book_valuer_per_share_4q_avg": 0,
            "equity": null,
            "current_ratio": null,
            "debt_ratio": null,
            "inventory_turnover_ratio": null,
            "account_receivable_turnover_ratio": null,
            "reinvestment_rate": null,
            "research_to_sale_ratio": null,
            "price_fair": 0,
            "eps_avg_yearly": 0,
            "eps_latest_yearly": 0,
            "eps_growth_yearly": 0
        },
        "20032": {
            "year_quarter": 20032,
            "year": 2003,
            "quarter": 2,
            "eps": null,
            "eps_growth_year": null,
            "eps_4q": null,
            "eps_4q_growth_year": null,
            "roe": null,
            "roe_4q": 0,
            "gross_profit": null,
            "gross_margin": null,
            "gross_margin_4q_avg": 0,
            "net_income": null,
            "net_income_4q": null,
            "revenue": null,
            "revenue_4q": null,
            "common_shares": null,
            "book_valuer_per_share": null,
            "book_valuer_per_share_4q_avg": 0,
            "equity": null,
            "current_ratio": null,
            "debt_ratio": null,
            "inventory_turnover_ratio": null,
            "account_receivable_turnover_ratio": null,
            "reinvestment_rate": null,
            "research_to_sale_ratio": null,
            "price_fair": 0,
            "eps_avg_yearly": 0,
            "eps_latest_yearly": 0,
            "eps_growth_yearly": 0
        },
        "20033": {
            "year_quarter": 20033,
            "year": 2003,
            "quarter": 3,
            "eps": null,
            "eps_growth_year": null,
            "eps_4q": null,
            "eps_4q_growth_year": null,
            "roe": null,
            "roe_4q": 0,
            "gross_profit": null,
            "gross_margin": null,
            "gross_margin_4q_avg": 0,
            "net_income": null,
            "net_income_4q": null,
            "revenue": null,
            "revenue_4q": null,
            "common_shares": null,
            "book_valuer_per_share": null,
            "book_valuer_per_share_4q_avg": 0,
            "equity": null,
            "current_ratio": null,
            "debt_ratio": null,
            "inventory_turnover_ratio": null,
            "account_receivable_turnover_ratio": null,
            "reinvestment_rate": null,
            "research_to_sale_ratio": null,
            "price_fair": 0,
            "eps_avg_yearly": 0,
            "eps_latest_yearly": 0,
            "eps_growth_yearly": 0
        },
        "20034": {
            "year_quarter": 20034,
            "year": 2003,
            "quarter": 4,
            "eps": null,
            "eps_growth_year": null,
            "eps_4q": null,
            "eps_4q_growth_year": null,
            "roe": null,
            "roe_4q": 0,
            "gross_profit": null,
            "gross_margin": null,
            "gross_margin_4q_avg": 0,
            "net_income": null,
            "net_income_4q": null,
            "revenue": null,
            "revenue_4q": null,
            "common_shares": null,
            "book_valuer_per_share": null,
            "book_valuer_per_share_4q_avg": 0,
            "equity": null,
            "current_ratio": null,
            "debt_ratio": null,
            "inventory_turnover_ratio": null,
            "account_receivable_turnover_ratio": null,
            "reinvestment_rate": null,
            "research_to_sale_ratio": null,
            "price_fair": 0,
            "eps_avg_yearly": 0,
            "eps_latest_yearly": 0,
            "eps_growth_yearly": 0
        },
        "20041": {
            "year_quarter": 20041,
            "year": 2004,
            "quarter": 1,
            "eps": null,
            "eps_growth_year": null,
            "eps_4q": null,
            "eps_4q_growth_year": null,
            "roe": null,
            "roe_4q": 0,
            "gross_profit": null,
            "gross_margin": null,
            "gross_margin_4q_avg": 0,
            "net_income": null,
            "net_income_4q": null,
            "revenue": null,
            "revenue_4q": null,
            "common_shares": null,
            "book_valuer_per_share": null,
            "book_valuer_per_share_4q_avg": 0,
            "equity": null,
            "current_ratio": null,
            "debt_ratio": null,
            "inventory_turnover_ratio": null,
            "account_receivable_turnover_ratio": null,
            "reinvestment_rate": null,
            "research_to_sale_ratio": null,
            "price_fair": 0,
            "eps_avg_yearly": 0,
            "eps_latest_yearly": 0,
            "eps_growth_yearly": 0
        },
        "20042": {
            "year_quarter": 20042,
            "year": 2004,
            "quarter": 2,
            "eps": null,
            "eps_growth_year": null,
            "eps_4q": null,
            "eps_4q_growth_year": null,
            "roe": null,
            "roe_4q": 0,
            "gross_profit": null,
            "gross_margin": null,
            "gross_margin_4q_avg": 0,
            "net_income": null,
            "net_income_4q": null,
            "revenue": null,
            "revenue_4q": null,
            "common_shares": null,
            "book_valuer_per_share": null,
            "book_valuer_per_share_4q_avg": 0,
            "equity": null,
            "current_ratio": null,
            "debt_ratio": null,
            "inventory_turnover_ratio": null,
            "account_receivable_turnover_ratio": null,
            "reinvestment_rate": null,
            "research_to_sale_ratio": null,
            "price_fair": 0,
            "eps_avg_yearly": 0,
            "eps_latest_yearly": 0,
            "eps_growth_yearly": 0
        },
        "20043": {
            "year_quarter": 20043,
            "year": 2004,
            "quarter": 3,
            "eps": null,
            "eps_growth_year": null,
            "eps_4q": null,
            "eps_4q_growth_year": null,
            "roe": null,
            "roe_4q": 0,
            "gross_profit": null,
            "gross_margin": null,
            "gross_margin_4q_avg": 0,
            "net_income": null,
            "net_income_4q": null,
            "revenue": null,
            "revenue_4q": null,
            "common_shares": null,
            "book_valuer_per_share": null,
            "book_valuer_per_share_4q_avg": 0,
            "equity": null,
            "current_ratio": null,
            "debt_ratio": null,
            "inventory_turnover_ratio": null,
            "account_receivable_turnover_ratio": null,
            "reinvestment_rate": null,
            "research_to_sale_ratio": null,
            "price_fair": 0,
            "eps_avg_yearly": 0,
            "eps_latest_yearly": 0,
            "eps_growth_yearly": 0
        },
        "20044": {
            "year_quarter": 20044,
            "year": 2004,
            "quarter": 4,
            "eps": null,
            "eps_growth_year": null,
            "eps_4q": null,
            "eps_4q_growth_year": null,
            "roe": null,
            "roe_4q": 0,
            "gross_profit": null,
            "gross_margin": null,
            "gross_margin_4q_avg": 0,
            "net_income": null,
            "net_income_4q": null,
            "revenue": null,
            "revenue_4q": null,
            "common_shares": null,
            "book_valuer_per_share": null,
            "book_valuer_per_share_4q_avg": 0,
            "equity": null,
            "current_ratio": null,
            "debt_ratio": null,
            "inventory_turnover_ratio": null,
            "account_receivable_turnover_ratio": null,
            "reinvestment_rate": null,
            "research_to_sale_ratio": null,
            "price_fair": 0,
            "eps_avg_yearly": 0,
            "eps_latest_yearly": 0,
            "eps_growth_yearly": 0
        },
        "20051": {
            "year_quarter": 20051,
            "year": 2005,
            "quarter": 1,
            "eps": null,
            "eps_growth_year": null,
            "eps_4q": null,
            "eps_4q_growth_year": null,
            "roe": null,
            "roe_4q": 0,
            "gross_profit": null,
            "gross_margin": null,
            "gross_margin_4q_avg": 0,
            "net_income": null,
            "net_income_4q": null,
            "revenue": null,
            "revenue_4q": null,
            "common_shares": null,
            "book_valuer_per_share": null,
            "book_valuer_per_share_4q_avg": 0,
            "equity": null,
            "current_ratio": null,
            "debt_ratio": null,
            "inventory_turnover_ratio": null,
            "account_receivable_turnover_ratio": null,
            "reinvestment_rate": null,
            "research_to_sale_ratio": null,
            "price_fair": 0,
            "eps_avg_yearly": 0,
            "eps_latest_yearly": 0,
            "eps_growth_yearly": 0
        },
        "20052": {
            "year_quarter": 20052,
            "year": 2005,
            "quarter": 2,
            "eps": null,
            "eps_growth_year": null,
            "eps_4q": null,
            "eps_4q_growth_year": null,
            "roe": null,
            "roe_4q": 0,
            "gross_profit": null,
            "gross_margin": null,
            "gross_margin_4q_avg": 0,
            "net_income": null,
            "net_income_4q": null,
            "revenue": null,
            "revenue_4q": null,
            "common_shares": null,
            "book_valuer_per_share": null,
            "book_valuer_per_share_4q_avg": 0,
            "equity": null,
            "current_ratio": null,
            "debt_ratio": null,
            "inventory_turnover_ratio": null,
            "account_receivable_turnover_ratio": null,
            "reinvestment_rate": null,
            "research_to_sale_ratio": null,
            "price_fair": 0,
            "eps_avg_yearly": 0,
            "eps_latest_yearly": 0,
            "eps_growth_yearly": 0
        },
        "20053": {
            "year_quarter": 20053,
            "year": 2005,
            "quarter": 3,
            "eps": null,
            "eps_growth_year": null,
            "eps_4q": null,
            "eps_4q_growth_year": null,
            "roe": null,
            "roe_4q": 0,
            "gross_profit": null,
            "gross_margin": null,
            "gross_margin_4q_avg": 0,
            "net_income": null,
            "net_income_4q": null,
            "revenue": null,
            "revenue_4q": null,
            "common_shares": null,
            "book_valuer_per_share": null,
            "book_valuer_per_share_4q_avg": 0,
            "equity": null,
            "current_ratio": null,
            "debt_ratio": null,
            "inventory_turnover_ratio": null,
            "account_receivable_turnover_ratio": null,
            "reinvestment_rate": null,
            "research_to_sale_ratio": null,
            "price_fair": 0,
            "eps_avg_yearly": 0,
            "eps_latest_yearly": 0,
            "eps_growth_yearly": 0
        },
        "20054": {
            "year_quarter": 20054,
            "year": 2005,
            "quarter": 4,
            "eps": null,
            "eps_growth_year": null,
            "eps_4q": null,
            "eps_4q_growth_year": null,
            "roe": null,
            "roe_4q": 0,
            "gross_profit": null,
            "gross_margin": null,
            "gross_margin_4q_avg": 0,
            "net_income": null,
            "net_income_4q": null,
            "revenue": null,
            "revenue_4q": null,
            "common_shares": null,
            "book_valuer_per_share": null,
            "book_valuer_per_share_4q_avg": 0,
            "equity": null,
            "current_ratio": null,
            "debt_ratio": null,
            "inventory_turnover_ratio": null,
            "account_receivable_turnover_ratio": null,
            "reinvestment_rate": null,
            "research_to_sale_ratio": null,
            "price_fair": 0,
            "eps_avg_yearly": 0,
            "eps_latest_yearly": 0,
            "eps_growth_yearly": 0
        },
        "20061": {
            "year_quarter": 20061,
            "year": 2006,
            "quarter": 1,
            "eps": null,
            "eps_growth_year": null,
            "eps_4q": null,
            "eps_4q_growth_year": null,
            "roe": null,
            "roe_4q": 0,
            "gross_profit": null,
            "gross_margin": null,
            "gross_margin_4q_avg": 0,
            "net_income": null,
            "net_income_4q": null,
            "revenue": null,
            "revenue_4q": null,
            "common_shares": null,
            "book_valuer_per_share": null,
            "book_valuer_per_share_4q_avg": 0,
            "equity": null,
            "current_ratio": null,
            "debt_ratio": null,
            "inventory_turnover_ratio": null,
            "account_receivable_turnover_ratio": null,
            "reinvestment_rate": null,
            "research_to_sale_ratio": null,
            "price_fair": 0,
            "eps_avg_yearly": 0,
            "eps_latest_yearly": 0,
            "eps_growth_yearly": 0
        },
        "20062": {
            "year_quarter": 20062,
            "year": 2006,
            "quarter": 2,
            "eps": null,
            "eps_growth_year": null,
            "eps_4q": null,
            "eps_4q_growth_year": null,
            "roe": null,
            "roe_4q": 0,
            "gross_profit": null,
            "gross_margin": null,
            "gross_margin_4q_avg": 0,
            "net_income": null,
            "net_income_4q": null,
            "revenue": null,
            "revenue_4q": null,
            "common_shares": null,
            "book_valuer_per_share": null,
            "book_valuer_per_share_4q_avg": 0,
            "equity": null,
            "current_ratio": null,
            "debt_ratio": null,
            "inventory_turnover_ratio": null,
            "account_receivable_turnover_ratio": null,
            "reinvestment_rate": null,
            "research_to_sale_ratio": null,
            "price_fair": 0,
            "eps_avg_yearly": 0,
            "eps_latest_yearly": 0,
            "eps_growth_yearly": 0
        },
        "20063": {
            "year_quarter": 20063,
            "year": 2006,
            "quarter": 3,
            "eps": null,
            "eps_growth_year": null,
            "eps_4q": null,
            "eps_4q_growth_year": null,
            "roe": null,
            "roe_4q": 0,
            "gross_profit": null,
            "gross_margin": null,
            "gross_margin_4q_avg": 0,
            "net_income": null,
            "net_income_4q": null,
            "revenue": null,
            "revenue_4q": null,
            "common_shares": null,
            "book_valuer_per_share": null,
            "book_valuer_per_share_4q_avg": 0,
            "equity": null,
            "current_ratio": null,
            "debt_ratio": null,
            "inventory_turnover_ratio": null,
            "account_receivable_turnover_ratio": null,
            "reinvestment_rate": null,
            "research_to_sale_ratio": null,
            "price_fair": 0,
            "eps_avg_yearly": 0,
            "eps_latest_yearly": 0,
            "eps_growth_yearly": 0
        },
        "20064": {
            "year_quarter": 20064,
            "year": 2006,
            "quarter": 4,
            "eps": null,
            "eps_growth_year": null,
            "eps_4q": null,
            "eps_4q_growth_year": null,
            "roe": null,
            "roe_4q": 0,
            "gross_profit": null,
            "gross_margin": null,
            "gross_margin_4q_avg": 0,
            "net_income": null,
            "net_income_4q": null,
            "revenue": null,
            "revenue_4q": null,
            "common_shares": null,
            "book_valuer_per_share": null,
            "book_valuer_per_share_4q_avg": 0,
            "equity": null,
            "current_ratio": null,
            "debt_ratio": null,
            "inventory_turnover_ratio": null,
            "account_receivable_turnover_ratio": null,
            "reinvestment_rate": null,
            "research_to_sale_ratio": null,
            "price_fair": 0,
            "eps_avg_yearly": 0,
            "eps_latest_yearly": 0,
            "eps_growth_yearly": 0
        },
        "20071": {
            "year_quarter": 20071,
            "year": 2007,
            "quarter": 1,
            "eps": null,
            "eps_growth_year": null,
            "eps_4q": null,
            "eps_4q_growth_year": null,
            "roe": null,
            "roe_4q": 0,
            "gross_profit": null,
            "gross_margin": null,
            "gross_margin_4q_avg": 0,
            "net_income": null,
            "net_income_4q": null,
            "revenue": null,
            "revenue_4q": null,
            "common_shares": null,
            "book_valuer_per_share": null,
            "book_valuer_per_share_4q_avg": 0,
            "equity": null,
            "current_ratio": null,
            "debt_ratio": null,
            "inventory_turnover_ratio": null,
            "account_receivable_turnover_ratio": null,
            "reinvestment_rate": null,
            "research_to_sale_ratio": null,
            "price_fair": 0,
            "eps_avg_yearly": 0,
            "eps_latest_yearly": 0,
            "eps_growth_yearly": 0
        },
        "20072": {
            "year_quarter": 20072,
            "year": 2007,
            "quarter": 2,
            "eps": null,
            "eps_growth_year": null,
            "eps_4q": null,
            "eps_4q_growth_year": null,
            "roe": null,
            "roe_4q": 0,
            "gross_profit": null,
            "gross_margin": null,
            "gross_margin_4q_avg": 0,
            "net_income": null,
            "net_income_4q": null,
            "revenue": null,
            "revenue_4q": null,
            "common_shares": null,
            "book_valuer_per_share": null,
            "book_valuer_per_share_4q_avg": 0,
            "equity": null,
            "current_ratio": null,
            "debt_ratio": null,
            "inventory_turnover_ratio": null,
            "account_receivable_turnover_ratio": null,
            "reinvestment_rate": null,
            "research_to_sale_ratio": null,
            "price_fair": 0,
            "eps_avg_yearly": 0,
            "eps_latest_yearly": 0,
            "eps_growth_yearly": 0
        },
        "20073": {
            "year_quarter": 20073,
            "year": 2007,
            "quarter": 3,
            "eps": null,
            "eps_growth_year": null,
            "eps_4q": null,
            "eps_4q_growth_year": null,
            "roe": null,
            "roe_4q": 0,
            "gross_profit": null,
            "gross_margin": null,
            "gross_margin_4q_avg": 0,
            "net_income": null,
            "net_income_4q": null,
            "revenue": null,
            "revenue_4q": null,
            "common_shares": null,
            "book_valuer_per_share": null,
            "book_valuer_per_share_4q_avg": 0,
            "equity": null,
            "current_ratio": null,
            "debt_ratio": null,
            "inventory_turnover_ratio": null,
            "account_receivable_turnover_ratio": null,
            "reinvestment_rate": null,
            "research_to_sale_ratio": null,
            "price_fair": 0,
            "eps_avg_yearly": 0,
            "eps_latest_yearly": 0,
            "eps_growth_yearly": 0
        },
        "20074": {
            "year_quarter": 20074,
            "year": 2007,
            "quarter": 4,
            "eps": null,
            "eps_growth_year": null,
            "eps_4q": null,
            "eps_4q_growth_year": null,
            "roe": null,
            "roe_4q": 0,
            "gross_profit": null,
            "gross_margin": null,
            "gross_margin_4q_avg": 0,
            "net_income": null,
            "net_income_4q": null,
            "revenue": null,
            "revenue_4q": null,
            "common_shares": null,
            "book_valuer_per_share": null,
            "book_valuer_per_share_4q_avg": 0,
            "equity": null,
            "current_ratio": null,
            "debt_ratio": null,
            "inventory_turnover_ratio": null,
            "account_receivable_turnover_ratio": null,
            "reinvestment_rate": null,
            "research_to_sale_ratio": null,
            "price_fair": 0,
            "eps_avg_yearly": 0,
            "eps_latest_yearly": 0,
            "eps_growth_yearly": 0
        },
        "20081": {
            "year_quarter": 20081,
            "year": 2008,
            "quarter": 1,
            "eps": null,
            "eps_growth_year": null,
            "eps_4q": null,
            "eps_4q_growth_year": null,
            "roe": null,
            "roe_4q": 0,
            "gross_profit": null,
            "gross_margin": null,
            "gross_margin_4q_avg": 0,
            "net_income": null,
            "net_income_4q": null,
            "revenue": null,
            "revenue_4q": null,
            "common_shares": null,
            "book_valuer_per_share": null,
            "book_valuer_per_share_4q_avg": 0,
            "equity": null,
            "current_ratio": null,
            "debt_ratio": null,
            "inventory_turnover_ratio": null,
            "account_receivable_turnover_ratio": null,
            "reinvestment_rate": null,
            "research_to_sale_ratio": null,
            "price_fair": 0,
            "eps_avg_yearly": 0,
            "eps_latest_yearly": 0,
            "eps_growth_yearly": 0
        },
        "20082": {
            "year_quarter": 20082,
            "year": 2008,
            "quarter": 2,
            "eps": null,
            "eps_growth_year": null,
            "eps_4q": null,
            "eps_4q_growth_year": null,
            "roe": null,
            "roe_4q": 0,
            "gross_profit": null,
            "gross_margin": null,
            "gross_margin_4q_avg": 0,
            "net_income": null,
            "net_income_4q": null,
            "revenue": null,
            "revenue_4q": null,
            "common_shares": null,
            "book_valuer_per_share": null,
            "book_valuer_per_share_4q_avg": 0,
            "equity": null,
            "current_ratio": null,
            "debt_ratio": null,
            "inventory_turnover_ratio": null,
            "account_receivable_turnover_ratio": null,
            "reinvestment_rate": null,
            "research_to_sale_ratio": null,
            "price_fair": 0,
            "eps_avg_yearly": 0,
            "eps_latest_yearly": 0,
            "eps_growth_yearly": 0
        },
        "20083": {
            "year_quarter": 20083,
            "year": 2008,
            "quarter": 3,
            "eps": null,
            "eps_growth_year": null,
            "eps_4q": null,
            "eps_4q_growth_year": null,
            "roe": null,
            "roe_4q": 0,
            "gross_profit": null,
            "gross_margin": null,
            "gross_margin_4q_avg": 0,
            "net_income": null,
            "net_income_4q": null,
            "revenue": null,
            "revenue_4q": null,
            "common_shares": null,
            "book_valuer_per_share": null,
            "book_valuer_per_share_4q_avg": 0,
            "equity": null,
            "current_ratio": null,
            "debt_ratio": null,
            "inventory_turnover_ratio": null,
            "account_receivable_turnover_ratio": null,
            "reinvestment_rate": null,
            "research_to_sale_ratio": null,
            "price_fair": 0,
            "eps_avg_yearly": 0,
            "eps_latest_yearly": 0,
            "eps_growth_yearly": 0
        },
        "20084": {
            "year_quarter": 20084,
            "year": 2008,
            "quarter": 4,
            "eps": null,
            "eps_growth_year": null,
            "eps_4q": null,
            "eps_4q_growth_year": null,
            "roe": null,
            "roe_4q": 0,
            "gross_profit": null,
            "gross_margin": null,
            "gross_margin_4q_avg": 0,
            "net_income": null,
            "net_income_4q": null,
            "revenue": null,
            "revenue_4q": null,
            "common_shares": null,
            "book_valuer_per_share": null,
            "book_valuer_per_share_4q_avg": 0,
            "equity": null,
            "current_ratio": null,
            "debt_ratio": null,
            "inventory_turnover_ratio": null,
            "account_receivable_turnover_ratio": null,
            "reinvestment_rate": null,
            "research_to_sale_ratio": null,
            "price_fair": 0,
            "eps_avg_yearly": 0,
            "eps_latest_yearly": 0,
            "eps_growth_yearly": 0
        },
        "20091": {
            "year_quarter": 20091,
            "year": 2009,
            "quarter": 1,
            "eps": null,
            "eps_growth_year": null,
            "eps_4q": null,
            "eps_4q_growth_year": null,
            "roe": null,
            "roe_4q": 0,
            "gross_profit": null,
            "gross_margin": null,
            "gross_margin_4q_avg": 0,
            "net_income": null,
            "net_income_4q": null,
            "revenue": null,
            "revenue_4q": null,
            "common_shares": null,
            "book_valuer_per_share": null,
            "book_valuer_per_share_4q_avg": 0,
            "equity": null,
            "current_ratio": null,
            "debt_ratio": null,
            "inventory_turnover_ratio": null,
            "account_receivable_turnover_ratio": null,
            "reinvestment_rate": null,
            "research_to_sale_ratio": null,
            "price_fair": 0,
            "eps_avg_yearly": 0,
            "eps_latest_yearly": 0,
            "eps_growth_yearly": 0
        },
        "20092": {
            "year_quarter": 20092,
            "year": 2009,
            "quarter": 2,
            "eps": null,
            "eps_growth_year": null,
            "eps_4q": null,
            "eps_4q_growth_year": null,
            "roe": null,
            "roe_4q": 0,
            "gross_profit": null,
            "gross_margin": null,
            "gross_margin_4q_avg": 0,
            "net_income": null,
            "net_income_4q": null,
            "revenue": null,
            "revenue_4q": null,
            "common_shares": null,
            "book_valuer_per_share": null,
            "book_valuer_per_share_4q_avg": 0,
            "equity": null,
            "current_ratio": null,
            "debt_ratio": null,
            "inventory_turnover_ratio": null,
            "account_receivable_turnover_ratio": null,
            "reinvestment_rate": null,
            "research_to_sale_ratio": null,
            "price_fair": 0,
            "eps_avg_yearly": 0,
            "eps_latest_yearly": 0,
            "eps_growth_yearly": 0
        },
        "20093": {
            "year_quarter": 20093,
            "year": 2009,
            "quarter": 3,
            "eps": null,
            "eps_growth_year": null,
            "eps_4q": null,
            "eps_4q_growth_year": null,
            "roe": null,
            "roe_4q": 0,
            "gross_profit": null,
            "gross_margin": null,
            "gross_margin_4q_avg": 0,
            "net_income": null,
            "net_income_4q": null,
            "revenue": null,
            "revenue_4q": null,
            "common_shares": null,
            "book_valuer_per_share": null,
            "book_valuer_per_share_4q_avg": 0,
            "equity": null,
            "current_ratio": null,
            "debt_ratio": null,
            "inventory_turnover_ratio": null,
            "account_receivable_turnover_ratio": null,
            "reinvestment_rate": null,
            "research_to_sale_ratio": null,
            "price_fair": 0,
            "eps_avg_yearly": 0,
            "eps_latest_yearly": 0,
            "eps_growth_yearly": 0
        },
        "20094": {
            "year_quarter": 20094,
            "year": 2009,
            "quarter": 4,
            "eps": null,
            "eps_growth_year": null,
            "eps_4q": null,
            "eps_4q_growth_year": null,
            "roe": null,
            "roe_4q": 0,
            "gross_profit": null,
            "gross_margin": null,
            "gross_margin_4q_avg": 0,
            "net_income": null,
            "net_income_4q": null,
            "revenue": null,
            "revenue_4q": null,
            "common_shares": null,
            "book_valuer_per_share": null,
            "book_valuer_per_share_4q_avg": 0,
            "equity": null,
            "current_ratio": null,
            "debt_ratio": null,
            "inventory_turnover_ratio": null,
            "account_receivable_turnover_ratio": null,
            "reinvestment_rate": null,
            "research_to_sale_ratio": null,
            "price_fair": 0,
            "eps_avg_yearly": 0,
            "eps_latest_yearly": 0,
            "eps_growth_yearly": 0
        },
        "20101": {
            "year_quarter": 20101,
            "year": 2010,
            "quarter": 1,
            "eps": null,
            "eps_growth_year": null,
            "eps_4q": null,
            "eps_4q_growth_year": null,
            "roe": null,
            "roe_4q": 0,
            "gross_profit": null,
            "gross_margin": null,
            "gross_margin_4q_avg": 0,
            "net_income": null,
            "net_income_4q": null,
            "revenue": null,
            "revenue_4q": null,
            "common_shares": null,
            "book_valuer_per_share": null,
            "book_valuer_per_share_4q_avg": 0,
            "equity": null,
            "current_ratio": null,
            "debt_ratio": null,
            "inventory_turnover_ratio": null,
            "account_receivable_turnover_ratio": null,
            "reinvestment_rate": null,
            "research_to_sale_ratio": null,
            "price_fair": 0,
            "eps_avg_yearly": 0,
            "eps_latest_yearly": 0,
            "eps_growth_yearly": 0
        },
        "20102": {
            "year_quarter": 20102,
            "year": 2010,
            "quarter": 2,
            "eps": null,
            "eps_growth_year": null,
            "eps_4q": null,
            "eps_4q_growth_year": null,
            "roe": null,
            "roe_4q": 0,
            "gross_profit": null,
            "gross_margin": null,
            "gross_margin_4q_avg": 0,
            "net_income": null,
            "net_income_4q": null,
            "revenue": null,
            "revenue_4q": null,
            "common_shares": null,
            "book_valuer_per_share": null,
            "book_valuer_per_share_4q_avg": 0,
            "equity": null,
            "current_ratio": null,
            "debt_ratio": null,
            "inventory_turnover_ratio": null,
            "account_receivable_turnover_ratio": null,
            "reinvestment_rate": null,
            "research_to_sale_ratio": null,
            "price_fair": 0,
            "eps_avg_yearly": 0,
            "eps_latest_yearly": 0,
            "eps_growth_yearly": 0
        },
        "20103": {
            "year_quarter": 20103,
            "year": 2010,
            "quarter": 3,
            "eps": null,
            "eps_growth_year": null,
            "eps_4q": null,
            "eps_4q_growth_year": null,
            "roe": null,
            "roe_4q": 0,
            "gross_profit": null,
            "gross_margin": null,
            "gross_margin_4q_avg": 0,
            "net_income": null,
            "net_income_4q": null,
            "revenue": null,
            "revenue_4q": null,
            "common_shares": null,
            "book_valuer_per_share": null,
            "book_valuer_per_share_4q_avg": 0,
            "equity": null,
            "current_ratio": null,
            "debt_ratio": null,
            "inventory_turnover_ratio": null,
            "account_receivable_turnover_ratio": null,
            "reinvestment_rate": null,
            "research_to_sale_ratio": null,
            "price_fair": 0,
            "eps_avg_yearly": 0,
            "eps_latest_yearly": 0,
            "eps_growth_yearly": 0
        },
        "20104": {
            "year_quarter": 20104,
            "year": 2010,
            "quarter": 4,
            "eps": null,
            "eps_growth_year": null,
            "eps_4q": null,
            "eps_4q_growth_year": null,
            "roe": null,
            "roe_4q": 0,
            "gross_profit": null,
            "gross_margin": null,
            "gross_margin_4q_avg": 0,
            "net_income": null,
            "net_income_4q": null,
            "revenue": null,
            "revenue_4q": null,
            "common_shares": 11244,
            "book_valuer_per_share": 925.58,
            "book_valuer_per_share_4q_avg": 231.4,
            "equity": 1040725,
            "current_ratio": 121.79,
            "debt_ratio": 66.54,
            "inventory_turnover_ratio": null,
            "account_receivable_turnover_ratio": null,
            "reinvestment_rate": null,
            "research_to_sale_ratio": null,
            "price_fair": 0,
            "eps_avg_yearly": 0,
            "eps_latest_yearly": 0,
            "eps_growth_yearly": 0
        },
        "20111": {
            "year_quarter": 20111,
            "year": 2011,
            "quarter": 1,
            "eps": null,
            "eps_growth_year": null,
            "eps_4q": null,
            "eps_4q_growth_year": null,
            "roe": null,
            "roe_4q": 0,
            "gross_profit": 70826,
            "gross_margin": null,
            "gross_margin_4q_avg": 0,
            "net_income": 10704,
            "net_income_4q": null,
            "revenue": 924847,
            "revenue_4q": null,
            "common_shares": 11331,
            "book_valuer_per_share": 979.62,
            "book_valuer_per_share_4q_avg": 476.3,
            "equity": 1110011,
            "current_ratio": 140.97,
            "debt_ratio": 57.56,
            "inventory_turnover_ratio": null,
            "account_receivable_turnover_ratio": null,
            "reinvestment_rate": null,
            "research_to_sale_ratio": null,
            "price_fair": 0,
            "eps_avg_yearly": 0,
            "eps_latest_yearly": 0,
            "eps_growth_yearly": 0
        },
        "20112": {
            "year_quarter": 20112,
            "year": 2011,
            "quarter": 2,
            "eps": null,
            "eps_growth_year": null,
            "eps_4q": null,
            "eps_4q_growth_year": null,
            "roe": null,
            "roe_4q": 0,
            "gross_profit": 145022,
            "gross_margin": null,
            "gross_margin_4q_avg": 0,
            "net_income": 61939,
            "net_income_4q": null,
            "revenue": 1159355,
            "revenue_4q": null,
            "common_shares": null,
            "book_valuer_per_share": null,
            "book_valuer_per_share_4q_avg": 476.3,
            "equity": null,
            "current_ratio": null,
            "debt_ratio": null,
            "inventory_turnover_ratio": null,
            "account_receivable_turnover_ratio": null,
            "reinvestment_rate": null,
            "research_to_sale_ratio": null,
            "price_fair": 0,
            "eps_avg_yearly": 0,
            "eps_latest_yearly": 0,
            "eps_growth_yearly": 0
        },
        "20113": {
            "year_quarter": 20113,
            "year": 2011,
            "quarter": 3,
            "eps": null,
            "eps_growth_year": null,
            "eps_4q": null,
            "eps_4q_growth_year": null,
            "roe": null,
            "roe_4q": 0,
            "gross_profit": 71833,
            "gross_margin": null,
            "gross_margin_4q_avg": 0,
            "net_income": 60260,
            "net_income_4q": null,
            "revenue": 549414,
            "revenue_4q": null,
            "common_shares": 540000,
            "book_valuer_per_share": 24.3,
            "book_valuer_per_share_4q_avg": 482.38,
            "equity": 1312272,
            "current_ratio": 147.05,
            "debt_ratio": 55.78,
            "inventory_turnover_ratio": null,
            "account_receivable_turnover_ratio": null,
            "reinvestment_rate": null,
            "research_to_sale_ratio": null,
            "price_fair": 0,
            "eps_avg_yearly": 0,
            "eps_latest_yearly": 0,
            "eps_growth_yearly": 0
        },
        "20114": {
            "year_quarter": 20114,
            "year": 2011,
            "quarter": 4,
            "eps": null,
            "eps_growth_year": null,
            "eps_4q": null,
            "eps_4q_growth_year": null,
            "roe": null,
            "roe_4q": 0,
            "gross_profit": 193202,
            "gross_margin": null,
            "gross_margin_4q_avg": 0,
            "net_income": 29899,
            "net_income_4q": null,
            "revenue": 2170693,
            "revenue_4q": null,
            "common_shares": 540000,
            "book_valuer_per_share": 23.24,
            "book_valuer_per_share_4q_avg": 256.79,
            "equity": 1254821,
            "current_ratio": 151.42,
            "debt_ratio": 52.04,
            "inventory_turnover_ratio": null,
            "account_receivable_turnover_ratio": null,
            "reinvestment_rate": null,
            "research_to_sale_ratio": null,
            "price_fair": 0,
            "eps_avg_yearly": 0,
            "eps_latest_yearly": 0,
            "eps_growth_yearly": 0
        },
        "20121": {
            "year_quarter": 20121,
            "year": 2012,
            "quarter": 1,
            "eps": null,
            "eps_growth_year": null,
            "eps_4q": null,
            "eps_4q_growth_year": null,
            "roe": null,
            "roe_4q": 0,
            "gross_profit": 136805,
            "gross_margin": null,
            "gross_margin_4q_avg": 0,
            "net_income": 56552,
            "net_income_4q": null,
            "revenue": 1053188,
            "revenue_4q": null,
            "common_shares": 540000,
            "book_valuer_per_share": 23.02,
            "book_valuer_per_share_4q_avg": 17.64,
            "equity": 1243071,
            "current_ratio": 168.6,
            "debt_ratio": 45.43,
            "inventory_turnover_ratio": null,
            "account_receivable_turnover_ratio": null,
            "reinvestment_rate": null,
            "research_to_sale_ratio": null,
            "price_fair": 0,
            "eps_avg_yearly": 0,
            "eps_latest_yearly": 0,
            "eps_growth_yearly": 0
        },
        "20122": {
            "year_quarter": 20122,
            "year": 2012,
            "quarter": 2,
            "eps": 1.03,
            "eps_growth_year": null,
            "eps_4q": 1.03,
            "eps_4q_growth_year": null,
            "roe": 4.36,
            "roe_4q": 4.36,
            "gross_profit": 133980,
            "gross_margin": 13.9,
            "gross_margin_4q_avg": 3.48,
            "net_income": 55838,
            "net_income_4q": null,
            "revenue": 964047,
            "revenue_4q": null,
            "common_shares": 540000,
            "book_valuer_per_share": 24.37,
            "book_valuer_per_share_4q_avg": 23.73,
            "equity": 1316064,
            "current_ratio": 177.31,
            "debt_ratio": 43.28,
            "inventory_turnover_ratio": 2.76,
            "account_receivable_turnover_ratio": 2.1,
            "reinvestment_rate": null,
            "research_to_sale_ratio": null,
            "price_fair": 0,
            "eps_avg_yearly": 0,
            "eps_latest_yearly": 0,
            "eps_growth_yearly": 0
        },
        "20123": {
            "year_quarter": 20123,
            "year": 2012,
            "quarter": 3,
            "eps": 2.07,
            "eps_growth_year": null,
            "eps_4q": 3.11,
            "eps_4q_growth_year": null,
            "roe": 8.24,
            "roe_4q": 12.600000000000001,
            "gross_profit": 209428,
            "gross_margin": 15.58,
            "gross_margin_4q_avg": 7.37,
            "net_income": 111958,
            "net_income_4q": null,
            "revenue": 1344318,
            "revenue_4q": null,
            "common_shares": 540000,
            "book_valuer_per_share": 25.92,
            "book_valuer_per_share_4q_avg": 24.14,
            "equity": 1399715,
            "current_ratio": 174.05,
            "debt_ratio": 45.44,
            "inventory_turnover_ratio": 3.85,
            "account_receivable_turnover_ratio": 1.23,
            "reinvestment_rate": null,
            "research_to_sale_ratio": null,
            "price_fair": 289.8,
            "eps_avg_yearly": 8.28,
            "eps_latest_yearly": 8.28,
            "eps_growth_yearly": 403.88
        },
        "20124": {
            "year_quarter": 20124,
            "year": 2012,
            "quarter": 4,
            "eps": 1.18,
            "eps_growth_year": null,
            "eps_4q": 3.94,
            "eps_4q_growth_year": null,
            "roe": 4.4,
            "roe_4q": 17,
            "gross_profit": 196461,
            "gross_margin": 18.65,
            "gross_margin_4q_avg": 12.03,
            "net_income": 71423,
            "net_income_4q": null,
            "revenue": 1053638,
            "revenue_4q": null,
            "common_shares": 607500,
            "book_valuer_per_share": 30.42,
            "book_valuer_per_share_4q_avg": 25.93,
            "equity": 1847970,
            "current_ratio": 223.85,
            "debt_ratio": 36.41,
            "inventory_turnover_ratio": 3,
            "account_receivable_turnover_ratio": 0.91,
            "reinvestment_rate": null,
            "research_to_sale_ratio": null,
            "price_fair": 227.5,
            "eps_avg_yearly": 6.5,
            "eps_latest_yearly": 4.72,
            "eps_growth_yearly": 115.95
        },
        "20131": {
            "year_quarter": 20131,
            "year": 2013,
            "quarter": 1,
            "eps": 1.13,
            "eps_growth_year": null,
            "eps_4q": 5.07,
            "eps_4q_growth_year": null,
            "roe": 3.73,
            "roe_4q": 20.73,
            "gross_profit": 168081,
            "gross_margin": 14.55,
            "gross_margin_4q_avg": 15.67,
            "net_income": 68575,
            "net_income_4q": null,
            "revenue": 1154898,
            "revenue_4q": null,
            "common_shares": 607500,
            "book_valuer_per_share": 30.11,
            "book_valuer_per_share_4q_avg": 27.71,
            "equity": 1829000,
            "current_ratio": 222.44,
            "debt_ratio": 37.77,
            "inventory_turnover_ratio": 3.11,
            "account_receivable_turnover_ratio": 1.05,
            "reinvestment_rate": null,
            "research_to_sale_ratio": null,
            "price_fair": 204.4,
            "eps_avg_yearly": 5.84,
            "eps_latest_yearly": 4.52,
            "eps_growth_yearly": 71.65
        },
        "20132": {
            "year_quarter": 20132,
            "year": 2013,
            "quarter": 2,
            "eps": 1.58,
            "eps_growth_year": 52.8,
            "eps_4q": 5.72,
            "eps_4q_growth_year": 453.61,
            "roe": 5.53,
            "roe_4q": 21.9,
            "gross_profit": 225619,
            "gross_margin": 15.32,
            "gross_margin_4q_avg": 16.03,
            "net_income": 95812,
            "net_income_4q": null,
            "revenue": 1472703,
            "revenue_4q": null,
            "common_shares": 607500,
            "book_valuer_per_share": 26.97,
            "book_valuer_per_share_4q_avg": 28.36,
            "equity": 1638728,
            "current_ratio": 169.21,
            "debt_ratio": 50.19,
            "inventory_turnover_ratio": 3.6,
            "account_receivable_turnover_ratio": 1.16,
            "reinvestment_rate": null,
            "research_to_sale_ratio": null,
            "price_fair": 208.6,
            "eps_avg_yearly": 5.96,
            "eps_latest_yearly": 6.32,
            "eps_growth_yearly": 93.56
        },
        "20133": {
            "year_quarter": 20133,
            "year": 2013,
            "quarter": 3,
            "eps": 2.04,
            "eps_growth_year": -1.61,
            "eps_4q": 5.92,
            "eps_4q_growth_year": 90.6,
            "roe": 7.33,
            "roe_4q": 20.990000000000002,
            "gross_profit": 251162,
            "gross_margin": 16.13,
            "gross_margin_4q_avg": 16.16,
            "net_income": 123991,
            "net_income_4q": null,
            "revenue": 1557347,
            "revenue_4q": null,
            "common_shares": 607500,
            "book_valuer_per_share": 28.69,
            "book_valuer_per_share_4q_avg": 29.05,
            "equity": 1743190,
            "current_ratio": 188.82,
            "debt_ratio": 44.31,
            "inventory_turnover_ratio": 3.82,
            "account_receivable_turnover_ratio": 1.14,
            "reinvestment_rate": null,
            "research_to_sale_ratio": null,
            "price_fair": 224,
            "eps_avg_yearly": 6.4,
            "eps_latest_yearly": 8.16,
            "eps_growth_yearly": 98.14
        },
        "20134": {
            "year_quarter": 20134,
            "year": 2013,
            "quarter": 4,
            "eps": 0.67,
            "eps_growth_year": -43.3,
            "eps_4q": 5.41,
            "eps_4q_growth_year": 37.48,
            "roe": 2.28,
            "roe_4q": 18.87,
            "gross_profit": 146067,
            "gross_margin": 14.12,
            "gross_margin_4q_avg": 15.03,
            "net_income": 40498,
            "net_income_4q": null,
            "revenue": 1034431,
            "revenue_4q": null,
            "common_shares": 607500,
            "book_valuer_per_share": 29.85,
            "book_valuer_per_share_4q_avg": 28.91,
            "equity": 1813638,
            "current_ratio": 245.43,
            "debt_ratio": 32.93,
            "inventory_turnover_ratio": 2.88,
            "account_receivable_turnover_ratio": 0.94,
            "reinvestment_rate": null,
            "research_to_sale_ratio": null,
            "price_fair": 202.3,
            "eps_avg_yearly": 5.78,
            "eps_latest_yearly": 2.68,
            "eps_growth_yearly": 37.01
        },
        "20141": {
            "year_quarter": 20141,
            "year": 2014,
            "quarter": 1,
            "eps": 0.12,
            "eps_growth_year": -89.38,
            "eps_4q": 4.41,
            "eps_4q_growth_year": -12.98,
            "roe": 0.41,
            "roe_4q": 15.55,
            "gross_profit": 149691,
            "gross_margin": 13.98,
            "gross_margin_4q_avg": 14.89,
            "net_income": 7551,
            "net_income_4q": null,
            "revenue": 1070843,
            "revenue_4q": null,
            "common_shares": 607500,
            "book_valuer_per_share": 30.29,
            "book_valuer_per_share_4q_avg": 28.95,
            "equity": 1840222,
            "current_ratio": 237.27,
            "debt_ratio": 34.43,
            "inventory_turnover_ratio": 3.03,
            "account_receivable_turnover_ratio": 1.2,
            "reinvestment_rate": null,
            "research_to_sale_ratio": null,
            "price_fair": 15.07,
            "eps_avg_yearly": 5.02,
            "eps_latest_yearly": 0.48,
            "eps_growth_yearly": -15.18
        },
        "20142": {
            "year_quarter": 20142,
            "year": 2014,
            "quarter": 2,
            "eps": 1.35,
            "eps_growth_year": -14.56,
            "eps_4q": 4.18,
            "eps_4q_growth_year": -26.97,
            "roe": 4.78,
            "roe_4q": 14.8,
            "gross_profit": 216464,
            "gross_margin": 15.24,
            "gross_margin_4q_avg": 14.87,
            "net_income": 81923,
            "net_income_4q": null,
            "revenue": 1420344,
            "revenue_4q": null,
            "common_shares": 607500,
            "book_valuer_per_share": 26.14,
            "book_valuer_per_share_4q_avg": 28.74,
            "equity": 1588294,
            "current_ratio": 181.45,
            "debt_ratio": 43.22,
            "inventory_turnover_ratio": 3.38,
            "account_receivable_turnover_ratio": 1.41,
            "reinvestment_rate": null,
            "research_to_sale_ratio": null,
            "price_fair": 177.45,
            "eps_avg_yearly": 5.07,
            "eps_latest_yearly": 5.4,
            "eps_growth_yearly": 499.21
        },
        "20143": {
            "year_quarter": 20143,
            "year": 2014,
            "quarter": 3,
            "eps": 2.06,
            "eps_growth_year": 0.98,
            "eps_4q": 4.19,
            "eps_4q_growth_year": -29.18,
            "roe": 7.54,
            "roe_4q": 15.01,
            "gross_profit": 277015,
            "gross_margin": 16.03,
            "gross_margin_4q_avg": 14.84,
            "net_income": 124850,
            "net_income_4q": null,
            "revenue": 1728140,
            "revenue_4q": null,
            "common_shares": 607500,
            "book_valuer_per_share": 28.34,
            "book_valuer_per_share_4q_avg": 28.66,
            "equity": 1721593,
            "current_ratio": 171.97,
            "debt_ratio": 46.63,
            "inventory_turnover_ratio": 3.68,
            "account_receivable_turnover_ratio": 1.39,
            "reinvestment_rate": null,
            "research_to_sale_ratio": null,
            "price_fair": 189.78,
            "eps_avg_yearly": 5.42,
            "eps_latest_yearly": 8.24,
            "eps_growth_yearly": 467.12
        },
        "20144": {
            "year_quarter": 20144,
            "year": 2014,
            "quarter": 4,
            "eps": 0.83,
            "eps_growth_year": 24.27,
            "eps_4q": 4.36,
            "eps_4q_growth_year": -19.53,
            "roe": 2.82,
            "roe_4q": 15.55,
            "gross_profit": 259339,
            "gross_margin": 17.69,
            "gross_margin_4q_avg": 15.74,
            "net_income": 50328,
            "net_income_4q": null,
            "revenue": 1466020,
            "revenue_4q": null,
            "common_shares": 607500,
            "book_valuer_per_share": 30.35,
            "book_valuer_per_share_4q_avg": 28.78,
            "equity": 1843625,
            "current_ratio": 187.87,
            "debt_ratio": 42.69,
            "inventory_turnover_ratio": 3.24,
            "account_receivable_turnover_ratio": 1.12,
            "reinvestment_rate": 3.39,
            "research_to_sale_ratio": null,
            "price_fair": 182.42,
            "eps_avg_yearly": 5.21,
            "eps_latest_yearly": 3.32,
            "eps_growth_yearly": 396.53
        },
        "20151": {
            "year_quarter": 20151,
            "year": 2015,
            "quarter": 1,
            "eps": 0.92,
            "eps_growth_year": 666.67,
            "eps_4q": 5.18,
            "eps_4q_growth_year": 17.57,
            "roe": 3.04,
            "roe_4q": 18.18,
            "gross_profit": 276838,
            "gross_margin": 13.4,
            "gross_margin_4q_avg": 15.59,
            "net_income": 55471,
            "net_income_4q": null,
            "revenue": 2066042,
            "revenue_4q": null,
            "common_shares": 607500,
            "book_valuer_per_share": 30.02,
            "book_valuer_per_share_4q_avg": 28.71,
            "equity": 1809956,
            "current_ratio": 118.67,
            "debt_ratio": 67.41,
            "inventory_turnover_ratio": 3.29,
            "account_receivable_turnover_ratio": 1.39,
            "reinvestment_rate": 61.27,
            "research_to_sale_ratio": null,
            "price_fair": 177.55,
            "eps_avg_yearly": 5.07,
            "eps_latest_yearly": 3.68,
            "eps_growth_yearly": 364.42
        },
        "20152": {
            "year_quarter": 20152,
            "year": 2015,
            "quarter": 2,
            "eps": 0.18,
            "eps_growth_year": -86.67,
            "eps_4q": 3.99,
            "eps_4q_growth_year": -4.58,
            "roe": 0.65,
            "roe_4q": 14.05,
            "gross_profit": 256536,
            "gross_margin": 14.1,
            "gross_margin_4q_avg": 15.31,
            "net_income": 10868,
            "net_income_4q": null,
            "revenue": 1818878,
            "revenue_4q": null,
            "common_shares": 610020,
            "book_valuer_per_share": 24.93,
            "book_valuer_per_share_4q_avg": 28.41,
            "equity": 1509535,
            "current_ratio": 109.24,
            "debt_ratio": 69.66,
            "inventory_turnover_ratio": 2.16,
            "account_receivable_turnover_ratio": 1.08,
            "reinvestment_rate": 116.29,
            "research_to_sale_ratio": null,
            "price_fair": 164.85,
            "eps_avg_yearly": 4.71,
            "eps_latest_yearly": 0.72,
            "eps_growth_yearly": 307.24
        },
        "20153": {
            "year_quarter": 20153,
            "year": 2015,
            "quarter": 3,
            "eps": 2.19,
            "eps_growth_year": 6.31,
            "eps_4q": 4.12,
            "eps_4q_growth_year": -1.82,
            "roe": 8.29,
            "roe_4q": 14.8,
            "gross_profit": 401433,
            "gross_margin": 16.88,
            "gross_margin_4q_avg": 15.52,
            "net_income": 132678,
            "net_income_4q": null,
            "revenue": 2378692,
            "revenue_4q": null,
            "common_shares": 610020,
            "book_valuer_per_share": 27.93,
            "book_valuer_per_share_4q_avg": 28.31,
            "equity": 1691141,
            "current_ratio": 114.57,
            "debt_ratio": 70.37,
            "inventory_turnover_ratio": 2.56,
            "account_receivable_turnover_ratio": 1.33,
            "reinvestment_rate": 67.81,
            "research_to_sale_ratio": null,
            "price_fair": 175.75,
            "eps_avg_yearly": 5.02,
            "eps_latest_yearly": 8.76,
            "eps_growth_yearly": 627.2
        },
        "20154": {
            "year_quarter": 20154,
            "year": 2015,
            "quarter": 4,
            "eps": 0.93,
            "eps_growth_year": 12.15,
            "eps_4q": 4.22,
            "eps_4q_growth_year": -3.22,
            "roe": 3.35,
            "roe_4q": 15.329999999999998,
            "gross_profit": 298005,
            "gross_margin": 15.66,
            "gross_margin_4q_avg": 15.01,
            "net_income": 56257,
            "net_income_4q": null,
            "revenue": 1902862,
            "revenue_4q": null,
            "common_shares": 610020,
            "book_valuer_per_share": 27.56,
            "book_valuer_per_share_4q_avg": 27.61,
            "equity": 1668549,
            "current_ratio": 112.45,
            "debt_ratio": 65.91,
            "inventory_turnover_ratio": 2.23,
            "account_receivable_turnover_ratio": 1.09,
            "reinvestment_rate": 63.9,
            "research_to_sale_ratio": null,
            "price_fair": 172.5,
            "eps_avg_yearly": 4.93,
            "eps_latest_yearly": 3.72,
            "eps_growth_yearly": 565.96
        },
        "20161": {
            "year_quarter": 20161,
            "year": 2016,
            "quarter": 1,
            "eps": 0.22,
            "eps_growth_year": -76.09,
            "eps_4q": 3.52,
            "eps_4q_growth_year": -32.03,
            "roe": 0.81,
            "roe_4q": 13.1,
            "gross_profit": 188614,
            "gross_margin": 13.21,
            "gross_margin_4q_avg": 14.96,
            "net_income": 13549,
            "net_income_4q": null,
            "revenue": 1427857,
            "revenue_4q": null,
            "common_shares": 610020,
            "book_valuer_per_share": 27.51,
            "book_valuer_per_share_4q_avg": 26.98,
            "equity": 1665829,
            "current_ratio": 111.41,
            "debt_ratio": 63.73,
            "inventory_turnover_ratio": 2.16,
            "account_receivable_turnover_ratio": 1.06,
            "reinvestment_rate": 62.68,
            "research_to_sale_ratio": null,
            "price_fair": 163.05,
            "eps_avg_yearly": 4.66,
            "eps_latest_yearly": 0.88,
            "eps_growth_yearly": 507.87
        },
        "20162": {
            "year_quarter": 20162,
            "year": 2016,
            "quarter": 2,
            "eps": -0.2,
            "eps_growth_year": -211.11,
            "eps_4q": 3.16,
            "eps_4q_growth_year": -20.87,
            "roe": -0.8,
            "roe_4q": 11.649999999999999,
            "gross_profit": 167397,
            "gross_margin": 13.81,
            "gross_margin_4q_avg": 14.89,
            "net_income": -12310,
            "net_income_4q": null,
            "revenue": 1211760,
            "revenue_4q": null,
            "common_shares": 610020,
            "book_valuer_per_share": 23.65,
            "book_valuer_per_share_4q_avg": 26.66,
            "equity": 1424701,
            "current_ratio": 105.1,
            "debt_ratio": 64.99,
            "inventory_turnover_ratio": 1.89,
            "account_receivable_turnover_ratio": 1.15,
            "reinvestment_rate": 60.77,
            "research_to_sale_ratio": null,
            "price_fair": 163.05,
            "eps_avg_yearly": 4.66,
            "eps_latest_yearly": 0.88,
            "eps_growth_yearly": 507.87
        },
        "20163": {
            "year_quarter": 20163,
            "year": 2016,
            "quarter": 3,
            "eps": 1.54,
            "eps_growth_year": -29.68,
            "eps_4q": 2.5,
            "eps_4q_growth_year": -39.38,
            "roe": 6.43,
            "roe_4q": 9.79,
            "gross_profit": 347173,
            "gross_margin": 16.55,
            "gross_margin_4q_avg": 14.81,
            "net_income": 92900,
            "net_income_4q": null,
            "revenue": 2098267,
            "revenue_4q": null,
            "common_shares": 610020,
            "book_valuer_per_share": 24.34,
            "book_valuer_per_share_4q_avg": 25.77,
            "equity": 1466325,
            "current_ratio": 106.2,
            "debt_ratio": 69.55,
            "inventory_turnover_ratio": 2.89,
            "account_receivable_turnover_ratio": 1.71,
            "reinvestment_rate": 55.02,
            "research_to_sale_ratio": null,
            "price_fair": 154,
            "eps_avg_yearly": 4.4,
            "eps_latest_yearly": 0.88,
            "eps_growth_yearly": 515.3
        },
        "20164": {
            "year_quarter": 20164,
            "year": 2016,
            "quarter": 4,
            "eps": 0.66,
            "eps_growth_year": -29.5,
            "eps_4q": 2.2,
            "eps_4q_growth_year": -47.71,
            "roe": 2.72,
            "roe_4q": 9.16,
            "gross_profit": 302560,
            "gross_margin": 17.48,
            "gross_margin_4q_avg": 15.26,
            "net_income": 39793,
            "net_income_4q": null,
            "revenue": 1731159,
            "revenue_4q": null,
            "common_shares": 615020,
            "book_valuer_per_share": 24.06,
            "book_valuer_per_share_4q_avg": 24.89,
            "equity": 1461681,
            "current_ratio": 108.69,
            "debt_ratio": 65.43,
            "inventory_turnover_ratio": 2.44,
            "account_receivable_turnover_ratio": 1.29,
            "reinvestment_rate": 48.74,
            "research_to_sale_ratio": null,
            "price_fair": 148.8,
            "eps_avg_yearly": 4.25,
            "eps_latest_yearly": 2.64,
            "eps_growth_yearly": 511.25
        },
        "20171": {
            "year_quarter": 20171,
            "year": 2017,
            "quarter": 1,
            "eps": 0.15,
            "eps_growth_year": -31.82,
            "eps_4q": 2.13,
            "eps_4q_growth_year": -39.53,
            "roe": 0.63,
            "roe_4q": 8.979999999999999,
            "gross_profit": 177907,
            "gross_margin": 11.76,
            "gross_margin_4q_avg": 14.9,
            "net_income": 9053,
            "net_income_4q": null,
            "revenue": 1513150,
            "revenue_4q": null,
            "common_shares": 615020,
            "book_valuer_per_share": 23.02,
            "book_valuer_per_share_4q_avg": 23.77,
            "equity": 1398670,
            "current_ratio": 109.49,
            "debt_ratio": 66.84,
            "inventory_turnover_ratio": 2.42,
            "account_receivable_turnover_ratio": 1.28,
            "reinvestment_rate": 59.12,
            "research_to_sale_ratio": null,
            "price_fair": 139,
            "eps_avg_yearly": 3.97,
            "eps_latest_yearly": 0.6,
            "eps_growth_yearly": 490.39
        },
        "20172": {
            "year_quarter": 20172,
            "year": 2017,
            "quarter": 2,
            "eps": -0.7,
            "eps_growth_year": null,
            "eps_4q": 1.64,
            "eps_4q_growth_year": -48.15,
            "roe": -3.11,
            "roe_4q": 6.67,
            "gross_profit": 189956,
            "gross_margin": 11.1,
            "gross_margin_4q_avg": 14.22,
            "net_income": -42325,
            "net_income_4q": null,
            "revenue": 1711406,
            "revenue_4q": null,
            "common_shares": 614980,
            "book_valuer_per_share": 21.8,
            "book_valuer_per_share_4q_avg": 23.31,
            "equity": 1323990,
            "current_ratio": 106.79,
            "debt_ratio": 67.9,
            "inventory_turnover_ratio": 2.4,
            "account_receivable_turnover_ratio": 1.41,
            "reinvestment_rate": 64.1,
            "research_to_sale_ratio": null,
            "price_fair": 132.68,
            "eps_avg_yearly": 3.79,
            "eps_latest_yearly": 0.6,
            "eps_growth_yearly": 515.86
        },
        "20173": {
            "year_quarter": 20173,
            "year": 2017,
            "quarter": 3,
            "eps": 0.97,
            "eps_growth_year": -37.01,
            "eps_4q": 1.08,
            "eps_4q_growth_year": -56.78,
            "roe": 4.28,
            "roe_4q": 4.5200000000000005,
            "gross_profit": 264226,
            "gross_margin": 11.42,
            "gross_margin_4q_avg": 12.94,
            "net_income": 59010,
            "net_income_4q": null,
            "revenue": 2313688,
            "revenue_4q": null,
            "common_shares": 614940,
            "book_valuer_per_share": 23.64,
            "book_valuer_per_share_4q_avg": 23.13,
            "equity": 1435763,
            "current_ratio": 108.14,
            "debt_ratio": 71.56,
            "inventory_turnover_ratio": 2.66,
            "account_receivable_turnover_ratio": 1.51,
            "reinvestment_rate": 65.35,
            "research_to_sale_ratio": null,
            "price_fair": 119.93,
            "eps_avg_yearly": 3.43,
            "eps_latest_yearly": 0.6,
            "eps_growth_yearly": 549.14
        },
        "20174": {
            "year_quarter": 20174,
            "year": 2017,
            "quarter": 4,
            "eps": 1.62,
            "eps_growth_year": 147.33,
            "eps_4q": 2.04,
            "eps_4q_growth_year": -7.45,
            "roe": 6.69,
            "roe_4q": 8.490000000000002,
            "gross_profit": 225002,
            "gross_margin": 10.44,
            "gross_margin_4q_avg": 11.18,
            "net_income": 99206,
            "net_income_4q": null,
            "revenue": 2156029,
            "revenue_4q": null,
            "common_shares": 619860,
            "book_valuer_per_share": 25.02,
            "book_valuer_per_share_4q_avg": 23.37,
            "equity": 1532049,
            "current_ratio": 113.68,
            "debt_ratio": 67.34,
            "inventory_turnover_ratio": 2.55,
            "account_receivable_turnover_ratio": 1.21,
            "reinvestment_rate": 53.61,
            "research_to_sale_ratio": null,
            "price_fair": 131.02,
            "eps_avg_yearly": 3.74,
            "eps_latest_yearly": 6.48,
            "eps_growth_yearly": 593.86
        },
        "20181": {
            "year_quarter": 20181,
            "year": 2018,
            "quarter": 1,
            "eps": -1.27,
            "eps_growth_year": -946.67,
            "eps_4q": 0.62,
            "eps_4q_growth_year": -70.7,
            "roe": -5.1,
            "roe_4q": 2.760000000000001,
            "gross_profit": 151682,
            "gross_margin": 8.51,
            "gross_margin_4q_avg": 10.37,
            "net_income": -77682,
            "net_income_4q": null,
            "revenue": 1783255,
            "revenue_4q": null,
            "common_shares": 619670,
            "book_valuer_per_share": 24.76,
            "book_valuer_per_share_4q_avg": 23.81,
            "equity": 1515652,
            "current_ratio": 112.51,
            "debt_ratio": 67.27,
            "inventory_turnover_ratio": 2.27,
            "account_receivable_turnover_ratio": 1.09,
            "reinvestment_rate": 55.16,
            "research_to_sale_ratio": null,
            "price_fair": 141.4,
            "eps_avg_yearly": 4.04,
            "eps_latest_yearly": 6.48,
            "eps_growth_yearly": 677.7
        },
        "20182": {
            "year_quarter": 20182,
            "year": 2018,
            "quarter": 2,
            "eps": -0.12,
            "eps_growth_year": null,
            "eps_4q": 1.19,
            "eps_4q_growth_year": -27.14,
            "roe": -0.51,
            "roe_4q": 5.360000000000001,
            "gross_profit": 226525,
            "gross_margin": 10.42,
            "gross_margin_4q_avg": 10.2,
            "net_income": -7539,
            "net_income_4q": null,
            "revenue": 2174894,
            "revenue_4q": null,
            "common_shares": 619610,
            "book_valuer_per_share": 23.64,
            "book_valuer_per_share_4q_avg": 24.27,
            "equity": 1446691,
            "current_ratio": 108.84,
            "debt_ratio": 70.97,
            "inventory_turnover_ratio": 2.4,
            "account_receivable_turnover_ratio": 1.3,
            "reinvestment_rate": 62.09,
            "research_to_sale_ratio": null,
            "price_fair": 136.64,
            "eps_avg_yearly": 3.9,
            "eps_latest_yearly": 6.48,
            "eps_growth_yearly": 335.47
        },
        "20183": {
            "year_quarter": 20183,
            "year": 2018,
            "quarter": 3,
            "eps": 3.54,
            "eps_growth_year": 264.95,
            "eps_4q": 3.77,
            "eps_4q_growth_year": 249.44,
            "roe": 14.18,
            "roe_4q": 15.260000000000002,
            "gross_profit": 439794,
            "gross_margin": 15.19,
            "gross_margin_4q_avg": 11.14,
            "net_income": 216657,
            "net_income_4q": null,
            "revenue": 2896085,
            "revenue_4q": null,
            "common_shares": 619320,
            "book_valuer_per_share": 26.3,
            "book_valuer_per_share_4q_avg": 24.93,
            "equity": 1609176,
            "current_ratio": 113.14,
            "debt_ratio": 70.81,
            "inventory_turnover_ratio": 3.17,
            "account_receivable_turnover_ratio": 1.34,
            "reinvestment_rate": 43.55,
            "research_to_sale_ratio": null,
            "price_fair": 119.78,
            "eps_avg_yearly": 3.42,
            "eps_latest_yearly": 6.48,
            "eps_growth_yearly": 349.37
        },
        "20184": {
            "year_quarter": 20184,
            "year": 2018,
            "quarter": 4,
            "eps": 1.9,
            "eps_growth_year": 17.35,
            "eps_4q": 4.05,
            "eps_4q_growth_year": 98.51,
            "roe": 7.04,
            "roe_4q": 15.609999999999998,
            "gross_profit": 363674,
            "gross_margin": 15.41,
            "gross_margin_4q_avg": 12.38,
            "net_income": 116271,
            "net_income_4q": null,
            "revenue": 2359521,
            "revenue_4q": null,
            "common_shares": 616060,
            "book_valuer_per_share": 27.67,
            "book_valuer_per_share_4q_avg": 25.59,
            "equity": 1692167,
            "current_ratio": 120.09,
            "debt_ratio": 66.34,
            "inventory_turnover_ratio": 3.1,
            "account_receivable_turnover_ratio": 1.02,
            "reinvestment_rate": 36.55,
            "research_to_sale_ratio": null,
            "price_fair": 136.42,
            "eps_avg_yearly": 3.9,
            "eps_latest_yearly": 7.6,
            "eps_growth_yearly": 355.32
        },
        "20191": {
            "year_quarter": 20191,
            "year": 2019,
            "quarter": 1,
            "eps": 0.39,
            "eps_growth_year": null,
            "eps_4q": 5.71,
            "eps_4q_growth_year": 815.54,
            "roe": 1.38,
            "roe_4q": 22.09,
            "gross_profit": 272172,
            "gross_margin": 12.32,
            "gross_margin_4q_avg": 13.34,
            "net_income": 23926,
            "net_income_4q": null,
            "revenue": 2209965,
            "revenue_4q": null,
            "common_shares": 615790,
            "book_valuer_per_share": 29.07,
            "book_valuer_per_share_4q_avg": 26.67,
            "equity": 1776749,
            "current_ratio": 121.1,
            "debt_ratio": 65.57,
            "inventory_turnover_ratio": 3.21,
            "account_receivable_turnover_ratio": 1.11,
            "reinvestment_rate": -49.03,
            "research_to_sale_ratio": null,
            "price_fair": 128.18,
            "eps_avg_yearly": 3.66,
            "eps_latest_yearly": 1.56,
            "eps_growth_yearly": 315.18
        },
        "20192": {
            "year_quarter": 20192,
            "year": 2019,
            "quarter": 2,
            "eps": 1.59,
            "eps_growth_year": null,
            "eps_4q": 7.43,
            "eps_4q_growth_year": 523.14,
            "roe": 5.48,
            "roe_4q": 28.08,
            "gross_profit": 381316,
            "gross_margin": 15.37,
            "gross_margin_4q_avg": 14.57,
            "net_income": 96953,
            "net_income_4q": null,
            "revenue": 2480614,
            "revenue_4q": null,
            "common_shares": 615190,
            "book_valuer_per_share": 28.84,
            "book_valuer_per_share_4q_avg": 27.97,
            "equity": 1761349,
            "current_ratio": 123.85,
            "debt_ratio": 68.35,
            "inventory_turnover_ratio": 2.8,
            "account_receivable_turnover_ratio": 1.31,
            "reinvestment_rate": -52.88,
            "research_to_sale_ratio": null,
            "price_fair": 150.11,
            "eps_avg_yearly": 4.29,
            "eps_latest_yearly": 6.36,
            "eps_growth_yearly": 487.68
        },
        "20193": {
            "year_quarter": 20193,
            "year": 2019,
            "quarter": 3,
            "eps": 3.56,
            "eps_growth_year": 0.56,
            "eps_4q": 7.45,
            "eps_4q_growth_year": 97.55,
            "roe": 11.78,
            "roe_4q": 25.679999999999996,
            "gross_profit": 544346,
            "gross_margin": 15.6,
            "gross_margin_4q_avg": 14.68,
            "net_income": 217528,
            "net_income_4q": null,
            "revenue": 3489052,
            "revenue_4q": null,
            "common_shares": 615040,
            "book_valuer_per_share": 31.66,
            "book_valuer_per_share_4q_avg": 29.31,
            "equity": 1932651,
            "current_ratio": 123.29,
            "debt_ratio": 70.04,
            "inventory_turnover_ratio": 3.45,
            "account_receivable_turnover_ratio": 1.62,
            "reinvestment_rate": -57.06,
            "research_to_sale_ratio": null,
            "price_fair": 171.42,
            "eps_avg_yearly": 4.9,
            "eps_latest_yearly": 14.24,
            "eps_growth_yearly": 46.45
        },
        "20194": {
            "year_quarter": 20194,
            "year": 2019,
            "quarter": 4,
            "eps": -0.5,
            "eps_growth_year": -126.06,
            "eps_4q": 5.05,
            "eps_4q_growth_year": 24.61,
            "roe": -1.59,
            "roe_4q": 17.05,
            "gross_profit": 292617,
            "gross_margin": 12.45,
            "gross_margin_4q_avg": 13.94,
            "net_income": -30252,
            "net_income_4q": null,
            "revenue": 2350743,
            "revenue_4q": null,
            "common_shares": 615040,
            "book_valuer_per_share": 30.67,
            "book_valuer_per_share_4q_avg": 30.06,
            "equity": 1872415,
            "current_ratio": 127.57,
            "debt_ratio": 64.71,
            "inventory_turnover_ratio": 2.74,
            "account_receivable_turnover_ratio": 1.14,
            "reinvestment_rate": -59.4,
            "research_to_sale_ratio": null,
            "price_fair": 176.58,
            "eps_avg_yearly": 5.05,
            "eps_latest_yearly": 14.24,
            "eps_growth_yearly": 81.02
        },
        "20201": {
            "year_quarter": 20201,
            "year": 2020,
            "quarter": 1,
            "eps": -4.28,
            "eps_growth_year": -1197.44,
            "eps_4q": 0.38,
            "eps_4q_growth_year": -93.42,
            "roe": -15.16,
            "roe_4q": 0.5099999999999998,
            "gross_profit": 17312,
            "gross_margin": 1.49,
            "gross_margin_4q_avg": 11.23,
            "net_income": -261288,
            "net_income_4q": null,
            "revenue": 1158099,
            "revenue_4q": null,
            "common_shares": 614580,
            "book_valuer_per_share": 25.8,
            "book_valuer_per_share_4q_avg": 29.24,
            "equity": 1574174,
            "current_ratio": 118.64,
            "debt_ratio": 68.25,
            "inventory_turnover_ratio": 1.39,
            "account_receivable_turnover_ratio": 0.87,
            "reinvestment_rate": -84.44,
            "research_to_sale_ratio": null,
            "price_fair": 197.4,
            "eps_avg_yearly": 5.64,
            "eps_latest_yearly": 14.24,
            "eps_growth_yearly": 136.22
        },
        "20202": {
            "year_quarter": 20202,
            "year": 2020,
            "quarter": 2,
            "eps": -1.48,
            "eps_growth_year": -193.08,
            "eps_4q": -2.69,
            "eps_4q_growth_year": -136.26,
            "roe": -5.96,
            "roe_4q": -10.930000000000001,
            "gross_profit": 134128,
            "gross_margin": 7.07,
            "gross_margin_4q_avg": 9.15,
            "net_income": -90380,
            "net_income_4q": null,
            "revenue": 1896250,
            "revenue_4q": null,
            "common_shares": 614550,
            "book_valuer_per_share": 23.87,
            "book_valuer_per_share_4q_avg": 28,
            "equity": 1456328,
            "current_ratio": 112.55,
            "debt_ratio": 72.86,
            "inventory_turnover_ratio": 1.82,
            "account_receivable_turnover_ratio": 1.66,
            "reinvestment_rate": -67.94,
            "research_to_sale_ratio": null,
            "price_fair": 197.4,
            "eps_avg_yearly": 5.64,
            "eps_latest_yearly": 14.24,
            "eps_growth_yearly": 136.22
        },
        "20203": {
            "year_quarter": 20203,
            "year": 2020,
            "quarter": 3,
            "eps": -0.51,
            "eps_growth_year": -114.33,
            "eps_4q": -6.77,
            "eps_4q_growth_year": -190.87,
            "roe": -2.12,
            "roe_4q": -24.830000000000002,
            "gross_profit": 254940,
            "gross_margin": 7.83,
            "gross_margin_4q_avg": 7.21,
            "net_income": -30908,
            "net_income_4q": null,
            "revenue": 3255473,
            "revenue_4q": null,
            "common_shares": 614550,
            "book_valuer_per_share": 24.03,
            "book_valuer_per_share_4q_avg": 26.09,
            "equity": 1465818,
            "current_ratio": 109.44,
            "debt_ratio": 79.1,
            "inventory_turnover_ratio": 2.6,
            "account_receivable_turnover_ratio": 1.92,
            "reinvestment_rate": -32.91,
            "research_to_sale_ratio": null,
            "price_fair": 197.4,
            "eps_avg_yearly": 5.64,
            "eps_latest_yearly": 14.24,
            "eps_growth_yearly": 136.22
        },
        "20204": {
            "year_quarter": 20204,
            "year": 2020,
            "quarter": 4,
            "eps": -4.82,
            "eps_growth_year": null,
            "eps_4q": -11.09,
            "eps_4q_growth_year": -319.66,
            "roe": -22.19,
            "roe_4q": -45.43000000000001,
            "gross_profit": 109843,
            "gross_margin": 4.17,
            "gross_margin_4q_avg": 5.14,
            "net_income": -293780,
            "net_income_4q": null,
            "revenue": 2631433,
            "revenue_4q": null,
            "common_shares": 614550,
            "book_valuer_per_share": 19.37,
            "book_valuer_per_share_4q_avg": 23.27,
            "equity": 1181781,
            "current_ratio": 100.41,
            "debt_ratio": 81.54,
            "inventory_turnover_ratio": 1.95,
            "account_receivable_turnover_ratio": 1.3,
            "reinvestment_rate": 1062.31,
            "research_to_sale_ratio": null,
            "price_fair": 214.9,
            "eps_avg_yearly": 6.14,
            "eps_latest_yearly": 14.24,
            "eps_growth_yearly": 197.02
        },
        "20211": {
            "year_quarter": 20211,
            "year": 2021,
            "quarter": 1,
            "eps": -2.38,
            "eps_growth_year": null,
            "eps_4q": -9.19,
            "eps_4q_growth_year": -2543.09,
            "roe": -13,
            "roe_4q": -43.269999999999996,
            "gross_profit": 103348,
            "gross_margin": 5.42,
            "gross_margin_4q_avg": 6.12,
            "net_income": -145033,
            "net_income_4q": null,
            "revenue": 1908528,
            "revenue_4q": null,
            "common_shares": 614180,
            "book_valuer_per_share": 17.21,
            "book_valuer_per_share_4q_avg": 21.12,
            "equity": 1048951,
            "current_ratio": 108.4,
            "debt_ratio": 82.29,
            "inventory_turnover_ratio": 1.75,
            "account_receivable_turnover_ratio": 1.12,
            "reinvestment_rate": null,
            "research_to_sale_ratio": null,
            "price_fair": 253.68,
            "eps_avg_yearly": 7.25,
            "eps_latest_yearly": 14.24,
            "eps_growth_yearly": 298.24
        },
        "20212": {
            "year_quarter": 20212,
            "year": 2021,
            "quarter": 2,
            "eps": 0.57,
            "eps_growth_year": null,
            "eps_4q": -7.14,
            "eps_4q_growth_year": null,
            "roe": 3.28,
            "roe_4q": -34.03,
            "gross_profit": 278271,
            "gross_margin": 11.11,
            "gross_margin_4q_avg": 7.13,
            "net_income": 34668,
            "net_income_4q": null,
            "revenue": 2504681,
            "revenue_4q": null,
            "common_shares": 614180,
            "book_valuer_per_share": 17.47,
            "book_valuer_per_share_4q_avg": 19.52,
            "equity": 1064926,
            "current_ratio": 101.14,
            "debt_ratio": 82.19,
            "inventory_turnover_ratio": 2.32,
            "account_receivable_turnover_ratio": 1.55,
            "reinvestment_rate": null,
            "research_to_sale_ratio": null,
            "price_fair": 253.68,
            "eps_avg_yearly": 7.25,
            "eps_latest_yearly": 14.24,
            "eps_growth_yearly": 298.24
        },
        "20213": {
            "year_quarter": 20213,
            "year": 2021,
            "quarter": 3,
            "eps": 1.95,
            "eps_growth_year": null,
            "eps_4q": -4.68,
            "eps_4q_growth_year": null,
            "roe": 10.62,
            "roe_4q": -21.290000000000003,
            "gross_profit": 253505,
            "gross_margin": 9.13,
            "gross_margin_4q_avg": 7.46,
            "net_income": 118883,
            "net_income_4q": null,
            "revenue": 2775992,
            "revenue_4q": null,
            "common_shares": 614180,
            "book_valuer_per_share": 19.24,
            "book_valuer_per_share_4q_avg": 18.32,
            "equity": 1172986,
            "current_ratio": 101.36,
            "debt_ratio": 82.12,
            "inventory_turnover_ratio": 2.34,
            "account_receivable_turnover_ratio": 1.35,
            "reinvestment_rate": null,
            "research_to_sale_ratio": null,
            "price_fair": 256.9,
            "eps_avg_yearly": 7.34,
            "eps_latest_yearly": 7.8,
            "eps_growth_yearly": 409.94
        },
        "20214": {
            "year_quarter": 20214,
            "year": 2021,
            "quarter": 4,
            "eps": 5.89,
            "eps_growth_year": null,
            "eps_4q": 6.03,
            "eps_4q_growth_year": null,
            "roe": 25.32,
            "roe_4q": 26.22,
            "gross_profit": 131136,
            "gross_margin": 5.9,
            "gross_margin_4q_avg": 7.89,
            "net_income": 358968,
            "net_income_4q": null,
            "revenue": 2223110,
            "revenue_4q": null,
            "common_shares": 614060,
            "book_valuer_per_share": 27.27,
            "book_valuer_per_share_4q_avg": 20.3,
            "equity": 1662347,
            "current_ratio": 117.74,
            "debt_ratio": 73.77,
            "inventory_turnover_ratio": 1.79,
            "account_receivable_turnover_ratio": 1.03,
            "reinvestment_rate": 53.6,
            "research_to_sale_ratio": null,
            "price_fair": 356.53,
            "eps_avg_yearly": 10.19,
            "eps_latest_yearly": 23.56,
            "eps_growth_yearly": 499.96
        },
        "20221": {
            "year_quarter": 20221,
            "year": 2022,
            "quarter": 1,
            "eps": 0.01,
            "eps_growth_year": null,
            "eps_4q": 8.42,
            "eps_4q_growth_year": null,
            "roe": 0.03,
            "roe_4q": 39.25,
            "gross_profit": 203090,
            "gross_margin": 7.88,
            "gross_margin_4q_avg": 8.51,
            "net_income": 524,
            "net_income_4q": null,
            "revenue": 2577241,
            "revenue_4q": null,
            "common_shares": 614060,
            "book_valuer_per_share": 27.64,
            "book_valuer_per_share_4q_avg": 22.91,
            "equity": 1684941,
            "current_ratio": 116.39,
            "debt_ratio": 74.24,
            "inventory_turnover_ratio": 1.59,
            "account_receivable_turnover_ratio": 1.35,
            "reinvestment_rate": 62.76,
            "research_to_sale_ratio": null,
            "price_fair": 305.8,
            "eps_avg_yearly": 8.74,
            "eps_latest_yearly": 0.04,
            "eps_growth_yearly": 371.5
        },
        "20222": {
            "year_quarter": 20222,
            "year": 2022,
            "quarter": 2,
            "eps": 0.98,
            "eps_growth_year": 71.93,
            "eps_4q": 8.83,
            "eps_4q_growth_year": null,
            "roe": 3.44,
            "roe_4q": 39.41,
            "gross_profit": 285642,
            "gross_margin": 8.6,
            "gross_margin_4q_avg": 7.88,
            "net_income": 59736,
            "net_income_4q": null,
            "revenue": 3322906,
            "revenue_4q": null,
            "common_shares": 614060,
            "book_valuer_per_share": 29.4,
            "book_valuer_per_share_4q_avg": 25.89,
            "equity": 1792262,
            "current_ratio": 118.75,
            "debt_ratio": 71.68,
            "inventory_turnover_ratio": 1.76,
            "account_receivable_turnover_ratio": 1.76,
            "reinvestment_rate": 56.8,
            "research_to_sale_ratio": null,
            "price_fair": 284.73,
            "eps_avg_yearly": 8.14,
            "eps_latest_yearly": 3.92,
            "eps_growth_yearly": 5175.06
        },
        "20223": {
            "year_quarter": 20223,
            "year": 2022,
            "quarter": 3,
            "eps": 4.1,
            "eps_growth_year": 110.26,
            "eps_4q": 10.82,
            "eps_4q_growth_year": null,
            "roe": 12.54,
            "roe_4q": 41.33,
            "gross_profit": 569469,
            "gross_margin": 13.6,
            "gross_margin_4q_avg": 9,
            "net_income": 250054,
            "net_income_4q": null,
            "revenue": 4188594,
            "revenue_4q": null,
            "common_shares": 623360,
            "book_valuer_per_share": 35.51,
            "book_valuer_per_share_4q_avg": 29.96,
            "equity": 2197390,
            "current_ratio": 126.72,
            "debt_ratio": 67.43,
            "inventory_turnover_ratio": 2.33,
            "account_receivable_turnover_ratio": 1.84,
            "reinvestment_rate": 66.28,
            "research_to_sale_ratio": null,
            "price_fair": 316.87,
            "eps_avg_yearly": 9.05,
            "eps_latest_yearly": 16.4,
            "eps_growth_yearly": 4741.55
        },
        "20224": {
            "year_quarter": 20224,
            "year": 2022,
            "quarter": 4,
            "eps": 0.95,
            "eps_growth_year": -83.89,
            "eps_4q": 5.9,
            "eps_4q_growth_year": -2.15,
            "roe": 2.68,
            "roe_4q": 18.69,
            "gross_profit": 424635,
            "gross_margin": 15.6,
            "gross_margin_4q_avg": 11.42,
            "net_income": 59481,
            "net_income_4q": null,
            "revenue": 2721641,
            "revenue_4q": null,
            "common_shares": 631390,
            "book_valuer_per_share": 35.84,
            "book_valuer_per_share_4q_avg": 32.1,
            "equity": 2246841,
            "current_ratio": 146.38,
            "debt_ratio": 60.85,
            "inventory_turnover_ratio": 1.87,
            "account_receivable_turnover_ratio": 1.23,
            "reinvestment_rate": 60.16,
            "research_to_sale_ratio": null,
            "price_fair": 302.09,
            "eps_avg_yearly": 8.63,
            "eps_latest_yearly": 3.8,
            "eps_growth_yearly": 4727.99
        },
        "20231": {
            "year_quarter": 20231,
            "year": 2023,
            "quarter": 1,
            "eps": 1.08,
            "eps_growth_year": 10700,
            "eps_4q": 6.83,
            "eps_4q_growth_year": -18.84,
            "roe": 3.11,
            "roe_4q": 21.77,
            "gross_profit": 279822,
            "gross_margin": 13.87,
            "gross_margin_4q_avg": 12.92,
            "net_income": 68236,
            "net_income_4q": null,
            "revenue": 2017738,
            "revenue_4q": null,
            "common_shares": 644940,
            "book_valuer_per_share": 33.36,
            "book_valuer_per_share_4q_avg": 33.53,
            "equity": 2136575,
            "current_ratio": 150.87,
            "debt_ratio": 58.87,
            "inventory_turnover_ratio": 1.56,
            "account_receivable_turnover_ratio": 1.3,
            "reinvestment_rate": 47.95,
            "research_to_sale_ratio": null,
            "price_fair": 312.82,
            "eps_avg_yearly": 8.94,
            "eps_latest_yearly": 4.32,
            "eps_growth_yearly": 4769.4
        },
        "20232": {
            "year_quarter": 20232,
            "year": 2023,
            "quarter": 2,
            "eps": 2.04,
            "eps_growth_year": 108.16,
            "eps_4q": 7.71,
            "eps_4q_growth_year": -12.65,
            "roe": 5.86,
            "roe_4q": 24.189999999999998,
            "gross_profit": 399017,
            "gross_margin": 15.76,
            "gross_margin_4q_avg": 14.71,
            "net_income": 132006,
            "net_income_4q": null,
            "revenue": 2531281,
            "revenue_4q": null,
            "common_shares": 665568,
            "book_valuer_per_share": 35.83,
            "book_valuer_per_share_4q_avg": 35.14,
            "equity": 2368740,
            "current_ratio": 158.23,
            "debt_ratio": 56.39,
            "inventory_turnover_ratio": 2.02,
            "account_receivable_turnover_ratio": 1.76,
            "reinvestment_rate": 47.03,
            "research_to_sale_ratio": null,
            "price_fair": 319.82,
            "eps_avg_yearly": 9.14,
            "eps_latest_yearly": 8.16,
            "eps_growth_yearly": 4672.15
        },
        "20233": {
            "year_quarter": 20233,
            "year": 2023,
            "quarter": 3,
            "eps": 3.27,
            "eps_growth_year": -20.24,
            "eps_4q": 6.88,
            "eps_4q_growth_year": -36.37,
            "roe": 8.56,
            "roe_4q": 20.21,
            "gross_profit": 551058,
            "gross_margin": 15.39,
            "gross_margin_4q_avg": 15.16,
            "net_income": 220973,
            "net_income_4q": null,
            "revenue": 3580458,
            "revenue_4q": null,
            "common_shares": 703033,
            "book_valuer_per_share": 40,
            "book_valuer_per_share_4q_avg": 36.26,
            "equity": 2794116,
            "current_ratio": 151.38,
            "debt_ratio": 58.35,
            "inventory_turnover_ratio": 2.95,
            "account_receivable_turnover_ratio": 1.9,
            "reinvestment_rate": 41.52,
            "research_to_sale_ratio": null,
            "price_fair": 315.31,
            "eps_avg_yearly": 9.01,
            "eps_latest_yearly": 13.08,
            "eps_growth_yearly": 4643.88
        },
        "20234": {
            "year_quarter": 20234,
            "year": 2023,
            "quarter": 4,
            "eps": 1.57,
            "eps_growth_year": 65.83,
            "eps_4q": 7.49,
            "eps_4q_growth_year": 26.9,
            "roe": 3.97,
            "roe_4q": 21.5,
            "gross_profit": 423353,
            "gross_margin": 16.86,
            "gross_margin_4q_avg": 15.47,
            "net_income": 112095,
            "net_income_4q": null,
            "revenue": 2511043,
            "revenue_4q": null,
            "common_shares": 716934,
            "book_valuer_per_share": 39.95,
            "book_valuer_per_share_4q_avg": 37.29,
            "equity": 2846063,
            "current_ratio": 158.88,
            "debt_ratio": 52.62,
            "inventory_turnover_ratio": 2.11,
            "account_receivable_turnover_ratio": 1.39,
            "reinvestment_rate": 15.82,
            "research_to_sale_ratio": null,
            "price_fair": 305.76,
            "eps_avg_yearly": 8.74,
            "eps_latest_yearly": 6.28,
            "eps_growth_yearly": 4158.7
        }
    },
    "months": {
        "2012-11": {
            "month": "2012-11",
            "price": "64.30",
            "revenue": 314063
        },
        "2012-12": {
            "month": "2012-12",
            "price": "64.72",
            "revenue": 296747
        },
        "2013-01": {
            "month": "2013-01",
            "price": "63.47",
            "revenue": 400614
        },
        "2013-02": {
            "month": "2013-02",
            "price": "63.20",
            "revenue": 290934
        },
        "2013-03": {
            "month": "2013-03",
            "price": "62.00",
            "revenue": 463348
        },
        "2013-04": {
            "month": "2013-04",
            "price": "62.48",
            "revenue": 552101
        },
        "2013-05": {
            "month": "2013-05",
            "price": "73.52",
            "revenue": 520124
        },
        "2013-06": {
            "month": "2013-06",
            "price": "81.13",
            "revenue": 400478
        },
        "2013-07": {
            "month": "2013-07",
            "price": "75.79",
            "revenue": 471824
        },
        "2013-08": {
            "month": "2013-08",
            "price": "75.27",
            "revenue": 550760
        },
        "2013-09": {
            "month": "2013-09",
            "price": "75.04",
            "revenue": 534763
        },
        "2013-10": {
            "month": "2013-10",
            "price": "71.10",
            "revenue": 433077
        },
        "2013-11": {
            "month": "2013-11",
            "price": "72.57",
            "revenue": 286727
        },
        "2013-12": {
            "month": "2013-12",
            "price": "80.65",
            "revenue": 314627
        },
        "2014-01": {
            "month": "2014-01",
            "price": "83.06",
            "revenue": 325289
        },
        "2014-02": {
            "month": "2014-02",
            "price": "86.15",
            "revenue": 296439
        },
        "2014-03": {
            "month": "2014-03",
            "price": "84.09",
            "revenue": 449115
        },
        "2014-04": {
            "month": "2014-04",
            "price": "79.53",
            "revenue": 582425
        },
        "2014-05": {
            "month": "2014-05",
            "price": "72.83",
            "revenue": 478562
        },
        "2014-06": {
            "month": "2014-06",
            "price": "64.28",
            "revenue": 359357
        },
        "2014-07": {
            "month": "2014-07",
            "price": "52.90",
            "revenue": 538893
        },
        "2014-08": {
            "month": "2014-08",
            "price": "48.73",
            "revenue": 538932
        },
        "2014-09": {
            "month": "2014-09",
            "price": "47.53",
            "revenue": 650315
        },
        "2014-10": {
            "month": "2014-10",
            "price": "53.47",
            "revenue": 533496
        },
        "2014-11": {
            "month": "2014-11",
            "price": "53.65",
            "revenue": 420214
        },
        "2014-12": {
            "month": "2014-12",
            "price": "54.13",
            "revenue": 512310
        },
        "2015-01": {
            "month": "2015-01",
            "price": "59.52",
            "revenue": 718939
        },
        "2015-02": {
            "month": "2015-02",
            "price": "66.64",
            "revenue": 586849
        },
        "2015-03": {
            "month": "2015-03",
            "price": "71.02",
            "revenue": 760254
        },
        "2015-04": {
            "month": "2015-04",
            "price": "73.66",
            "revenue": 697768
        },
        "2015-05": {
            "month": "2015-05",
            "price": "68.50",
            "revenue": 600342
        },
        "2015-06": {
            "month": "2015-06",
            "price": "53.33",
            "revenue": 520768
        },
        "2015-07": {
            "month": "2015-07",
            "price": "48.86",
            "revenue": 597539
        },
        "2015-08": {
            "month": "2015-08",
            "price": "37.96",
            "revenue": 715777
        },
        "2015-09": {
            "month": "2015-09",
            "price": "37.47",
            "revenue": 1065376
        },
        "2015-10": {
            "month": "2015-10",
            "price": "47.52",
            "revenue": 873717
        },
        "2015-11": {
            "month": "2015-11",
            "price": "54.29",
            "revenue": 534005
        },
        "2015-12": {
            "month": "2015-12",
            "price": "50.06",
            "revenue": 495140
        },
        "2016-01": {
            "month": "2016-01",
            "price": "42.45",
            "revenue": 525314
        },
        "2016-02": {
            "month": "2016-02",
            "price": "45.35",
            "revenue": 362769
        },
        "2016-03": {
            "month": "2016-03",
            "price": "45.42",
            "revenue": 539774
        },
        "2016-04": {
            "month": "2016-04",
            "price": "42.48",
            "revenue": 424017
        },
        "2016-05": {
            "month": "2016-05",
            "price": "40.50",
            "revenue": 417708
        },
        "2016-06": {
            "month": "2016-06",
            "price": "37.07",
            "revenue": 370035
        },
        "2016-07": {
            "month": "2016-07",
            "price": "36.13",
            "revenue": 502605
        },
        "2016-08": {
            "month": "2016-08",
            "price": "32.84",
            "revenue": 751317
        },
        "2016-09": {
            "month": "2016-09",
            "price": "35.41",
            "revenue": 844345
        },
        "2016-10": {
            "month": "2016-10",
            "price": "33.42",
            "revenue": 701393
        },
        "2016-11": {
            "month": "2016-11",
            "price": "32.32",
            "revenue": 527636
        },
        "2016-12": {
            "month": "2016-12",
            "price": "31.90",
            "revenue": 502130
        },
        "2017-01": {
            "month": "2017-01",
            "price": "31.51",
            "revenue": 449384
        },
        "2017-02": {
            "month": "2017-02",
            "price": "32.09",
            "revenue": 404525
        },
        "2017-03": {
            "month": "2017-03",
            "price": "32.88",
            "revenue": 659241
        },
        "2017-04": {
            "month": "2017-04",
            "price": "32.47",
            "revenue": 579841
        },
        "2017-05": {
            "month": "2017-05",
            "price": "31.34",
            "revenue": 569493
        },
        "2017-06": {
            "month": "2017-06",
            "price": "30.03",
            "revenue": 562072
        },
        "2017-07": {
            "month": "2017-07",
            "price": "29.33",
            "revenue": 573780
        },
        "2017-08": {
            "month": "2017-08",
            "price": "28.61",
            "revenue": 866146
        },
        "2017-09": {
            "month": "2017-09",
            "price": "29.47",
            "revenue": 873762
        },
        "2017-10": {
            "month": "2017-10",
            "price": "30.16",
            "revenue": 875373
        },
        "2017-11": {
            "month": "2017-11",
            "price": "29.79",
            "revenue": 684637
        },
        "2017-12": {
            "month": "2017-12",
            "price": "28.69",
            "revenue": 596019
        },
        "2018-01": {
            "month": "2018-01",
            "price": "28.40",
            "revenue": 620027
        },
        "2018-02": {
            "month": "2018-02",
            "price": "27.24",
            "revenue": 436424
        },
        "2018-03": {
            "month": "2018-03",
            "price": "27.95",
            "revenue": 726804
        },
        "2018-04": {
            "month": "2018-04",
            "price": "27.41",
            "revenue": 775607
        },
        "2018-05": {
            "month": "2018-05",
            "price": "22.74",
            "revenue": 744999
        },
        "2018-06": {
            "month": "2018-06",
            "price": "21.54",
            "revenue": 654288
        },
        "2018-07": {
            "month": "2018-07",
            "price": "21.48",
            "revenue": 863400
        },
        "2018-08": {
            "month": "2018-08",
            "price": "22.60",
            "revenue": 979721
        },
        "2018-09": {
            "month": "2018-09",
            "price": "23.48",
            "revenue": 1052964
        },
        "2018-10": {
            "month": "2018-10",
            "price": "23.61",
            "revenue": 994658
        },
        "2018-11": {
            "month": "2018-11",
            "price": "26.04",
            "revenue": 682199
        },
        "2018-12": {
            "month": "2018-12",
            "price": "26.44",
            "revenue": 682664
        },
        "2019-01": {
            "month": "2019-01",
            "price": "26.76",
            "revenue": 673614
        },
        "2019-02": {
            "month": "2019-02",
            "price": "30.15",
            "revenue": 610490
        },
        "2019-03": {
            "month": "2019-03",
            "price": "33.48",
            "revenue": 925863
        },
        "2019-04": {
            "month": "2019-04",
            "price": "41.06",
            "revenue": 855767
        },
        "2019-05": {
            "month": "2019-05",
            "price": "34.52",
            "revenue": 819517
        },
        "2019-06": {
            "month": "2019-06",
            "price": "33.65",
            "revenue": 805328
        },
        "2019-07": {
            "month": "2019-07",
            "price": "40.07",
            "revenue": 924787
        },
        "2019-08": {
            "month": "2019-08",
            "price": "43.21",
            "revenue": 1214444
        },
        "2019-09": {
            "month": "2019-09",
            "price": "55.50",
            "revenue": 1349821
        },
        "2019-10": {
            "month": "2019-10",
            "price": "58.67",
            "revenue": 995256
        },
        "2019-11": {
            "month": "2019-11",
            "price": "59.39",
            "revenue": 773906
        },
        "2019-12": {
            "month": "2019-12",
            "price": "56.10",
            "revenue": 581581
        },
        "2020-01": {
            "month": "2020-01",
            "price": "51.44",
            "revenue": 428415
        },
        "2020-02": {
            "month": "2020-02",
            "price": "45.74",
            "revenue": 104551
        },
        "2020-03": {
            "month": "2020-03",
            "price": "25.76",
            "revenue": 625133
        },
        "2020-04": {
            "month": "2020-04",
            "price": "25.63",
            "revenue": 731866
        },
        "2020-05": {
            "month": "2020-05",
            "price": "25.47",
            "revenue": 536607
        },
        "2020-06": {
            "month": "2020-06",
            "price": "25.53",
            "revenue": 627777
        },
        "2020-07": {
            "month": "2020-07",
            "price": "25.16",
            "revenue": 900452
        },
        "2020-08": {
            "month": "2020-08",
            "price": "24.05",
            "revenue": 1129973
        },
        "2020-09": {
            "month": "2020-09",
            "price": "24.19",
            "revenue": 1225048
        },
        "2020-10": {
            "month": "2020-10",
            "price": "29.76",
            "revenue": 894236
        },
        "2020-11": {
            "month": "2020-11",
            "price": "28.56",
            "revenue": 905030
        },
        "2020-12": {
            "month": "2020-12",
            "price": "27.44",
            "revenue": 832167
        },
        "2021-01": {
            "month": "2021-01",
            "price": "26.32",
            "revenue": 752888
        },
        "2021-02": {
            "month": "2021-02",
            "price": "25.32",
            "revenue": 396117
        },
        "2021-03": {
            "month": "2021-03",
            "price": "24.35",
            "revenue": 759523
        },
        "2021-04": {
            "month": "2021-04",
            "price": "22.21",
            "revenue": 928770
        },
        "2021-05": {
            "month": "2021-05",
            "price": "19.36",
            "revenue": 792872
        },
        "2021-06": {
            "month": "2021-06",
            "price": "20.98",
            "revenue": 783039
        },
        "2021-07": {
            "month": "2021-07",
            "price": "20.46",
            "revenue": 853476
        },
        "2021-08": {
            "month": "2021-08",
            "price": "20.19",
            "revenue": 988500
        },
        "2021-09": {
            "month": "2021-09",
            "price": "19.80",
            "revenue": 934016
        },
        "2021-10": {
            "month": "2021-10",
            "price": "18.78",
            "revenue": 706898
        },
        "2021-11": {
            "month": "2021-11",
            "price": "20.76",
            "revenue": 711791
        },
        "2021-12": {
            "month": "2021-12",
            "price": "21.64",
            "revenue": 804421
        },
        "2022-01": {
            "month": "2022-01",
            "price": "21.18",
            "revenue": 791790
        },
        "2022-02": {
            "month": "2022-02",
            "price": "20.63",
            "revenue": 815369
        },
        "2022-03": {
            "month": "2022-03",
            "price": "23.80",
            "revenue": 970082
        },
        "2022-04": {
            "month": "2022-04",
            "price": "23.13",
            "revenue": 1191203
        },
        "2022-05": {
            "month": "2022-05",
            "price": "23.43",
            "revenue": 1037221
        },
        "2022-06": {
            "month": "2022-06",
            "price": "21.92",
            "revenue": 1094482
        },
        "2022-07": {
            "month": "2022-07",
            "price": "20.90",
            "revenue": 1363484
        },
        "2022-08": {
            "month": "2022-08",
            "price": "23.83",
            "revenue": 1403828
        },
        "2022-09": {
            "month": "2022-09",
            "price": "29.89",
            "revenue": 1421282
        },
        "2022-10": {
            "month": "2022-10",
            "price": "33.02",
            "revenue": 994931
        },
        "2022-11": {
            "month": "2022-11",
            "price": "38.73",
            "revenue": 966911
        },
        "2022-12": {
            "month": "2022-12",
            "price": "37.37",
            "revenue": 759799
        },
        "2023-01": {
            "month": "2023-01",
            "price": "33.93",
            "revenue": 549070
        },
        "2023-02": {
            "month": "2023-02",
            "price": "35.66",
            "revenue": 605954
        },
        "2023-03": {
            "month": "2023-03",
            "price": "41.22",
            "revenue": 862714
        },
        "2023-04": {
            "month": "2023-04",
            "price": "37.90",
            "revenue": 866562
        },
        "2023-05": {
            "month": "2023-05",
            "price": "44.88",
            "revenue": 916595
        },
        "2023-06": {
            "month": "2023-06",
            "price": "45.70",
            "revenue": 748124
        },
        "2023-07": {
            "month": "2023-07",
            "price": "44.35",
            "revenue": 817348
        },
        "2023-08": {
            "month": "2023-08",
            "price": "45.80",
            "revenue": 1330661
        },
        "2023-09": {
            "month": "2023-09",
            "price": "54.48",
            "revenue": 1432449
        },
        "2023-10": {
            "month": "2023-10",
            "price": "62.34",
            "revenue": 940649
        },
        "2023-11": {
            "month": "2023-11",
            "price": "61.83",
            "revenue": 820158
        },
        "2023-12": {
            "month": "2023-12",
            "price": "61.28",
            "revenue": 750236
        }
    }
}
